2480 3508
1280 218 1370 278 18
1473 218 2086 288 Erſter Titel. Erſter Abſchnitt.
1273 304 2292 389 Criminal⸗Gericht erkannt; ſo iſt das Erkenntniß
1273 370 2296 456 nichtig, und es muß von dem kompetenten Rich⸗
1271 430 2292 528 ter der zweiten Inſtanz ein neues Erkenntniß
1271 495 1649 574 abgefaßt werden.
1045 633 1240 682 Beſchaffen⸗
1733 567 1883 635 §. 26.
1043 662 1261 723 heit der Ge⸗
1370 613 2290 711 Bei jedem Criminal⸗Gerichte muß ein ſiche⸗
1041 709 1210 779 faͤngniſſe.
1275 687 2290 777 res und der Geſundheit unſchaͤdliches Gefaͤngniß
1267 750 2290 838 vorhanden ſeyn, oder wenn die Einrichtung ei⸗
1267 812 2288 904 nes ſolchen Geſaͤngniſſes unverhaͤltnißmaͤßigen
1267 877 2288 964 Aufwand verurſachen würde, muß der Gerichts⸗
1265 937 2288 1034 herr für ein ſicheres Gefaͤngniß in der Naͤhe
1263 1005 1468 1087 ſorgen.
1368 1060 2286 1157 Alle Gutsbeſitzer, Aemter und kleine Staͤdte,
1263 1132 2286 1223 welchen es an ſicheren Gefaͤngniſſen fehlt, muſ⸗
1263 1192 2283 1290 ſen angehalten werden, ſich zu Kreis⸗Gefaͤng⸗
1263 1257 1694 1334 niſſen zu verbinden.
1366 1319 2281 1414 Das Bewachen der Gefangenen außerhalb
1257 1385 2279 1477 eines gehoͤrigen Gefaͤngniſſes in den Schulzen⸗
1257 1448 2279 1533 wohnungen, Kruͤgen oder ſonſt, ſoll nach Ablauf
1255 1520 2279 1601 von zwei Jahren nach Publication dieſer Crimi⸗
1251 1582 2277 1670 nal⸗Gerichts⸗Ordnung nicht weiter ſtatt ſinden,
1251 1642 2275 1722 und diejenigen Gerichtsbarkeiten, welche binnen
1251 1697 2275 1796 dieſer Zeit für kein eignes, oder in ihrer Nähe
1249 1763 2273 1861 belegenes ſicheres Gefaͤngniß, es ſey durch eine
1251 1835 2271 1925 Verbindung zu Kreis⸗Gefaͤngniſſen, oder einen
1251 1892 2269 1989 Vertrag mit einer benachbarten Jurisdiction, ge⸗
1249 1954 2269 2050 ſorgt haben, ſollen nicht nur verpflichtet ſeyn,
1249 2024 2269 2118 der Inquiſitoriats⸗Einrichtung beizutreten, ſon⸗
1251 2079 2263 2174 dern auch, weil es demohngeachtet noͤthig iſt,
1247 2143 2265 2264 daß der Berhaſtete waͤhrend der Erhebung des
