2480 3508
1304 198 1365 268 22
1488 190 2123 263 Erſter Titel. Zweiter Abſchnitt.
1300 415 2324 493 in der Regel bei allen Verhandlungen nothwen⸗
1403 348 2324 440 Die Gegenwart dieſer beiden Perſonen iſt
1743 302 1887 370 §. 35.
1298 477 2322 571 dig, bei welchen es auf die Aufnahme eines Pro⸗
1296 539 1676 633 tokolles ankoͤmmt.
1395 664 2320 762 Damit der erkennende Richter wiſſen moͤge,
1735 611 1885 691 §. 36.
1294 728 2322 830 ob das Gericht gehoͤrig beſetzt geweſen ſey, ſoll
1296 797 2320 888 allemal zu den Akten bemerkt werden, ob der
1296 861 2318 954 zugezogene Protokollfuͤhrer als ſolcher verei⸗
1294 921 1503 1015 digt ſey?
1055 1043 1286 1113 Erforderniſſe
1735 1001 1879 1075 §. 37.
1058 1090 1289 1169 des Inquiren⸗
1386 1044 2316 1143 Der unterſuchende Richter iſt fuͤr ſeine
1058 1138 1136 1208 ten.
1294 1106 2316 1208 Perſon gehoͤrig qualifizirt, wenn er zum Richter⸗
1292 1179 2316 1272 amte beſtellt, und entweder allein das Gericht
1290 1241 2310 1334 ausmacht, dem die Criminal⸗Gerichtsbarkeit zu⸗
1290 1299 2312 1397 ſtehet, oder Mitglied eines mit Criminal⸗Gerichts⸗
1288 1366 2314 1463 barkeit verſehenen Gerichts iſt, oder uͤberhaupt
1286 1430 2308 1529 nur zum Richteramte verpflichtet worden. In
1288 1494 2308 1594 den beiden letzteren Faͤllen muß ihm jedoch zur
1288 1555 2310 1656 Fuͤhrung der Unterſuchung von der Behoͤrde ein
1288 1619 1803 1697 Auftrag ertheilt werden.
1052 1746 1280 1802 Erforderniſſe
1719 1695 1881 1773 §. 38.
1050 1789 1277 1855 des Protokoll⸗
1372 1742 2306 1849 Zu Criminal⸗Aktuarien und Protokollfuͤh⸗
1052 1824 1197 1894 fuͤhrers.
1282 1814 2310 1904 rern ſollen der Rechte kundige Subjekte von ge⸗
1280 1878 2306 1974 ſetzten Jahren gewaͤhlt werden, nachdem ſie vor⸗
1282 1941 2302 2038 her von dem Landes⸗Juſtiz⸗Collegio gepruͤft und
1282 2001 2304 2100 verpflichtet worden. Es beduͤrfen jedoch diejeni⸗
1280 2065 2300 2165 gen, welche als Auskultatoren oder Referenda⸗
1282 2128 2298 2272 rien bei irgend einem Gericht innerhalb Landes
