2480 3508
522 265 1101 333 Von Criminal⸗Gerichten.
1314 265 1370 327 15
226 354 1384 448 ſchloſſenen Akten an das Obergericht zum Spruch
230 444 477 526 einſenden.
721 504 894 590 §. 17.
339 563 1380 664 Außerdem ſtehet dieſen Untergerichten frei,
226 647 1378 736 auf die Befugniß, das Erkenntniß abzufaſſen,
222 719 1403 808 in jedem einzelnen Falle Verzicht zu leiſten, und
222 783 1374 878 die Akten ſogleich nach dem Schluſſe der Unter⸗
222 853 1370 951 ſuchung an das Landes⸗Juſtiz⸗Collegium zum
220 933 1372 1015 Spruch einzuſenden, ſobald es auf eine haͤrtere
218 991 1374 1087 Strafe als vierwöͤchentliches Gefaͤngniß, oder
216 1064 1386 1161 funfzig Thaler Geldbuße, oder eine leichte Zuͤch⸗
216 1142 922 1235 tigung ankommt. (§. 513.)
711 1218 902 1299 §. 18.
327 1268 1368 1362 Auch ſtehet den, der Inquiſitoriats⸗Einrich⸗
216 1348 1366 1436 tung nicht beigetretenen, Untergerichten frei, dem
220 1420 1362 1516 Inquiſitoriate des Diſtrikts Unterſuchungen zu
216 1492 1360 1582 uͤberlaſſen, wenn die Sache auch nicht nach dem
216 1559 1362 1664 §. 94. von dem letztern oder dem Obergerichte
216 1640 674 1718 avocirt worden iſt.
705 1689 869 1792 §. 19.
323 1763 1364 1868 Iſt ein Untergericht der Inquiſitoriats⸗
210 1841 1360 1939 Einrichtung beigetreten, ſo bleibt demſelben nur
212 1913 1360 2009 in ſolchen Sachen, wobei eine Geldſtrafe bis
210 1985 1355 2071 funfzig Thaler, oder vierwoͤchentliches Gefaͤngniß,
210 2058 1356 2151 oder leichte köͤrperliche Züchtigung ſtatt ſindet,
212 2128 1358 2213 die Unterſuchung und die Abfaſſung des Erkennt⸗
208 2196 1358 2291 niſſes in erſter Inſtanz uͤberlaſſen; in allen uͤbri⸗
208 2268 1355 2360 gen Fällen wird die Unterſuchung von dem In⸗
210 2342 1355 2440 quiſitoriate gefuͤhrt, und das Erkenntniß von
212 2416 852 2529 dem Obergerichte abgefaßt.
