2480 3508
1292 210 1384 274 20
1489 210 2107 274 Erſter Titel. Erſter Abſchnitt.
1288 302 2316 385 und einfach sey, auch alle Verkuͤrzung von Sei⸗
1288 362 2296 448 ten der Gefangenwaͤrter dabei vermieden werde.
1392 422 2318 498 In ſolchen Gefaͤngniſſen, welche nach dem
1288 485 2318 576 General⸗Plane eingerichtet ſind, darf keinem
1288 545 2314 637 Criminal⸗ Gefangenen, ohne Unterſchied des
1288 613 2310 707 Standes, geſtattet werden, ſich ſelbſt zu ver⸗
1288 674 1464 765 pflegen.
1067 800 1298 900 Keinlichkeit.
1321 792 2304 891 Für die Reinlichkeit der Gefaͤngniſſe, und
1729 736 1869 822 §. 29.
1282 865 2310 954 für gehoͤrige Luftung derſelben, muß der Richter
1286 931 2308 1021 beſtandig ſorgen, auch den Gefangenen, ſo oft
1282 991 2306 1095 es zulaͤſſig iſt, den Genuß der friſchen Luft ge⸗
1278 1058 1448 1143 ſtatten.
1062 1181 1249 1272 Beſchaͤfti-
1056 1241 1158 1303 gung.
1280 1179 2302 1280 Jeder Criminal⸗Gefangene, ohne Unter⸗
1684 1124 1877 1208 §. 3o.
1277 1245 2304 1338 ſchied des Standes, muß nach ſeinen Kraͤften
1280 1307 2302 1403 und Faͤhigkeiten zu einer nuͤtzlichen Beſchaͤftigung
1275 1373 2304 1467 angehalten, und mit Stricken, Naͤhen, Spinnen
1275 1440 2302 1529 und anderen im Gefaͤngniſſe zulaͤſſigen Arbeiten
1273 1508 2300 1592 beſchaͤftigt werden. Was derſelbe durch Arbeiten
1271 1563 2298 1660 verdient, wird zur Unterhaltung der Arbeits⸗
1269 1625 1698 1713 Anſtalt verwendet.
1368 1689 2296 1787 Kann jedoch der Gefangene ſeine Verpfle⸗
1267 1757 2292 1849 gungs⸗Koſten ſelbſt tragen, koͤnnen ihm zugleich
1265 1824 2290 1907 nach ſeinem Stande, ſeiner Herkunft, Erziehung
1265 1884 2288 1978 und bisherigen Verhaͤltniſſen nicht wohl koͤrper⸗
1265 1944 2290 2042 liche Arbeiten zugemuthet werden, und kann er
1263 2019 2288 2100 in dem Gefaͤngniſſe nicht auf eine, ſeinem Stande
1263 2075 2285 2167 oder ſeinen bisherigen Verhaͤltniſſen angemeſſene
1263 2134 2283 2256 Weiſe beſchaͤftiget werden; ſo iſt er mit Arbeiten
