<?xml version="1.0" encoding="UTF-8"  standalone="yes"?>
<PcGts xmlns="http://schema.primaresearch.org/PAGE/gts/pagecontent/2019-07-15" xmlns:xsi="http://www.w3.org/2001/XMLSchema-instance" xsi:schemaLocation="http://schema.primaresearch.org/PAGE/gts/pagecontent/2019-07-15 http://schema.primaresearch.org/PAGE/gts/pagecontent/2019-07-15/pagecontent.xsd">
  <Metadata externalRef="pdf//Criminal-Ordnung.pdf">
	<Creator>escriptorium</Creator>
	<Created>2023-09-04T11:43:41.272286+00:00</Created>
        <LastChange>2023-09-04T11:43:41.272299+00:00</LastChange>
  </Metadata>
  <Page imageFilename="Criminal-Ordnung.pdf_page_39.png" imageWidth="2480" imageHeight="3508">
    <TextRegion id="eSc_textblock_56803c7b"  custom="structure {type:text;}">
      <Coords points="1696,304 1869,311 1902,358 2298,374 2306,1003 2267,1284 2189,1325 2189,1370 2267,1410 2251,2188 2228,2235 1216,2219 1183,2102 990,2102 998,1941 1191,1933 1216,1892 1216,1527 1013,1510 1006,1379 1199,1364 1240,1315 1232,545 1045,528 1029,374 1659,335 1696,304"/>
      <TextLine id="eSc_line_ac43b948" custom="structure {type:default;}">
        <Coords points="1242,359 1213,362 1184,362 1155,365 1125,365 1096,368 1067,371 1038,371 1038,391 1035,409 1266,420 1272,397 1269,356 1242,359"/>
        <Baseline points="1039,393 1275,399"/>
        <TextEquiv>
          <Unicode>Ruͤckſicht auf</Unicode>
        </TextEquiv>
      </TextLine>
      <TextLine id="eSc_line_1950bf40" custom="structure {type:default;}">
        <Coords points="1850,309 1830,309 1811,307 1791,307 1772,305 1752,305 1733,304 1713,304 1704,304 1694,307 1694,343 1694,364 1856,364 1856,343 1856,309 1850,309"/>
        <Baseline points="1694,343 1856,343"/>
        <TextEquiv conf="0.9994499981403351">
          <Unicode>§. 68.</Unicode>
        </TextEquiv>
      </TextLine>
      <TextLine id="eSc_line_97775c00" custom="structure {type:default;}">
        <Coords points="1039,430 1039,452 1261,450 1261,430 1261,403 1039,399 1039,430"/>
        <Baseline points="1039,430 1261,430"/>
        <TextEquiv conf="0.9996779816491264">
          <Unicode>den zu erſtat⸗</Unicode>
        </TextEquiv>
      </TextLine>
      <TextLine id="eSc_line_d27cc981" custom="structure {type:default;}">
        <Coords points="2272,371 2243,371 2213,368 2184,368 2155,368 2126,365 2096,365 2067,365 2038,362 2009,362 1979,362 1950,359 1921,359 1895,347 1471,344 1453,347 1424,347 1395,350 1365,353 1365,397 1362,420 2281,429 2286,406 2284,371 2272,371"/>
        <Baseline points="1368,399 2288,409"/>
        <TextEquiv>
          <Unicode>Bei Raͤubereien, Diebſtaͤhlen und Betruͤge⸗</Unicode>
        </TextEquiv>
      </TextLine>
      <TextLine id="eSc_line_22b774d6" custom="structure {type:default;}">
        <Coords points="1240,432 1210,432 1181,432 1152,432 1123,432 1093,432 1064,432 1055,429 1035,429 1035,464 1035,494 1260,502 1263,464 1263,429 1240,432"/>
        <Baseline points="1037,465 1265,467"/>
        <TextEquiv conf="0.9977358728647232">
          <Unicode>tenden Scha⸗</Unicode>
        </TextEquiv>
      </TextLine>
      <TextLine id="eSc_line_24175e45" custom="structure {type:default;}">
        <Coords points="1039,506 1039,545 1107,545 1107,504 1103,477 1037,471 1039,506"/>
        <Baseline points="1039,506 1107,504"/>
        <TextEquiv conf="0.9975502490997314">
          <Unicode>den.</Unicode>
        </TextEquiv>
      </TextLine>
      <TextLine id="eSc_line_ac548b20" >
        <Coords points="1269,464 1266,488 2278,499 2284,473 2281,423 1269,409 1269,464"/>
        <Baseline points="1271,467 2286,475"/>
        <TextEquiv conf="0.9863109808901082">
          <Unicode>reien muß der Richter zugleich auf die Herbei⸗</Unicode>
        </TextEquiv>
      </TextLine>
      <TextLine id="eSc_line_c5c3813e" custom="structure {type:default;}">
        <Coords points="1263,528 1261,545 2277,561 2281,541 2277,496 2062,500 2049,491 2047,489 2045,489 2043,489 2041,489 2039,489 2033,491 2015,500 1998,491 1990,487 1988,487 1986,487 1984,487 1975,491 1953,496 1930,489 1922,487 1920,487 1918,487 1916,487 1914,487 1912,489 1898,500 1854,500 1766,487 1754,485 1752,485 1750,485 1748,485 1748,487 1737,498 1700,498 1620,483 1614,483 1612,483 1608,483 1555,495 1511,481 1509,481 1507,481 1505,481 1499,481 1409,493 1376,479 1374,479 1372,479 1370,479 1319,487 1263,477 1263,528"/>
        <Baseline points="1263,528 2281,541"/>
        <TextEquiv>
          <Unicode>ſchaffung der entwendeten oder veruntreuten</Unicode>
        </TextEquiv>
      </TextLine>
      <TextLine id="eSc_line_2fa6e660" custom="structure {type:default;}">
        <Coords points="1257,590 1255,610 1286,623 1288,623 1290,623 1374,615 1401,625 1403,625 1405,625 1501,613 1649,627 1651,627 1824,617 1873,631 1875,631 1877,631 1930,623 1988,633 1990,633 2177,623 2246,635 2247,635 2249,635 2279,621 2281,604 2281,561 2247,551 2246,551 2244,551 2166,561 2158,561 2154,561 2113,549 2111,549 2109,549 2015,557 1945,547 1943,547 1861,557 1854,557 1846,547 1844,547 1844,545 1842,545 1840,545 1838,545 1836,545 1801,555 1799,555 1795,555 1647,543 1645,543 1643,543 1606,553 1602,553 1590,553 1460,541 1458,541 1257,547 1257,590"/>
        <Baseline points="1257,590 2281,604"/>
        <TextEquiv conf="0.992499719274805">
          <Unicode>Sachen bedacht ſeyn, und bei allen ſolchen Ver⸗</Unicode>
        </TextEquiv>
      </TextLine>
      <TextLine id="eSc_line_2280bb5b" custom="structure {type:default;}">
        <Coords points="1257,652 1255,670 1384,686 1386,686 1388,686 1413,676 1438,686 1440,686 1588,687 1590,687 1592,687 1620,678 1789,691 1791,691 2017,684 2025,693 2027,693 2027,695 2029,695 2031,695 2033,695 2277,686 2279,668 2277,629 2152,629 2146,625 2125,615 2123,615 2121,615 1986,621 1898,623 1881,617 1863,611 1861,611 1860,611 1824,615 1787,621 1778,615 1770,610 1768,610 1766,610 1764,610 1731,613 1686,619 1622,611 1594,608 1592,608 1550,610 1386,615 1257,602 1257,652"/>
        <Baseline points="1257,652 2279,668"/>
        <TextEquiv conf="0.9987279341575948">
          <Unicode>brechen, wodurch ein zu erſetzender Schade ent⸗</Unicode>
        </TextEquiv>
      </TextLine>
      <TextLine id="eSc_line_93d1aaa5" custom="structure {type:default;}">
        <Coords points="1255,717 1253,744 1672,754 1674,754 1676,754 1678,754 1684,748 1688,744 1705,748 1727,754 1729,754 1731,754 1733,754 1735,754 1741,748 1744,744 1750,748 1762,756 1764,756 1766,756 1768,756 1770,756 1797,750 1813,746 1846,750 1898,756 1900,756 1976,750 2017,748 2023,750 2033,760 2035,760 2037,760 2039,760 2121,752 2142,750 2144,752 2154,760 2154,762 2156,762 2158,762 2160,762 2277,752 2279,732 2277,693 2208,680 2207,680 2205,680 2168,689 2154,678 2152,678 2150,678 2148,678 2146,678 2109,687 2041,678 2039,678 2037,678 2035,678 2021,689 2019,689 1969,689 1969,687 1957,678 1957,676 1955,676 1953,676 1951,676 1949,676 1916,687 1914,687 1883,674 1881,674 1879,674 1877,674 1832,686 1766,672 1764,672 1762,672 1729,684 1637,670 1635,670 1575,682 1464,672 1462,672 1386,680 1384,680 1362,666 1360,666 1358,666 1356,666 1296,678 1273,666 1271,666 1269,666 1267,666 1265,666 1255,672 1255,717"/>
        <Baseline points="1255,717 2279,732"/>
        <TextEquiv conf="0.9798249590396881">
          <Unicode>ſtanden iſt, den Verbrecher uͤber die Mittel, die⸗</Unicode>
        </TextEquiv>
      </TextLine>
      <TextLine id="eSc_line_55733fc6" custom="structure {type:default;}">
        <Coords points="1249,783 1247,806 2273,818 2277,795 2277,760 2199,758 2183,744 2181,744 2179,744 2177,744 2117,754 2105,756 2092,754 2019,742 2017,742 2015,742 1988,752 1978,754 1926,750 1824,742 1822,742 1799,746 1776,752 1729,752 1723,746 1717,740 1717,738 1715,738 1713,738 1711,738 1676,744 1641,750 1614,742 1592,736 1590,736 1588,736 1563,742 1540,746 1532,740 1526,736 1524,736 1522,736 1520,736 1489,740 1442,744 1372,736 1347,734 1345,734 1343,734 1341,734 1341,736 1329,746 1249,734 1249,783"/>
        <Baseline points="1249,783 2277,795"/>
        <TextEquiv conf="0.9827319048345089">
          <Unicode>ſen Erſatz zu leiſten, vernehmen, auch von Amts⸗</Unicode>
        </TextEquiv>
      </TextLine>
      <TextLine id="eSc_line_a070f6c9" custom="structure {type:default;}">
        <Coords points="1249,847 1247,865 1308,878 1310,878 1374,869 1401,880 1403,880 1405,880 1407,880 1429,873 1633,884 1635,884 1705,875 1717,884 1719,884 1721,884 1723,884 1725,884 1760,877 1838,886 1840,886 1842,886 1873,877 1891,888 1893,888 1895,888 1897,888 2136,880 2228,892 2230,892 2232,892 2275,880 2277,863 2277,818 2265,808 2263,808 2261,808 2259,808 2195,820 2189,820 2183,820 2150,810 2148,810 2146,810 2025,816 2019,808 2017,808 2017,806 2015,806 2014,806 2012,806 2010,806 2008,806 1994,816 1965,804 1963,804 1961,804 1900,816 1891,816 1873,814 1748,800 1746,800 1649,812 1637,812 1635,810 1620,799 1618,799 1616,799 1614,799 1612,799 1573,810 1571,810 1569,810 1505,797 1436,797 1434,797 1433,797 1431,797 1431,799 1421,808 1419,808 1249,806 1249,847"/>
        <Baseline points="1249,847 2277,863"/>
        <TextEquiv conf="0.9917086505889893">
          <Unicode>wegen alle diejenigen Verfuͤgungen treffen, welche</Unicode>
        </TextEquiv>
      </TextLine>
      <TextLine id="eSc_line_17ef83f3" custom="structure {type:default;}">
        <Coords points="1249,914 1247,933 1271,947 1273,947 1275,947 1356,935 1399,949 1401,949 1403,949 1503,937 1516,937 1518,939 1536,951 1538,951 1540,951 1542,951 1618,941 1637,939 1647,941 1674,951 1676,951 1678,951 1760,945 1807,941 1815,947 1826,954 1828,954 1830,954 1832,954 1904,949 1963,943 1971,951 1976,954 1976,956 1978,956 1980,956 1982,958 2025,958 2025,956 2027,956 2029,956 2029,954 2033,951 2039,947 2047,953 2049,954 2051,954 2053,954 2054,954 2056,954 2064,953 2082,947 2113,953 2138,958 2140,958 2142,958 2150,954 2164,947 2171,954 2173,956 2173,958 2175,958 2177,958 2179,958 2267,956 2269,927 2267,877 1249,865 1249,914"/>
        <Baseline points="1249,914 2269,927"/>
        <TextEquiv conf="0.9954175166785717">
          <Unicode>zur Sicherſtellung des Erſatzes nothwendig ſind.</Unicode>
        </TextEquiv>
      </TextLine>
      <TextLine id="eSc_line_d805446d" custom="structure {type:default;}">
        <Coords points="1325,1036 1323,1056 1368,1067 1370,1067 1651,1066 1846,1066 1914,1073 1961,1079 1963,1079 1996,1075 2047,1071 2265,1083 2269,1054 2269,1009 1955,988 1953,988 1951,988 1902,999 1873,990 1871,990 1869,990 1867,990 1865,990 1865,991 1856,1001 1854,1001 1637,997 1608,982 1606,982 1536,980 1534,980 1468,982 1466,982 1464,982 1464,984 1454,993 1452,993 1407,978 1405,978 1403,978 1325,990 1325,1036"/>
        <Baseline points="1325,1036 2269,1054"/>
        <TextEquiv conf="0.974370736901353">
          <Unicode>Sind die Criminal⸗ und Civil⸗Gerichtsbar⸗</Unicode>
        </TextEquiv>
      </TextLine>
      <TextLine id="eSc_line_128982e1" custom="structure {type:default;}">
        <Coords points="1678,982 1678,1001 1834,1011 1836,982 1836,939 1791,939 1791,937 1778,925 1776,925 1774,925 1772,925 1678,935 1678,982"/>
        <Baseline points="1678,982 1836,982"/>
        <TextEquiv conf="0.999961237112681">
          <Unicode>§. 69.</Unicode>
        </TextEquiv>
      </TextLine>
      <TextLine id="eSc_line_ea8df504" custom="structure {type:default;}">
        <Coords points="1247,1099 1245,1122 2261,1143 2265,1118 2265,1075 2152,1064 2150,1064 2099,1069 2070,1073 2053,1069 2027,1062 2025,1062 2023,1062 2021,1062 1998,1067 1980,1071 1971,1066 1961,1060 1959,1060 1957,1060 1955,1060 1871,1064 1793,1067 1772,1062 1756,1056 1754,1056 1752,1056 1612,1058 1349,1060 1247,1048 1247,1099"/>
        <Baseline points="1247,1099 2265,1118"/>
        <TextEquiv conf="0.9926361606476155">
          <Unicode>keit getrennt, und erfordert dieſer Civil⸗Punkt</Unicode>
        </TextEquiv>
      </TextLine>
      <TextLine id="eSc_line_2b9e4c42" custom="structure {type:default;}">
        <Coords points="1243,1165 1241,1186 2257,1210 2261,1182 2261,1136 2070,1128 2068,1128 2066,1128 2056,1130 2031,1138 1996,1130 1982,1126 1980,1126 1978,1126 1963,1128 1928,1136 1918,1128 1918,1126 1916,1126 1914,1126 1912,1126 1898,1128 1850,1134 1694,1122 1645,1120 1643,1120 1641,1120 1637,1122 1614,1130 1542,1120 1540,1120 1538,1120 1536,1120 1487,1128 1473,1118 1472,1116 1470,1116 1468,1116 1466,1116 1446,1118 1362,1126 1243,1114 1243,1165"/>
        <Baseline points="1243,1165 2261,1182"/>
        <TextEquiv conf="0.999590532935184">
          <Unicode>eine weitlaͤuftige Eroͤrterung; ſo muß die Be⸗</Unicode>
        </TextEquiv>
      </TextLine>
      <TextLine id="eSc_line_9afabd95" custom="structure {type:default;}">
        <Coords points="1243,1227 1243,1262 1284,1253 1353,1262 1355,1262 1413,1255 1429,1266 1429,1268 1431,1268 1433,1268 1434,1268 1436,1268 1440,1268 1481,1257 1514,1268 1518,1270 1520,1270 1522,1270 1544,1270 1676,1260 1782,1274 1797,1276 1799,1276 1809,1276 1865,1264 1885,1276 1885,1278 1887,1278 1889,1278 1891,1278 1902,1278 1978,1266 2049,1280 2051,1280 2053,1280 2056,1280 2162,1270 2175,1282 2175,1284 2177,1284 2179,1284 2181,1286 2257,1286 2259,1249 2259,1204 2205,1194 2203,1194 2201,1194 2199,1194 2191,1200 2187,1204 2179,1200 2158,1192 2156,1192 2154,1192 2056,1196 1984,1200 1957,1194 1934,1188 1932,1188 1930,1188 1877,1192 1803,1196 1795,1188 1791,1186 1791,1184 1789,1184 1787,1184 1785,1184 1731,1186 1624,1192 1592,1182 1585,1181 1583,1181 1581,1181 1563,1182 1497,1188 1481,1179 1479,1179 1477,1179 1475,1179 1473,1179 1472,1179 1434,1188 1386,1177 1384,1177 1382,1177 1380,1177 1351,1186 1339,1177 1339,1175 1337,1175 1335,1175 1243,1173 1243,1227"/>
        <Baseline points="1243,1227 2259,1249"/>
        <TextEquiv conf="0.9993666410446167">
          <Unicode>richtigung deſſelben dem Civil⸗Richter uͤberlaſſen</Unicode>
        </TextEquiv>
      </TextLine>
      <TextLine id="eSc_line_b7201244" custom="structure {type:default;}">
        <Coords points="1245,1292 1245,1327 1412,1330 1415,1292 1415,1248 1245,1248 1245,1292"/>
        <Baseline points="1247,1294 1416,1295"/>
        <TextEquiv conf="0.9998293774468558">
          <Unicode>werden.</Unicode>
        </TextEquiv>
      </TextLine>
      <TextLine id="eSc_line_28138e4c" custom="structure {type:default;}">
        <Coords points="1096,1371 1067,1373 1038,1376 1008,1376 1008,1406 1006,1426 1231,1438 1237,1414 1237,1368 1111,1368 1096,1371"/>
        <Baseline points="1011,1407 1202,1410 1238,1417"/>
        <TextEquiv conf="0.9993079205354055">
          <Unicode>Verfuͤgungen</Unicode>
        </TextEquiv>
      </TextLine>
      <TextLine id="eSc_line_3093e5ee" custom="structure {type:default;}">
        <Coords points="1661,1365 1661,1385 1827,1394 1830,1365 1830,1324 1716,1295 1713,1295 1710,1295 1661,1318 1661,1365"/>
        <Baseline points="1663,1366 1833,1366"/>
        <TextEquiv conf="0.9993943075338999">
          <Unicode>§. 70.</Unicode>
        </TextEquiv>
      </TextLine>
      <TextLine id="eSc_line_49c78fe0" custom="structure {type:default;}">
        <Coords points="1007,1440 1009,1446 1009,1467 1222,1465 1224,1444 1220,1420 1023,1412 1007,1440"/>
        <Baseline points="1009,1446 1224,1444"/>
        <TextEquiv conf="0.9810183892647425">
          <Unicode>zum Fortgan⸗</Unicode>
        </TextEquiv>
      </TextLine>
      <TextLine id="eSc_line_eb526dbd" >
        <Coords points="2240,1397 2213,1382 1333,1365 1333,1423 1330,1444 1380,1461 1383,1461 1386,1461 1482,1449 1526,1464 1529,1464 1532,1467 2251,1467 2254,1441 2248,1403 2240,1397"/>
        <Baseline points="1335,1424 1392,1426 2255,1442"/>
        <TextEquiv>
          <Unicode>Auf jedes abgeſchloſſene Vernehmungs⸗Pro⸗</Unicode>
        </TextEquiv>
      </TextLine>
      <TextLine id="eSc_line_f2fc24db" custom="structure {type:default;}">
        <Coords points="1008,1482 1006,1523 1225,1523 1228,1487 1225,1449 1008,1447 1008,1482"/>
        <Baseline points="1009,1485 1230,1489"/>
        <TextEquiv>
          <Unicode>ge der Sache.</Unicode>
        </TextEquiv>
      </TextLine>
      <TextLine id="eSc_line_c2e5114b" >
        <Coords points="1240,1487 1237,1508 2243,1537 2248,1505 2248,1444 1240,1438 1240,1487"/>
        <Baseline points="1240,1489 2251,1508"/>
        <TextEquiv conf="0.9934747122054877">
          <Unicode>tokoll muß der Richter, wenn die Vernehmung</Unicode>
        </TextEquiv>
      </TextLine>
      <TextLine id="eSc_line_1c6be653" custom="structure {type:default;}">
        <Coords points="1228,1547 1226,1564 1263,1576 1265,1576 1267,1576 1269,1576 1286,1568 1302,1580 1304,1580 1306,1580 1308,1580 1356,1570 1382,1582 1384,1582 1386,1582 1854,1582 1861,1592 1863,1592 1863,1594 1865,1594 1867,1594 1869,1594 2006,1586 2039,1598 2041,1598 2043,1598 2152,1592 2168,1601 2170,1601 2171,1601 2173,1601 2249,1590 2251,1572 2251,1533 2109,1518 2107,1518 2033,1525 2015,1527 2012,1525 1988,1514 1986,1514 1984,1514 1982,1514 1980,1514 1967,1524 1926,1512 1924,1512 1922,1512 1865,1522 1860,1522 1854,1522 1811,1510 1809,1510 1807,1510 1805,1510 1783,1520 1778,1522 1756,1518 1684,1506 1682,1506 1637,1516 1620,1518 1594,1514 1526,1502 1524,1502 1522,1502 1489,1510 1473,1514 1423,1508 1306,1496 1304,1496 1228,1502 1228,1547"/>
        <Baseline points="1228,1547 2251,1572"/>
        <TextEquiv conf="0.9874005654583806">
          <Unicode>ſelbſt beendigt iſt, ohne allen Aufenthalt das</Unicode>
        </TextEquiv>
      </TextLine>
      <TextLine id="eSc_line_0671731d" custom="structure {type:default;}">
        <Coords points="1232,1607 1230,1627 1376,1642 1378,1642 1493,1635 1505,1635 1507,1635 1518,1646 1520,1646 1522,1646 1594,1648 1596,1648 1598,1648 1627,1639 1629,1639 1666,1650 1668,1650 1670,1650 1731,1640 1741,1640 1871,1644 1877,1644 1891,1656 1893,1656 1895,1656 1897,1656 2249,1654 2251,1635 2251,1588 2193,1584 2191,1584 2189,1584 2187,1584 2185,1586 2175,1594 2119,1584 2088,1580 2086,1580 2084,1580 2072,1584 2053,1590 2029,1582 2014,1578 2012,1578 2010,1578 2008,1578 1996,1582 1978,1588 1943,1582 1916,1576 1914,1576 1873,1580 1828,1584 1807,1578 1783,1572 1782,1572 1780,1572 1723,1576 1680,1580 1649,1576 1594,1566 1592,1566 1590,1566 1588,1566 1577,1574 1571,1576 1378,1574 1360,1570 1298,1559 1296,1559 1232,1566 1232,1607"/>
        <Baseline points="1232,1607 2251,1635"/>
        <TextEquiv conf="0.9891427670206342">
          <Unicode>Noͤthige zur Fortſetzung der Unterſuchung verfuͤ⸗</Unicode>
        </TextEquiv>
      </TextLine>
      <TextLine id="eSc_line_8d42dae8" custom="structure {type:default;}">
        <Coords points="1230,1674 1228,1701 1314,1697 2244,1726 2247,1697 2246,1644 2164,1652 2131,1642 2129,1642 2127,1642 2125,1642 2080,1654 2041,1640 2039,1640 2037,1640 2035,1640 2033,1640 2029,1640 1994,1650 1984,1640 1982,1640 1982,1639 1980,1639 1978,1639 1976,1639 1963,1640 1916,1648 1900,1639 1897,1637 1895,1637 1893,1637 1891,1637 1850,1639 1746,1646 1715,1637 1700,1633 1698,1633 1696,1633 1661,1637 1616,1642 1594,1637 1571,1629 1569,1629 1567,1629 1511,1635 1477,1639 1450,1635 1397,1625 1395,1625 1394,1625 1370,1633 1358,1637 1230,1633 1230,1674"/>
        <Baseline points="1230,1674 2247,1697"/>
        <TextEquiv conf="0.9984764619307085">
          <Unicode>gen. Jede Verzoͤgerung, welche ihm dabei zur</Unicode>
        </TextEquiv>
      </TextLine>
      <TextLine id="eSc_line_6df424ba" custom="structure {type:default;}">
        <Coords points="1230,1740 1228,1759 1319,1775 1988,1777 2076,1792 2078,1792 2244,1783 2246,1763 2246,1720 1959,1715 1957,1713 1908,1699 1906,1699 1904,1699 1832,1711 1824,1711 1821,1711 1787,1697 1785,1697 1783,1697 1782,1697 1746,1709 1743,1709 1739,1709 1715,1699 1713,1699 1711,1699 1583,1703 1569,1691 1567,1691 1565,1691 1563,1691 1419,1701 1405,1701 1403,1701 1394,1691 1394,1689 1392,1689 1390,1689 1286,1685 1284,1685 1230,1695 1230,1740"/>
        <Baseline points="1230,1740 2246,1763"/>
        <TextEquiv conf="0.9855519299413643">
          <Unicode>Laſt faͤllt, ſoll nach Befinden der Umſtaͤnde durch</Unicode>
        </TextEquiv>
      </TextLine>
      <TextLine id="eSc_line_94f80877" custom="structure {type:default;}">
        <Coords points="1226,1806 1224,1826 1873,1849 1875,1849 2117,1845 2150,1855 2152,1855 2154,1855 2244,1845 2246,1828 2244,1777 1226,1755 1226,1806"/>
        <Baseline points="1226,1806 2246,1828"/>
        <TextEquiv conf="0.9999376218369667">
          <Unicode>Auflegung eines Theils der Atzungskoſten, durch</Unicode>
        </TextEquiv>
      </TextLine>
      <TextLine id="eSc_line_ac093064" custom="structure {type:default;}">
        <Coords points="1224,1868 1222,1896 1368,1896 1390,1904 1397,1906 1399,1906 1401,1906 1415,1904 1456,1896 1491,1906 1499,1907 1501,1907 1503,1907 1505,1907 1511,1906 1534,1898 1550,1907 1551,1907 1553,1907 1555,1907 1571,1907 1676,1902 1690,1909 1692,1913 1694,1913 1696,1913 1698,1913 1752,1911 1873,1907 1908,1915 1924,1919 1926,1919 2066,1921 2068,1921 2070,1921 2072,1921 2072,1919 2082,1911 2105,1921 2111,1923 2113,1923 2115,1923 2117,1923 2125,1921 2152,1913 2236,1923 2240,1894 2240,1849 2216,1839 2214,1839 2212,1839 2142,1847 2140,1847 2131,1839 2131,1837 2129,1837 2127,1837 2125,1837 2123,1837 2101,1845 2097,1847 2068,1845 1976,1835 1975,1835 1945,1841 1926,1843 1900,1839 1848,1830 1846,1830 1782,1835 1741,1837 1719,1831 1694,1826 1692,1826 1690,1826 1657,1830 1626,1835 1620,1830 1618,1826 1616,1826 1616,1824 1614,1824 1612,1824 1610,1824 1579,1828 1548,1831 1495,1824 1458,1820 1456,1820 1413,1822 1304,1828 1224,1816 1224,1868"/>
        <Baseline points="1224,1868 2240,1894"/>
        <TextEquiv conf="0.9991375752117323">
          <Unicode>Ordnungsſtrafen oder Verweiſe geahndet werden.</Unicode>
        </TextEquiv>
      </TextLine>
      <TextLine id="eSc_line_fb8442f7" custom="structure {type:default;}">
        <Coords points="1087,1938 1058,1938 1029,1938 1000,1938 1000,1979 997,1996 1225,2005 1231,1987 1228,1941 1090,1935 1087,1938"/>
        <Baseline points="1002,1980 1232,1988"/>
        <TextEquiv conf="0.9724317355589434">
          <Unicode>Von denVor⸗</Unicode>
        </TextEquiv>
      </TextLine>
      <TextLine id="eSc_line_a0865144" custom="structure {type:default;}">
        <Coords points="996,2017 996,2034 1208,2042 1210,2017 1210,1993 996,1985 996,2017"/>
        <Baseline points="996,2017 1210,2017"/>
        <TextEquiv conf="0.9999932809309526">
          <Unicode>ladungen in</Unicode>
        </TextEquiv>
      </TextLine>
      <TextLine id="eSc_line_3c115a39" custom="structure {type:default;}">
        <Coords points="1312,1997 1310,2019 1368,2032 1370,2032 1616,2030 1711,2030 1729,2034 1756,2042 1758,2042 1760,2042 1789,2036 1815,2032 1858,2040 1902,2046 1904,2046 1961,2042 2041,2038 2076,2046 2088,2050 2090,2050 2092,2050 2093,2050 2101,2048 2121,2040 2131,2048 2131,2050 2132,2050 2134,2050 2136,2050 2138,2050 2140,2050 2154,2042 2238,2052 2242,2019 2240,1962 2185,1974 2164,1960 2162,1960 2160,1960 2158,1960 2152,1960 2084,1970 2053,1960 2051,1960 2049,1960 2047,1960 2045,1960 2045,1962 2033,1974 1998,1974 1918,1960 1916,1960 1838,1968 1711,1954 1709,1954 1653,1964 1571,1964 1553,1950 1551,1950 1550,1950 1548,1950 1546,1950 1542,1950 1509,1960 1485,1950 1472,1944 1470,1944 1468,1944 1312,1946 1312,1997"/>
        <Baseline points="1312,1997 2242,2019"/>
        <TextEquiv conf="0.9875419318675995">
          <Unicode>Der Inquirent, wenn er auch nur als Mit⸗</Unicode>
        </TextEquiv>
      </TextLine>
      <TextLine id="eSc_line_2dccfca6" custom="structure {type:default;}">
        <Coords points="1657,1950 1657,1980 1789,1978 1791,1978 1817,1964 1817,1946 1811,1900 1713,1904 1670,1894 1668,1894 1666,1894 1665,1894 1663,1894 1663,1896 1655,1902 1657,1950"/>
        <Baseline points="1657,1950 1817,1946"/>
        <TextEquiv conf="0.9633064667383829">
          <Unicode>§. 71.</Unicode>
        </TextEquiv>
      </TextLine>
      <TextLine id="eSc_line_519c978b" custom="structure {type:default;}">
        <Coords points="1085,2017 1055,2017 1026,2017 997,2017 997,2052 994,2075 1032,2084 1052,2084 1049,2087 1102,2098 1105,2098 1204,2090 1207,2058 1204,2022 1099,2017 1085,2017"/>
        <Baseline points="998,2054 1209,2059"/>
        <TextEquiv conf="0.9647357555536124">
          <Unicode>Criminalfaͤl⸗</Unicode>
        </TextEquiv>
      </TextLine>
      <TextLine id="eSc_line_f953d62c" custom="structure {type:default;}">
        <Coords points="1000,2056 998,2089 996,2126 1060,2120 1062,2093 1062,2059 1019,2056 1000,2056"/>
        <Baseline points="998,2089 1062,2093"/>
        <TextEquiv>
          <Unicode>len.</Unicode>
        </TextEquiv>
      </TextLine>
      <TextLine id="eSc_line_6f358c42" >
        <Coords points="1213,2058 1210,2084 2231,2116 2237,2084 2234,2031 1213,2002 1213,2058"/>
        <Baseline points="1215,2059 2240,2085"/>
        <TextEquiv conf="0.9950442152718703">
          <Unicode>glied des Criminal⸗Gerichts, oder vermoͤge eines</Unicode>
        </TextEquiv>
      </TextLine>
      <TextLine id="eSc_line_24c9e70d" custom="structure {type:default;}">
        <Coords points="1216,2120 1214,2143 1939,2174 1941,2174 2086,2167 2164,2180 2166,2180 2234,2169 2236,2147 2236,2110 2131,2095 2129,2095 2127,2095 2092,2106 2090,2106 2086,2106 2045,2093 2043,2093 2041,2093 2039,2093 2014,2102 1967,2102 1883,2102 1883,2100 1867,2089 1867,2087 1865,2087 1863,2087 1861,2087 1727,2097 1717,2097 1686,2097 1649,2095 1637,2083 1637,2081 1635,2081 1633,2081 1631,2081 1629,2081 1587,2093 1538,2079 1536,2079 1534,2079 1532,2079 1511,2091 1497,2079 1495,2079 1493,2079 1419,2075 1417,2075 1415,2075 1380,2087 1321,2073 1319,2073 1317,2073 1286,2085 1275,2073 1275,2071 1273,2071 1271,2071 1269,2071 1216,2083 1216,2120"/>
        <Baseline points="1216,2120 1711,2141 2236,2147"/>
        <TextEquiv conf="0.9906112007472826">
          <Unicode>von demſelben erhaltenen Auftrages, die Unter⸗</Unicode>
        </TextEquiv>
      </TextLine>
      <TextLine id="eSc_line_201f6f5f" custom="structure {type:default;}">
        <Coords points="1212,2188 1210,2229 1413,2239 1415,2239 1417,2239 1419,2239 1419,2237 1421,2237 1429,2229 1487,2237 1489,2237 1559,2227 1602,2239 1604,2239 1606,2239 1608,2239 1610,2239 1618,2231 1637,2245 1643,2249 1645,2249 1647,2249 1649,2249 1672,2245 1717,2237 1772,2249 1793,2252 1795,2254 1852,2254 1852,2252 1854,2252 1856,2252 1856,2250 1877,2237 2008,2237 2074,2241 2107,2258 2109,2260 2111,2260 2113,2260 2115,2260 2119,2260 2146,2252 2224,2262 2228,2210 2226,2174 2082,2161 2080,2161 2039,2169 2031,2169 2029,2167 2014,2157 2012,2157 2010,2157 2008,2157 1963,2165 1955,2167 1951,2165 1936,2157 1934,2157 1932,2157 1887,2163 1871,2165 1860,2163 1834,2155 1832,2155 1830,2155 1758,2159 1721,2161 1715,2157 1702,2149 1700,2149 1698,2149 1696,2149 1694,2149 1666,2157 1653,2159 1585,2153 1429,2141 1427,2141 1386,2147 1362,2151 1333,2145 1284,2137 1282,2137 1212,2141 1212,2188"/>
        <Baseline points="1212,2188 1963,2211 2228,2210"/>
        <TextEquiv>
          <Unicode>ſuchung fuͤhrt, erlaͤßt ſaͤmmtliche im Laufe der⸗</Unicode>
        </TextEquiv>
      </TextLine>
    </TextRegion>
    <TextRegion id="eSc_textblock_8d5d81be"  custom="structure {type:text;}">
      <Coords points="1314,194 2080,202 2119,247 1286,278 1263,210 1314,194"/>
      <TextLine id="eSc_line_914533f7" custom="structure {type:default;}">
        <Coords points="1324,195 1295,198 1266,230 1266,236 1266,263 1339,263 1339,236 1336,195 1324,195"/>
        <Baseline points="1269,237 1341,238"/>
        <TextEquiv conf="0.9968453049659729">
          <Unicode>34</Unicode>
        </TextEquiv>
      </TextLine>
      <TextLine id="eSc_line_c0951f25" >
        <Coords points="2079,207 2050,201 2020,201 1991,201 1962,201 1933,201 1903,201 1874,201 1845,201 1816,198 1786,198 1757,198 1728,198 1699,198 1669,198 1640,198 1611,198 1582,198 1552,195 1523,195 1494,195 1468,195 1468,236 1465,257 2085,274 2091,242 2085,213 2079,207"/>
        <Baseline points="1471,238 2093,243"/>
        <TextEquiv conf="0.9879998601973057">
          <Unicode>Erſter Titel. Zweiter Abſchnitt.</Unicode>
        </TextEquiv>
      </TextLine>
    </TextRegion>
    <TextRegion id="eSc_textblock_fe968c6d"  custom="structure {type:text;}">
      <Coords points="2429,288 2478,296 2478,1292 2433,1284 2425,1190 2429,288"/>
    </TextRegion>
    <TextRegion id="eSc_textblock_dbc2a8f5"  custom="structure {type:text;}">
      <Coords points="2468,1644 2470,1650 2464,1650 2464,1644 2468,1644"/>
    </TextRegion>
  </Page>
</PcGts>
