2480 3508
362 242 1193 309 Von Beſetzung der Criminal⸗Gerichte.
1272 254 1348 312 25
214 333 1353 430 ſoll, die Verhandlung, in ſofern ſolches moͤglich
212 407 1355 496 iſt, von neuem vor einem gehoͤrig beſetzten Cri⸗
206 475 1356 569 minal⸗Gerichte geſchehen, und der Richter, wel⸗
206 557 1355 637 cher ſich des Fehlers ſchuldig gemacht hat, muß
204 621 1356 711 nicht allein die dadurch entſtehenden Koſten tra⸗
204 691 1351 783 gen, ſondern bleibt außerdem dem Angeſchuldig⸗
204 765 1349 851 ten wegen aller Folgen verantwortlich, und hat
202 832 1347 923 eine, nach dem Grade ſeiner Fahrlaͤſſigkeit zu
204 904 1000 995 beſtimmende, Geldſtrafe verwirkt.
694 976 865 1062 §. 45.
310 1034 1351 1134 Iſt hingegen in der Sache einmal rechts⸗
202 1112 1351 1198 kraͤftig erkannt, und die Strafe ſchon vollſtreckt
202 1182 1355 1286 worden; ſo ſoll dieſer Verſtoß von Amtswegen
204 1255 719 1346 nicht geruͤgt werden.
686 1327 885 1410 §. 46.
312 1385 1342 1499 Von der im §. 34. beſtimmten Regel fin⸗
1351 1388 1602 1473 Faͤlle, in wel⸗
208 1471 949 1559 den folgende Ausnahmen ſtatt:
1355 1453 1600 1514 chen der In⸗
1351 1496 1598 1553 quirent das
289 1525 1342 1634 1) wenn die erſte Veranlaſſung zur Unterſu⸗
1356 1533 1596 1590 Protokoll al⸗
341 1611 1327 1697 chung von dem Gerichte regiſtrirt wird;
1345 1572 1599 1642 lein aufneh⸗
1341 1613 1550 1713 men kann.
290 1676 1353 1767 2) wenn Sachverſtaͤndige mit ihrem Gutach⸗
337 1752 1355 1839 ten uͤber den Werth von Sachen vernom⸗
339 1822 670 1913 men werden;
290 1894 1351 1985 3) wenn der zur Unterſuchung gezogene zur
343 1962 1353 2059 Unterredung mit ſeinem Vertheidiger ver⸗
341 2034 660 2122 ſtattet wird;
294 2102 1353 2194 4) bei Publikation des Erkenntniſſes, wenn
347 2173 1353 2270 damit keine andere Verhandlung verbun⸗
345 2254 551 2326 den iſt.
216 2307 1358 2410 In dieſen Faͤllen iſt es hinreichend, wenn der
216 2385 1358 2502 Richter oder Aktuarius, oder ein gepruͤfter und
261 2463 594 2560 Criminal⸗Recht I.
941 2458 1008 2557 D
