<?xml version="1.0" encoding="UTF-8"  standalone="yes"?>
<PcGts xmlns="http://schema.primaresearch.org/PAGE/gts/pagecontent/2019-07-15" xmlns:xsi="http://www.w3.org/2001/XMLSchema-instance" xsi:schemaLocation="http://schema.primaresearch.org/PAGE/gts/pagecontent/2019-07-15 http://schema.primaresearch.org/PAGE/gts/pagecontent/2019-07-15/pagecontent.xsd">
  <Metadata externalRef="pdf//Criminal-Ordnung.pdf">
	<Creator>escriptorium</Creator>
	<Created>2023-09-01T11:30:03.978405+00:00</Created>
        <LastChange>2023-09-01T11:30:03.978422+00:00</LastChange>
  </Metadata>
  <Page imageFilename="Criminal-Ordnung.pdf_page_24.png" imageWidth="2480" imageHeight="3508">
    <TextRegion id="eSc_textblock_52d9d79a"  custom="structure {type:text;}">
      <Coords points="522,241 1027,241 1146,272 1355,249 1386,280 1401,629 1612,654 1627,678 1620,762 1472,787 1433,896 1448,980 1370,1042 1300,1052 1300,1105 1378,1130 1401,1177 1394,1346 1464,1372 1394,1457 1378,2165 1302,2188 1300,2227 1411,2268 1604,2284 1620,2352 1427,2375 1386,2484 1323,2523 1216,2508 889,2562 707,2500 218,2469 233,2245 288,2229 218,2188 210,2071 210,1208 233,1105 210,1011 210,358 241,311 504,311 522,241"/>
      <TextLine id="eSc_line_2b061ea6" custom="structure {type:default;}">
        <Coords points="1062,251 1043,245 1023,241 1004,241 984,241 965,241 945,241 926,241 916,241 898,243 894,241 887,241 867,241 848,241 844,241 836,243 816,241 809,241 789,241 770,241 750,241 731,241 711,241 692,241 672,241 653,241 633,241 614,241 594,241 575,241 565,241 534,241 518,257 516,280 514,305 1078,305 1080,286 1078,253 1062,251"/>
        <Baseline points="516,280 1080,286"/>
        <TextEquiv>
          <Unicode>Von Criminal⸗Gerichten.</Unicode>
        </TextEquiv>
      </TextLine>
      <TextLine id="eSc_line_d75b805f" custom="structure {type:default;}">
        <Coords points="1331,251 1312,253 1312,288 1312,315 1347,319 1349,288 1349,249 1331,251"/>
        <Baseline points="1312,288 1349,288"/>
        <TextEquiv>
          <Unicode>19</Unicode>
        </TextEquiv>
      </TextLine>
      <TextLine id="eSc_line_462c189b" custom="structure {type:default;}">
        <Coords points="222,397 222,415 269,430 271,430 272,430 331,417 333,417 337,417 376,430 378,430 380,432 514,432 514,430 516,430 518,430 534,419 538,417 547,420 582,430 584,430 586,430 588,430 590,430 606,420 612,417 618,420 625,426 627,426 629,426 631,426 633,426 651,420 664,417 670,420 678,428 678,430 680,430 682,430 684,430 686,430 707,422 721,417 801,417 809,422 814,428 814,430 816,430 818,430 820,432 896,432 896,430 898,430 900,430 908,424 922,417 955,424 974,430 976,430 978,430 980,430 1000,426 1027,419 1037,426 1041,430 1043,430 1045,430 1046,430 1048,430 1050,430 1054,426 1068,417 1093,426 1101,430 1103,430 1105,430 1150,428 1278,419 1294,430 1296,430 1298,430 1300,430 1302,430 1304,430 1339,420 1368,430 1372,397 1372,356 1296,344 1294,344 1238,354 1232,354 1230,354 1204,343 1202,343 1201,343 1199,343 1165,352 1160,356 1085,356 1082,352 1070,343 1068,343 1066,343 1064,343 957,350 902,354 894,350 887,343 885,343 883,343 797,343 795,343 793,343 791,343 785,348 779,352 762,348 740,343 738,343 736,343 690,346 623,354 600,346 590,343 588,343 586,343 584,343 582,343 579,346 569,356 508,356 489,344 483,343 481,343 479,343 477,343 475,343 475,344 473,344 464,356 368,356 348,343 347,343 345,343 343,343 341,343 339,343 321,354 222,343 222,397"/>
        <Baseline points="222,397 1372,397"/>
        <TextEquiv>
          <Unicode>Thatbeſtandes in ihrer Naͤhe ſicher aufbewahrt</Unicode>
        </TextEquiv>
      </TextLine>
      <TextLine id="eSc_line_43011096" custom="structure {type:default;}">
        <Coords points="220,467 220,491 386,491 397,500 397,502 399,502 401,502 403,502 405,502 407,502 426,491 501,502 503,502 600,491 602,491 604,491 651,502 653,502 655,502 657,502 658,502 678,491 680,491 789,491 791,491 807,502 809,502 811,502 813,502 867,491 869,491 871,491 904,502 906,502 908,502 1025,491 1037,491 1062,491 1325,502 1327,502 1329,502 1372,491 1372,467 1372,420 1349,415 1347,415 1345,415 1343,415 1327,422 1317,428 1308,422 1296,415 1294,415 1292,415 1199,415 1197,415 1195,415 1169,422 1152,430 1007,430 992,424 961,415 959,415 957,415 955,415 926,424 914,428 892,424 855,419 853,419 816,426 803,428 799,426 789,417 789,415 787,415 785,415 783,415 781,415 779,415 764,424 733,415 731,415 729,415 727,415 725,415 709,426 705,430 666,430 660,426 643,415 641,415 639,415 637,415 567,426 565,426 508,415 506,415 504,415 471,428 467,428 464,428 426,419 425,419 423,419 350,428 347,428 345,428 308,417 306,417 304,417 220,428 220,467"/>
        <Baseline points="220,467 1372,467"/>
        <TextEquiv>
          <Unicode>werde, zu einer der drei vorſtehenden Verbind⸗</Unicode>
        </TextEquiv>
      </TextLine>
      <TextLine id="eSc_line_dfba8fd7" custom="structure {type:default;}">
        <Coords points="220,535 218,557 247,572 249,572 251,572 491,559 588,574 590,574 592,574 631,565 680,574 682,574 684,574 686,574 686,572 699,561 717,572 719,572 721,572 723,572 725,572 762,561 877,572 879,572 957,563 982,576 984,576 1084,578 1085,578 1162,565 1253,576 1255,576 1370,563 1372,543 1370,502 1308,502 1306,500 1290,489 1288,489 1286,489 1284,489 1179,498 1142,500 1124,496 1082,487 1080,487 1007,495 968,498 961,495 951,487 949,487 947,487 945,487 943,487 928,493 916,498 867,493 824,487 822,487 820,487 813,491 797,498 742,491 709,485 540,485 538,485 536,485 534,485 534,487 514,496 495,485 489,483 487,483 485,483 462,485 358,495 331,483 329,483 220,481 220,535"/>
        <Baseline points="220,535 1372,543"/>
        <TextEquiv>
          <Unicode>lichkeiten durch Zwangsmittel angehalten werden.</Unicode>
        </TextEquiv>
      </TextLine>
      <TextLine id="eSc_line_a25a0af8" custom="structure {type:default;}">
        <Coords points="707,613 709,647 766,629 785,639 797,645 799,645 801,645 803,645 805,645 814,637 820,631 830,635 855,645 857,645 859,645 861,645 902,627 902,611 898,572 822,559 820,559 818,559 785,572 783,572 781,572 731,559 729,559 727,559 725,559 723,559 705,569 707,613"/>
        <Baseline points="707,613 902,611"/>
        <TextEquiv>
          <Unicode>§. 26.</Unicode>
        </TextEquiv>
      </TextLine>
      <TextLine id="eSc_line_c05a12bf" custom="structure {type:default;}">
        <Coords points="330,686 330,716 1351,719 1354,686 1351,622 666,628 640,613 637,613 634,613 330,613 330,686"/>
        <Baseline points="331,689 1355,689"/>
        <TextEquiv>
          <Unicode>Iſt ein Gefaͤngniß zugleich für Civil⸗ und</Unicode>
        </TextEquiv>
      </TextLine>
      <TextLine id="eSc_line_1f7b6446" custom="structure {type:default;}">
        <Coords points="1579,648 1550,646 1520,643 1491,640 1462,637 1438,634 1374,634 1374,686 1374,710 1602,713 1605,686 1605,651 1579,648"/>
        <Baseline points="1377,689 1608,689"/>
        <TextEquiv>
          <Unicode>Absonderung</Unicode>
        </TextEquiv>
      </TextLine>
      <TextLine id="eSc_line_20bd3eee" custom="structure {type:default;}">
        <Coords points="424,689 394,689 365,689 336,689 333,686 219,686 219,754 216,789 1351,777 1354,762 1351,701 444,689 424,689"/>
        <Baseline points="222,756 1232,756 1355,763"/>
        <TextEquiv>
          <Unicode>Polizei⸗Arreſtanten beſtimmt; ſo muſſen die Cri⸗</Unicode>
        </TextEquiv>
      </TextLine>
      <TextLine id="eSc_line_19461538" custom="structure {type:default;}">
        <Coords points="1576,689 1547,689 1517,689 1488,689 1459,689 1430,689 1400,689 1371,686 1374,727 1374,760 1403,760 1614,760 1617,724 1611,689 1579,686 1576,689"/>
        <Baseline points="1377,730 1618,726"/>
        <TextEquiv>
          <Unicode>der Gefange⸗</Unicode>
        </TextEquiv>
      </TextLine>
      <TextLine id="eSc_line_0e7e436e" custom="structure {type:default;}">
        <Coords points="220,824 220,843 276,857 278,857 280,857 310,845 311,845 317,845 403,855 405,855 407,855 425,847 444,859 446,859 448,859 450,859 452,859 477,849 559,859 561,859 563,859 565,859 581,849 588,845 707,845 717,849 735,859 736,859 738,859 740,859 742,859 754,851 762,845 791,851 814,855 816,855 818,855 830,851 852,845 861,851 871,859 873,859 875,859 877,859 906,853 924,849 1072,855 1204,859 1206,859 1208,859 1210,859 1210,857 1212,857 1222,847 1238,857 1241,859 1243,859 1245,859 1247,859 1370,857 1370,824 1370,781 220,779 220,824"/>
        <Baseline points="220,824 1370,824"/>
        <TextEquiv>
          <Unicode>minal⸗Gefangenen von denſelben gehoͤrig abge⸗</Unicode>
        </TextEquiv>
      </TextLine>
      <TextLine id="eSc_line_aad483f8" custom="structure {type:default;}">
        <Coords points="1433,727 1403,727 1374,727 1374,762 1371,827 1444,803 1447,768 1441,727 1433,727"/>
        <Baseline points="1377,765 1450,769"/>
        <TextEquiv>
          <Unicode>neu.</Unicode>
        </TextEquiv>
      </TextLine>
      <TextLine id="eSc_line_b795816b" custom="structure {type:default;}">
        <Coords points="222,892 220,921 456,915 542,925 547,925 549,925 553,925 592,915 602,923 602,925 604,925 606,925 608,925 610,925 612,925 625,915 668,925 670,925 672,925 676,925 770,915 859,927 871,927 873,927 885,927 965,917 1002,927 1004,927 1006,927 1007,927 1021,927 1146,917 1366,927 1370,896 1370,855 1333,841 1331,841 1329,841 1327,841 1292,853 1286,855 1277,853 1216,841 1214,841 1212,841 1210,841 1195,853 1189,857 1093,857 1072,851 1031,841 1029,841 941,849 914,851 894,849 846,841 844,841 842,841 820,847 795,855 762,847 727,839 725,839 723,839 721,839 713,847 709,849 696,845 658,839 657,839 655,839 653,839 645,845 631,855 586,855 577,845 573,841 573,839 571,839 569,839 567,839 565,839 563,839 555,845 545,851 508,843 481,839 479,839 477,839 475,839 475,841 471,843 462,855 421,855 407,843 405,841 405,839 403,839 401,839 399,839 397,839 386,843 348,853 329,841 327,839 325,839 323,839 321,839 222,839 222,892"/>
        <Baseline points="222,892 1370,896"/>
        <TextEquiv>
          <Unicode>ſondert, auch ſowohl die Geſchlechter, als die</Unicode>
        </TextEquiv>
      </TextLine>
      <TextLine id="eSc_line_ad037a72" custom="structure {type:default;}">
        <Coords points="224,960 222,982 259,984 280,1001 282,1001 284,1001 286,1001 288,1001 317,986 319,986 382,986 384,986 397,999 397,1001 399,1001 401,1001 403,1001 405,1001 454,988 464,986 516,990 717,1005 719,1007 889,1007 889,1005 891,1005 914,997 941,990 968,999 990,1007 992,1007 994,1007 1084,1001 1154,997 1212,1005 1251,1009 1253,1009 1255,1009 1257,1009 1261,1005 1280,993 1356,1007 1358,1007 1360,1007 1362,1007 1390,993 1415,1009 1423,970 1419,915 1394,929 1265,929 1253,917 1253,915 1251,915 1249,915 1160,914 1158,914 1140,915 1062,925 968,915 931,912 930,912 898,915 832,923 818,915 814,912 813,912 811,912 809,912 807,912 799,915 777,923 684,923 672,915 666,910 664,910 662,910 660,910 658,910 643,915 623,921 493,915 354,908 352,908 350,908 335,915 331,917 329,915 323,910 323,908 321,908 319,908 317,908 315,908 313,908 306,915 304,915 302,915 296,910 296,908 294,908 292,908 290,908 224,914 224,960"/>
        <Baseline points="224,960 1423,970"/>
        <TextEquiv>
          <Unicode>Theilnehmer des Verbrechens, von einander ge⸗</Unicode>
        </TextEquiv>
      </TextLine>
      <TextLine id="eSc_line_0246d88a" custom="structure {type:default;}">
        <Coords points="220,1036 222,1067 274,1054 319,1067 321,1067 323,1067 325,1069 551,1069 551,1067 553,1067 555,1067 557,1066 573,1054 688,1064 690,1036 690,1001 479,988 477,988 475,988 440,997 436,999 430,997 395,988 393,988 391,988 220,995 220,1036"/>
        <Baseline points="220,1036 690,1036"/>
        <TextEquiv>
          <Unicode>trennt werden.</Unicode>
        </TextEquiv>
      </TextLine>
      <TextLine id="eSc_line_41e8ab5f" custom="structure {type:default;}">
        <Coords points="715,1112 715,1136 885,1138 889,1110 885,1058 834,1046 832,1046 713,1054 715,1112"/>
        <Baseline points="715,1112 889,1110"/>
        <TextEquiv>
          <Unicode>§. 27.</Unicode>
        </TextEquiv>
      </TextLine>
      <TextLine id="eSc_line_e8551f53" custom="structure {type:default;}">
        <Coords points="331,1177 329,1194 393,1210 395,1210 460,1200 471,1210 473,1210 475,1210 477,1210 540,1200 604,1210 606,1210 608,1210 610,1210 610,1208 621,1198 725,1198 750,1210 752,1210 754,1210 840,1198 883,1198 894,1210 894,1212 896,1212 898,1212 900,1212 965,1200 1029,1212 1031,1214 1314,1214 1314,1212 1372,1198 1374,1181 1372,1140 1323,1140 1321,1138 1300,1118 1298,1118 1296,1118 1249,1118 1247,1118 1245,1118 1243,1118 1243,1120 1230,1132 1210,1118 1208,1118 1206,1118 1204,1118 1167,1120 1165,1120 1163,1120 1150,1132 1142,1126 1142,1124 1140,1124 1138,1124 1136,1124 1134,1124 1119,1132 1035,1118 1033,1118 1031,1118 1029,1118 1011,1130 1002,1138 992,1130 982,1122 980,1122 978,1122 976,1122 974,1122 972,1122 965,1128 953,1138 879,1138 735,1124 680,1118 678,1118 676,1118 666,1122 625,1136 590,1126 588,1126 586,1126 542,1136 510,1124 508,1124 506,1124 504,1124 477,1136 331,1114 331,1177"/>
        <Baseline points="331,1177 1374,1181"/>
        <TextEquiv>
          <Unicode>Gefangenen, die nur wegen leichter Verbre⸗</Unicode>
        </TextEquiv>
      </TextLine>
      <TextLine id="eSc_line_8adfd774" custom="structure {type:default;}">
        <Coords points="220,1245 218,1272 288,1280 290,1280 292,1280 306,1274 321,1268 343,1274 356,1278 358,1278 360,1278 362,1278 364,1278 368,1274 376,1270 382,1274 386,1278 386,1280 387,1280 389,1280 516,1282 518,1282 520,1282 532,1276 545,1270 559,1278 571,1282 573,1282 575,1282 610,1278 668,1270 760,1280 807,1284 809,1284 840,1280 908,1272 951,1282 972,1286 974,1286 1002,1282 1058,1274 1072,1284 1076,1286 1078,1286 1080,1286 1082,1286 1097,1284 1136,1276 1144,1284 1148,1286 1148,1288 1150,1288 1152,1288 1154,1288 1156,1288 1158,1288 1162,1284 1173,1276 1267,1276 1368,1286 1372,1255 1372,1214 1321,1202 1319,1202 1317,1202 1234,1214 1224,1214 1216,1214 1173,1202 1171,1202 1169,1202 1167,1202 1165,1202 1152,1212 1150,1214 1144,1212 1109,1200 1107,1200 1105,1200 1007,1210 984,1212 982,1210 972,1202 972,1200 970,1200 968,1200 967,1200 805,1208 733,1210 727,1206 717,1198 715,1198 713,1198 711,1198 709,1198 692,1206 680,1210 651,1206 596,1196 594,1196 592,1196 573,1204 561,1208 522,1204 450,1194 448,1194 446,1194 423,1202 407,1206 220,1200 220,1245"/>
        <Baseline points="220,1245 1372,1255"/>
        <TextEquiv>
          <Unicode>chen verhaftet ſind, werden keine Ketten oder</Unicode>
        </TextEquiv>
      </TextLine>
      <TextLine id="eSc_line_bba24be3" custom="structure {type:default;}">
        <Coords points="222,1325 224,1360 269,1342 415,1342 430,1356 430,1358 432,1358 434,1358 436,1358 438,1358 442,1358 485,1342 534,1356 543,1358 545,1358 547,1358 567,1356 637,1342 658,1354 664,1356 666,1356 668,1356 686,1354 742,1342 754,1352 758,1356 758,1358 760,1358 762,1358 764,1358 900,1356 902,1356 918,1350 945,1340 978,1348 984,1350 986,1350 988,1350 1004,1348 1066,1340 1085,1348 1107,1356 1109,1356 1111,1356 1113,1356 1140,1346 1148,1344 1189,1344 1191,1346 1201,1354 1201,1356 1202,1356 1204,1356 1206,1356 1368,1342 1370,1321 1366,1280 1298,1266 1296,1266 1294,1266 1292,1266 1278,1276 1267,1266 1265,1266 1263,1266 1261,1266 1259,1266 1224,1278 1222,1280 1006,1280 996,1276 965,1266 963,1266 961,1266 959,1266 941,1276 933,1280 869,1280 857,1274 830,1266 828,1266 826,1266 824,1266 801,1274 783,1280 752,1274 723,1268 721,1268 637,1272 545,1278 481,1272 446,1268 444,1268 442,1268 440,1268 440,1270 438,1270 430,1280 411,1270 403,1268 401,1268 399,1268 220,1268 222,1325"/>
        <Baseline points="222,1325 1370,1321"/>
        <TextEquiv>
          <Unicode>Feſſeln angelegt; Gefangenen, die wegen ſchwe⸗</Unicode>
        </TextEquiv>
      </TextLine>
      <TextLine id="eSc_line_88488b10" custom="structure {type:default;}">
        <Coords points="222,1387 220,1412 1372,1420 1376,1395 1374,1340 1321,1350 1306,1340 1306,1338 1304,1338 1302,1338 1300,1338 1286,1340 1230,1348 1173,1340 1142,1336 1140,1336 1138,1336 1136,1336 1130,1340 1107,1354 1058,1354 1041,1340 1035,1336 1033,1336 1031,1336 1029,1336 1027,1336 1017,1340 990,1354 920,1354 908,1342 906,1342 904,1342 902,1342 900,1342 883,1350 871,1340 869,1338 867,1338 865,1338 863,1338 861,1338 859,1338 859,1340 857,1340 846,1352 813,1342 811,1342 809,1342 754,1350 742,1342 733,1333 731,1333 729,1333 727,1333 725,1333 703,1342 686,1350 672,1342 662,1334 660,1334 658,1334 657,1334 655,1334 653,1334 641,1342 625,1352 534,1352 526,1342 514,1333 514,1331 512,1331 510,1331 508,1331 456,1342 446,1344 444,1342 426,1331 425,1331 423,1331 421,1331 222,1342 222,1387"/>
        <Baseline points="222,1387 1376,1395"/>
        <TextEquiv>
          <Unicode>rer Verbrechen verhaftet, oder von welchen ſonſt</Unicode>
        </TextEquiv>
      </TextLine>
      <TextLine id="eSc_line_d7af1651" custom="structure {type:default;}">
        <Coords points="222,1457 220,1479 321,1481 335,1494 337,1494 339,1494 341,1494 464,1483 481,1494 483,1494 485,1494 487,1494 557,1485 573,1496 575,1496 577,1496 579,1496 701,1487 797,1498 799,1498 801,1498 848,1487 914,1498 916,1498 1006,1487 1084,1500 1085,1502 1134,1502 1134,1500 1136,1500 1138,1500 1138,1498 1150,1488 1222,1500 1224,1500 1370,1487 1372,1465 1372,1426 1321,1410 1319,1410 1317,1410 1265,1424 1259,1424 1251,1422 1204,1410 1202,1410 1201,1410 1199,1410 1158,1420 1146,1424 1130,1420 1085,1409 1084,1409 1082,1409 1033,1418 1011,1422 984,1418 935,1409 933,1409 931,1409 930,1409 920,1416 910,1424 799,1424 756,1412 727,1407 725,1407 723,1407 711,1412 694,1420 647,1410 643,1410 641,1410 639,1410 637,1410 637,1412 627,1422 549,1422 493,1407 477,1405 475,1405 473,1405 465,1407 428,1418 397,1405 395,1405 393,1405 391,1405 382,1405 294,1416 222,1403 222,1457"/>
        <Baseline points="222,1457 1372,1465"/>
        <TextEquiv>
          <Unicode>die Entweichung zu beſorgen iſt, muͤſſen die Ket⸗</Unicode>
        </TextEquiv>
      </TextLine>
      <TextLine id="eSc_line_39216e98" custom="structure {type:default;}">
        <Coords points="222,1531 220,1553 265,1566 267,1566 269,1566 271,1566 317,1555 319,1555 333,1555 629,1568 631,1568 633,1568 655,1557 658,1557 692,1557 694,1557 703,1566 703,1568 705,1568 707,1568 709,1568 783,1559 799,1557 801,1559 814,1568 816,1568 818,1568 820,1568 822,1568 859,1559 873,1557 898,1559 986,1570 988,1572 1087,1572 1087,1570 1089,1570 1091,1570 1091,1568 1099,1561 1103,1559 1115,1561 1156,1570 1158,1570 1368,1563 1370,1537 1368,1496 1296,1485 1294,1485 1144,1492 1105,1494 1101,1492 1093,1485 1091,1485 1089,1485 1087,1485 865,1488 713,1492 670,1487 635,1483 633,1483 631,1483 621,1487 604,1492 569,1487 540,1481 538,1481 516,1485 493,1490 477,1485 465,1481 464,1481 462,1481 460,1481 450,1485 434,1490 222,1483 222,1531"/>
        <Baseline points="222,1531 1370,1537"/>
        <TextEquiv>
          <Unicode>ten oder Feſſeln ſo angelegt werden, daß ſie der</Unicode>
        </TextEquiv>
      </TextLine>
      <TextLine id="eSc_line_c03ce422" custom="structure {type:default;}">
        <Coords points="220,1603 218,1625 329,1639 331,1639 333,1639 360,1627 382,1640 384,1640 386,1640 387,1642 454,1642 454,1640 456,1640 458,1640 471,1629 567,1640 569,1640 625,1629 631,1627 635,1629 666,1640 668,1640 670,1642 793,1642 793,1640 795,1640 828,1629 846,1642 848,1642 850,1642 852,1644 910,1644 910,1642 912,1642 914,1642 914,1640 928,1629 957,1642 959,1642 961,1642 1035,1631 1046,1629 1199,1629 1204,1631 1220,1642 1222,1642 1224,1642 1226,1642 1368,1631 1370,1607 1368,1563 1269,1551 1267,1551 1111,1559 1078,1561 1054,1559 974,1551 972,1551 970,1551 953,1559 945,1561 920,1559 865,1551 863,1551 861,1551 846,1557 836,1561 820,1557 797,1551 795,1551 793,1551 220,1551 220,1603"/>
        <Baseline points="220,1603 1370,1607"/>
        <TextEquiv>
          <Unicode>Geſundheit nicht nachtheilig ſind. Das ſoge⸗</Unicode>
        </TextEquiv>
      </TextLine>
      <TextLine id="eSc_line_ca59b18c" custom="structure {type:default;}">
        <Coords points="218,1674 216,1703 540,1695 555,1703 565,1707 567,1707 569,1707 641,1701 705,1697 772,1701 894,1707 896,1707 945,1699 959,1697 978,1699 1093,1709 1095,1709 1195,1695 1197,1677 1195,1639 968,1625 967,1625 965,1625 963,1625 945,1637 943,1639 830,1639 828,1637 799,1625 797,1625 795,1625 793,1625 791,1625 791,1627 781,1637 779,1639 744,1639 740,1637 709,1623 707,1623 705,1623 703,1623 701,1623 686,1633 666,1623 664,1623 662,1623 534,1635 530,1635 524,1635 421,1623 419,1623 417,1623 382,1635 380,1635 378,1635 347,1623 345,1623 343,1623 341,1623 339,1623 321,1635 319,1635 317,1635 286,1625 284,1625 282,1625 218,1633 218,1674"/>
        <Baseline points="218,1674 1197,1677"/>
        <TextEquiv>
          <Unicode>nannte Krummſchließen findet nicht ſtatt.</Unicode>
        </TextEquiv>
      </TextLine>
      <TextLine id="eSc_line_346bbb24" custom="structure {type:default;}">
        <Coords points="331,1744 329,1769 540,1777 542,1777 543,1777 555,1773 573,1765 670,1765 688,1775 697,1779 699,1779 701,1779 855,1777 857,1777 859,1777 875,1767 885,1777 887,1779 889,1779 891,1779 892,1781 1025,1781 1025,1779 1027,1779 1031,1779 1048,1769 1056,1779 1058,1779 1058,1781 1060,1781 1062,1781 1064,1783 1152,1783 1152,1781 1154,1781 1156,1781 1156,1779 1165,1771 1230,1781 1240,1781 1241,1781 1247,1781 1296,1769 1366,1781 1370,1750 1370,1703 1337,1691 1335,1691 1333,1691 1111,1699 1033,1701 1007,1697 955,1689 953,1689 894,1695 865,1699 859,1695 852,1689 850,1689 848,1689 846,1689 844,1689 842,1689 834,1695 830,1699 824,1695 813,1689 811,1689 331,1689 331,1744"/>
        <Baseline points="331,1744 1370,1750"/>
        <TextEquiv>
          <Unicode>Gefaͤhrliche Verbrecher muͤſſen auf eine der</Unicode>
        </TextEquiv>
      </TextLine>
      <TextLine id="eSc_line_755f638f" custom="structure {type:default;}">
        <Coords points="220,1814 218,1839 454,1849 456,1849 458,1849 485,1839 493,1837 497,1839 510,1849 512,1849 514,1849 641,1851 643,1851 645,1851 682,1839 688,1839 875,1839 877,1839 891,1851 892,1851 894,1851 896,1851 898,1851 900,1851 912,1839 914,1839 970,1839 972,1839 988,1853 990,1853 992,1853 994,1853 996,1853 1021,1841 1072,1851 1074,1851 1136,1841 1148,1851 1148,1853 1150,1853 1152,1853 1154,1853 1269,1841 1282,1853 1284,1853 1286,1853 1288,1855 1341,1855 1341,1853 1343,1853 1374,1839 1376,1820 1376,1767 220,1765 220,1814"/>
        <Baseline points="220,1814 1376,1820"/>
        <TextEquiv>
          <Unicode>Geſundheit unſchaͤdliche Weiſe an die Wand ge⸗</Unicode>
        </TextEquiv>
      </TextLine>
      <TextLine id="eSc_line_0d69b026" custom="structure {type:default;}">
        <Coords points="220,1886 218,1917 302,1909 386,1919 401,1921 403,1921 428,1919 528,1911 540,1919 543,1923 545,1923 547,1923 549,1923 551,1923 567,1919 602,1911 647,1911 655,1919 658,1921 658,1923 660,1923 662,1923 664,1923 690,1919 740,1911 791,1919 820,1923 822,1923 824,1923 840,1919 861,1913 873,1919 887,1925 889,1925 891,1925 947,1919 998,1913 1039,1919 1095,1927 1097,1927 1374,1917 1376,1894 1374,1847 1179,1835 1177,1835 1175,1835 1173,1835 1165,1843 1162,1845 1158,1843 1152,1837 1152,1835 1150,1835 1148,1835 1037,1833 1035,1833 1033,1833 1007,1839 982,1847 965,1839 953,1833 951,1833 861,1833 859,1833 857,1833 855,1833 852,1837 838,1847 789,1837 787,1837 709,1845 697,1835 696,1833 696,1831 694,1831 692,1831 690,1831 672,1833 627,1843 579,1833 577,1833 575,1833 573,1833 551,1845 382,1845 364,1830 362,1830 360,1830 358,1830 356,1830 310,1843 220,1828 220,1886"/>
        <Baseline points="220,1886 1376,1894"/>
        <TextEquiv>
          <Unicode>ſchloſſen, und ſo weit es möglich iſt, abgeſondert</Unicode>
        </TextEquiv>
      </TextLine>
      <TextLine id="eSc_line_64f67835" custom="structure {type:default;}">
        <Coords points="222,1956 220,1972 271,1991 272,1991 274,1993 462,1993 462,1991 464,1991 465,1991 465,1989 481,1976 504,1989 506,1989 508,1989 510,1989 699,1978 744,1976 752,1980 793,1995 795,1995 797,1997 848,1997 848,1995 850,1995 852,1995 875,1980 881,1978 924,1982 1082,1997 1084,1997 1085,1997 1087,1997 1107,1985 1138,1995 1140,1995 1142,1995 1144,1995 1146,1995 1146,1993 1156,1985 1162,1980 1181,1985 1216,1995 1218,1995 1220,1995 1222,1995 1240,1985 1253,1980 1290,1980 1302,1987 1314,1997 1316,1997 1317,1997 1319,1997 1368,1987 1370,1964 1370,1925 1319,1909 1317,1909 1316,1909 1314,1909 1282,1923 1282,1925 1123,1925 1119,1923 1091,1907 1089,1907 1027,1906 939,1906 937,1906 935,1906 908,1921 889,1906 887,1906 885,1906 883,1906 881,1906 844,1919 797,1904 795,1904 758,1904 756,1904 754,1904 752,1904 735,1919 733,1919 658,1919 641,1906 639,1906 637,1906 635,1906 575,1917 561,1919 543,1917 434,1902 432,1902 430,1902 413,1911 401,1902 399,1902 397,1902 296,1902 294,1902 222,1913 222,1956"/>
        <Baseline points="222,1956 1370,1964"/>
        <TextEquiv>
          <Unicode>aufbewahrt werden. Das Schließen an die</Unicode>
        </TextEquiv>
      </TextLine>
      <TextLine id="eSc_line_1ba0cfe6" custom="structure {type:default;}">
        <Coords points="222,2028 220,2052 378,2067 380,2067 436,2058 487,2065 489,2065 491,2065 493,2065 504,2056 555,2065 557,2065 559,2065 579,2056 600,2069 602,2069 604,2069 606,2071 774,2071 774,2069 775,2069 813,2058 910,2069 912,2069 914,2069 949,2058 984,2071 986,2071 988,2071 990,2071 1023,2059 1214,2071 1216,2071 1308,2061 1333,2071 1335,2071 1337,2071 1339,2071 1366,2058 1368,2034 1368,1991 1312,1976 1310,1976 1308,1976 1306,1976 1286,1985 1234,1976 1232,1976 1230,1976 1228,1976 1228,1978 1214,1987 1212,1989 1199,1987 1146,1980 1144,1980 1095,1985 1064,1989 1056,1985 1046,1978 1045,1978 1043,1978 1041,1978 953,1983 875,1987 867,1982 861,1976 861,1974 859,1974 857,1974 855,1974 853,1974 852,1974 842,1982 830,1987 713,1978 649,1974 647,1974 645,1974 635,1978 604,1987 559,1976 543,1972 542,1972 540,1972 491,1974 306,1985 222,1970 222,2028"/>
        <Baseline points="222,2028 1368,2034"/>
        <TextEquiv>
          <Unicode>Wand muß ſo geſchehen, daß ſie dabei ſtehen,</Unicode>
        </TextEquiv>
      </TextLine>
      <TextLine id="eSc_line_f6c9eb8b" custom="structure {type:default;}">
        <Coords points="224,2100 222,2132 366,2137 368,2137 370,2137 391,2132 417,2126 446,2132 481,2137 483,2137 485,2137 506,2132 524,2126 532,2132 542,2137 543,2137 545,2137 547,2137 596,2130 629,2126 653,2130 690,2137 692,2137 694,2137 713,2130 727,2126 750,2130 807,2139 809,2139 811,2139 834,2130 838,2128 848,2130 898,2139 900,2139 951,2128 959,2128 1002,2128 1319,2139 1321,2139 1323,2139 1366,2126 1368,2104 1366,2056 1294,2050 1292,2050 1290,2050 1288,2050 1284,2054 1271,2065 1197,2065 1181,2054 1175,2050 1173,2050 1171,2050 1115,2050 1113,2050 1111,2050 1109,2050 1105,2054 1089,2065 961,2065 947,2054 945,2054 943,2054 941,2054 939,2054 937,2054 924,2063 828,2052 805,2050 803,2050 801,2050 799,2050 797,2052 783,2059 664,2052 660,2052 658,2052 657,2052 620,2061 606,2052 606,2050 604,2050 602,2050 545,2048 543,2048 542,2048 540,2048 540,2050 538,2050 524,2063 477,2063 462,2050 460,2048 458,2048 456,2048 407,2048 405,2048 403,2048 397,2050 366,2061 311,2052 310,2052 308,2052 306,2052 290,2061 224,2050 224,2100"/>
        <Baseline points="224,2100 1368,2104"/>
        <TextEquiv>
          <Unicode>ſitzen, liegen und einen Schritt vorwaͤrts gehen</Unicode>
        </TextEquiv>
      </TextLine>
      <TextLine id="eSc_line_df6cbbe2" custom="structure {type:default;}">
        <Coords points="224,2169 224,2194 272,2194 276,2196 284,2204 284,2206 286,2206 288,2206 290,2206 335,2200 384,2194 425,2206 428,2169 428,2137 224,2120 224,2169"/>
        <Baseline points="224,2169 428,2169"/>
        <TextEquiv>
          <Unicode>koͤnnen.</Unicode>
        </TextEquiv>
      </TextLine>
      <TextLine id="eSc_line_8c3b518f" custom="structure {type:default;}">
        <Coords points="713,2249 713,2278 768,2268 887,2274 889,2245 885,2198 797,2184 795,2184 793,2184 768,2198 764,2200 760,2198 735,2186 733,2186 731,2186 729,2186 711,2194 713,2249"/>
        <Baseline points="713,2249 889,2245"/>
        <TextEquiv>
          <Unicode>§. 28.</Unicode>
        </TextEquiv>
      </TextLine>
      <TextLine id="eSc_line_f3e81665" custom="structure {type:default;}">
        <Coords points="1587,2282 1413,2282 1411,2280 1394,2264 1394,2262 1392,2262 1390,2262 1388,2262 1329,2270 1317,2260 1316,2260 1314,2260 1312,2260 1241,2262 1240,2262 1238,2262 1220,2276 1216,2278 1210,2276 1165,2258 1163,2258 994,2258 992,2258 990,2258 963,2270 955,2274 931,2270 863,2258 861,2258 775,2268 729,2272 713,2266 676,2252 674,2252 633,2252 631,2252 629,2252 627,2252 614,2264 612,2266 608,2264 575,2250 573,2250 571,2250 569,2250 524,2262 501,2268 337,2260 337,2315 335,2344 425,2334 446,2348 448,2348 450,2348 452,2350 555,2350 703,2350 703,2348 705,2348 707,2348 725,2338 863,2338 896,2352 902,2354 904,2354 906,2354 926,2352 1017,2342 1093,2342 1115,2354 1119,2356 1121,2356 1123,2356 1124,2356 1130,2354 1165,2344 1204,2356 1214,2358 1216,2358 1218,2358 1220,2358 1232,2356 1269,2346 1339,2356 1366,2360 1368,2360 1390,2356 1438,2348 1454,2358 1460,2362 1462,2362 1464,2362 1466,2362 1608,2358 1610,2330 1600,2295 1587,2282"/>
        <Baseline points="337,2315 920,2315 1610,2330"/>
        <TextEquiv>
          <Unicode>Die gewoͤhnliche Koſt der Gefangnen muß Bekoͤſtigung.</Unicode>
        </TextEquiv>
      </TextLine>
      <TextLine id="eSc_line_5c89cf5c" custom="structure {type:default;}">
        <Coords points="224,2381 224,2383 222,2404 296,2418 298,2418 300,2418 337,2406 339,2406 460,2418 462,2418 464,2418 493,2406 508,2420 510,2420 512,2420 514,2422 709,2422 709,2420 711,2420 756,2408 758,2408 813,2422 814,2422 816,2422 1060,2410 1082,2424 1084,2424 1085,2424 1087,2426 1216,2426 1216,2424 1218,2424 1220,2424 1236,2412 1325,2424 1327,2424 1329,2424 1368,2410 1370,2391 1370,2348 1136,2348 1134,2346 1119,2336 1117,2336 1115,2336 1113,2336 1068,2344 1056,2334 1056,2332 1054,2332 1052,2332 1050,2332 986,2342 951,2332 949,2332 947,2332 945,2332 912,2344 863,2332 861,2332 859,2332 857,2332 855,2332 836,2344 799,2330 797,2330 795,2330 793,2330 750,2342 676,2330 674,2330 672,2330 670,2330 657,2342 620,2332 618,2332 616,2332 545,2342 534,2332 534,2330 532,2330 530,2330 528,2330 526,2330 491,2340 450,2328 448,2328 284,2328 282,2328 228,2340 224,2381"/>
        <Baseline points="224,2383 1370,2391"/>
        <TextEquiv>
          <Unicode>vom Richter nach den Umſtaͤnden beſtimmt wer⸗</Unicode>
        </TextEquiv>
      </TextLine>
      <TextLine id="eSc_line_10336d19" custom="structure {type:default;}">
        <Coords points="228,2455 226,2488 374,2506 376,2506 378,2506 409,2490 413,2488 413,2490 426,2502 426,2504 428,2504 430,2504 432,2504 434,2504 456,2494 495,2508 497,2508 606,2510 608,2510 660,2508 662,2508 664,2508 664,2506 676,2494 713,2510 715,2510 717,2510 719,2510 721,2510 746,2492 748,2492 750,2492 795,2512 797,2512 799,2512 902,2494 906,2494 1000,2494 1050,2494 1066,2510 1066,2512 1068,2512 1070,2512 1072,2512 1074,2512 1099,2498 1123,2514 1124,2514 1126,2514 1177,2516 1179,2517 1216,2517 1216,2516 1218,2516 1220,2516 1220,2514 1240,2498 1296,2512 1298,2512 1364,2496 1366,2467 1364,2414 1331,2408 1329,2408 1327,2408 1325,2408 1325,2410 1321,2414 1314,2420 1282,2414 1255,2408 1253,2408 1251,2408 1249,2408 1243,2414 1230,2426 1179,2426 1158,2414 1144,2406 1142,2406 1037,2406 1035,2406 1033,2406 1013,2414 988,2422 965,2414 941,2404 939,2404 937,2404 830,2414 811,2414 809,2414 791,2404 789,2404 787,2404 785,2404 754,2414 742,2416 736,2414 715,2402 713,2402 711,2402 647,2414 620,2418 614,2414 610,2410 610,2408 608,2408 606,2408 604,2408 602,2408 582,2414 569,2416 567,2414 551,2401 549,2401 547,2401 545,2401 543,2401 503,2414 493,2416 489,2414 471,2401 469,2401 467,2401 465,2401 464,2401 462,2401 462,2402 450,2412 399,2399 397,2399 395,2399 393,2399 352,2414 348,2414 228,2414 228,2455"/>
        <Baseline points="228,2455 1366,2467"/>
        <TextEquiv>
          <Unicode>den, und er hat dahin zu ſehen, daß ſie geſund</Unicode>
        </TextEquiv>
      </TextLine>
      <TextLine id="eSc_line_26250827" custom="structure {type:default;}">
        <Coords points="896,2537 896,2568 986,2570 988,2537 988,2482 896,2482 896,2537"/>
        <Baseline points="896,2537 988,2537"/>
        <TextEquiv>
          <Unicode>C 2</Unicode>
        </TextEquiv>
      </TextLine>
    </TextRegion>
  </Page>
</PcGts>
