2480 3508
343 218 1341 309 Von Beſetzung der Criminal⸗Gerichte. 33
202 315 1347 424 mand zum Verhaft gezogen worden, muß der
200 391 1347 498 Richter mit allem Fleiß darauf Bedacht ſeyn,
202 463 1306 572 die Sache moͤglichſt bald zu Ende zu bringen.
688 539 867 625 §. 66.
312 587 1342 701 Bei allen Criminal⸗Verhoͤren muß der Rich⸗
1345 599 1555 675 Allgemeine
1353 658 1598 717 Pflichten des
204 666 1348 783 ter den Hauptzweck ſeiner Bemuͤhungen, die Er⸗
1348 695 1582 754 Inquirenten
1353 742 1596 800 bei allen Cri⸗
204 757 1345 853 forſchung der Wahrheit, beſtaͤndig vor Augen
1342 777 1596 865 minal⸗Verhoͤ⸗
201 812 1342 926 behalten. Er muß daher die zu vernehmenden
1348 821 1424 923 ren.
204 886 1353 993 Perſonen zu einer vollſtaͤndigen Erzaͤhlung der
208 960 1355 1052 Thatſachen, woruͤber ſie vernommen werden ſol⸗
208 1032 1355 1128 len, auffordern, und das Mangelhafte und Dun⸗
208 1105 1358 1204 kele in ihren Auſſagen durch zweckmaͤßige Fragen
210 1175 1356 1276 zu ergaͤnzen und aufzuklaͤren bemuͤht ſeyn, jedoch
212 1245 1360 1344 dabei ſolche Fragen ſorgfaͤltig vermeiden, welche
212 1317 1360 1416 ſchon diejenigen Umſtaͤnde in ſich enthalten, die
212 1391 1360 1487 erſt aus der Antwort ſich ergeben ſollen (Sug⸗
214 1461 1362 1555 geſtionen), oder wodurch der zu Vernehmende
214 1529 1360 1625 verleitet werden koͤnnte, mehr auszuſagen, als
214 1596 1376 1693 ſeine Abſicht geweſen iſt, oder wodurch der Be⸗
218 1670 1362 1775 fragte in Irrthum oder Verwirrung geſetzt wird
224 1746 676 1845 (kaptioͤſe Fragen).
701 1800 920 1904 §. 67.
329 1878 1370 1978 Eine jede Vernehmung muß ununterbrochen
224 1958 1368 2054 betrieben, und wenn zu deren Beendigung am
226 2026 1368 2122 Vormittage die Zeit zu kurz ſeyn ſollte, Nach⸗
226 2100 1372 2192 mittags wo moͤglich damit fortgefahren werden.
241 2167 1390 2260 Hierbei iſt vorzuͤglich dafuͤr zu ſorgen, daß es
230 2243 1376 2330 keiner Wiederholung beduͤrfe, und alles, was zu
230 2313 1370 2402 einer vollſtaͤndigen und befriedigenden Erzaͤhlung
235 2383 1333 2498 gehoͤrt, ſogleich zum Protokoll gebracht werde.
280 2459 625 2551 Criminal⸗Recht I.
970 2464 1032 2542 E
