2480 3508
1245 154 1330 254 32
1435 181 2079 245 Erſter Titel. Zweiter Abſchnitt.
1249 265 2267 356 daruͤber aufzunehmende Protokoll in beiden
1249 331 1836 426 Sprachen abgefaßt werden.
1684 397 1854 475 §. 63.
1349 456 2271 539 Die als Dollmetſcher zuzuziehenden Perſo⸗
1247 522 2121 610 nen ſind mit folgendem Eide zu belegen:
1325 586 2273 670 daß ſie die Fragen des Richters und die
1372 650 2271 734 Antworten des zu Vernehmenden genau,
1374 726 2273 804 woͤrtlich und richtig uͤberſetzen, und da
1374 785 2273 865 wo es noͤthig ſeyn wird, in der Sprache
1376 857 2275 925 des Abzuhoͤrenden in das aufzunehmende
1372 906 2275 988 Nebenprotokoll niederſchreiben wollen, ohne
1360 970 2273 1058 etwas davon wegzulaſſen oder dazuzuſetzen;
1374 1046 2271 1116 daß ſie bei dieſem Geſchaͤft treu und der
1370 1095 2271 1177 ſtrengſten Wahrheit gemaͤß verfahren, und
1372 1167 2273 1245 ſich davon weder durch Freundſchaft oder
1372 1221 2269 1299 Feindſchaft, noch Geſchenke oder Neben⸗
1370 1286 2064 1375 vortheile abhalten laſſen wollen.
1682 1346 1832 1432 §. 64.
1341 1409 2271 1498 In denjenigen Stellen, bei welchen das in
1247 1479 2269 1559 der Sprache des Abgehoͤrten abgefaßte Proto⸗
1249 1545 2271 1623 koll mit dem in deutſcher Sprache aufgenomme⸗
1245 1605 2271 1695 nen nicht uͤbereinſtimmen moͤgte, entſcheidet das
1247 1664 1429 1755 Erſtere.
1021 1808 1218 1863 Beſchleuni⸗
1678 1722 1852 1812 §. 65.
1021 1845 1240 1898 gung der Cri⸗
1339 1789 2265 1882 Criminal⸗Unterſuchungen muͤſſen vorzuͤglich
1020 1876 1225 1949 minal⸗Pro⸗
1019 1923 1109 1993 zeſſe.
1245 1856 2266 1941 beſchleunigt werden, und es ſind bei etwaniger
1245 1927 2267 2005 Colliſion der Geſchaͤfte in der Regel die Civil⸗
1243 1989 2265 2079 ſachen den Criminalſachen nachzuſetzen. Eine
1245 2061 2263 2137 angefangene Unterſuchung darf daher niemals in
1245 2118 2267 2231 Stillſtand gerathen, und wenn insbeſondere je⸗
2132 2196 2265 2301 mand
