2480 3508
1254 266 1330 336 29
348 266 1184 344 Von Beſetzung der Criminal⸗Gerichte.
690 382 848 453 §. 54.
301 432 1336 520 Hat der Protokollfuͤhrer gegruͤndete Be⸗
1336 441 1529 505 Verhalten
190 514 1336 593 denken gegen das Verfahren des Richters, be⸗
1339 489 1588 547 des Protokoll⸗
1339 526 1585 593 fuͤhrers, wenn
187 572 1330 660 ſonders gegen die Richtigkeit und Vollſtaͤndigkeit
1339 574 1588 629 er gegruͤndete
1333 599 1590 669 Bedenken ge⸗
187 640 1336 742 desjenigen, was zu Protokoll genommen worden;
1327 648 1590 713 gen das Ver⸗
187 722 1333 815 ſo muß er dies Bedenken dem Richter mit Be⸗
1335 697 1538 746 fahren des
1339 730 1579 798 Richters hat.
189 795 1331 884 ſcheidenheit vortragen, wenn ſie aber nicht, nach
187 867 1339 954 ſeiner Ueberzeugung, gehoben werden, der dem
189 931 1333 1029 Richter vorgeſetzten Behoͤrde davon ohne Zeit⸗
183 1003 742 1097 verluſt Anzeige machen.
676 1067 840 1165 §. 55.
295 1134 1324 1230 Die Protokolle muͤſſen leſerlich, und ſo ge⸗
1327 1140 1514 1221 Form der
178 1219 1327 1300 ſchrieben ſeyn, daß ſie beſondere Theile der Ak⸗
1331 1208 1536 1307 Protokolle.
181 1288 1325 1379 ten ausmachen. Ihr weſentlicher Inhalt darf
179 1360 1327 1446 nicht durch Ausſtreichen und Daruͤberſchreiben
181 1430 1325 1518 veraͤndert werden. Wenn etwas ausgelaſſen wor⸗
179 1502 1325 1588 den, das zur Sache gehoͤrt, oder wenn der Ver⸗
179 1572 1331 1664 nommene ſeine Auſſage bei der Vorleſung abaͤn⸗
177 1639 1325 1732 dert, oder etwas hinzuſetzt, muß dies jederzeit
179 1709 1323 1806 im Fortgange des Protokolls angemerkt werden.
664 1787 834 1876 §. 56.
282 1849 1321 1935 Die Auſſage des zu Vernehmenden muß in
175 1925 1319 2017 der erſten Perſon, und ſo viel es nur immer ge⸗
175 1997 1317 2083 ſchehen kann, mit ſeinen eigenen Worten zum
175 2061 857 2153 Protokoll genommen werden.
276 2132 1319 2225 Das Protokoll iſt ihm Wort fuͤr Wort
171 2204 1317 2301 langſam und vernehmlich vorzuleſen, und die
171 2276 1312 2377 dabei etwa von ihm gemachte Erinnerungen ſind
177 2344 678 2461 gehoͤrig nachzutragen.
