2480 3508
666 403 1073 537 Patent
306 572 1425 689 wegen Publication der neuen
504 686 1240 797 Criminal⸗Ordnung.
296 947 1419 1062 Wir Friedrich Wilhelm, von Gottes
294 1058 1423 1169 Gnaden Koͤnig von Preußen ꝛc. ꝛc. thun
294 1165 1421 1268 kund und fuͤgen hierdurch jedermann zu
292 1258 1423 1370 wiſſen: Die Unvollſtaͤndigkeit der fuͤr ei⸗
296 1362 1419 1465 nige Unſrer Staaten emanirten Criminal⸗
290 1459 1427 1578 Ordnung vom 1ſten Maͤrz 1717, und die
290 1557 1417 1666 ſeit dieſer Zeit, zum Theil ſehr weſentlich
290 1654 1421 1763 veraͤnderte Criminal⸗Verfaſſung, wovon
288 1759 1417 1867 ſchon allein die Unanwendbarkeit mehrerer
288 1857 1415 1974 Vorſchriften der erſten die Folge war, ha⸗
288 1958 1415 2063 ben viele neue Verordnungen und Decla⸗
280 2058 1415 2174 rationen veranlaſſet; wie denn auch einige,
288 2157 1409 2272 noch im Werke begriffene neue Einrich⸗
286 2254 1433 2377 tungen im Criminalweſen, wohin beſonders
286 2354 1409 2500 die allgemeine Einfuͤhrung der Inquiſito⸗
910 2457 1023 2572 A 2
