2480 3508
1321 187 1397 248 26
1505 187 2150 270 Erſter Titel. Zweiter Abſchnitt.
1319 280 2335 378 vereideter Protokollfuͤhrer allein das Protokoll
1316 354 1711 432 aufgenommen hat.
1421 403 2337 502 Bei gerichtlichen Beſichtigungen, welche mit
1312 469 2333 571 Vernehmung des Angeſchuldigten oder eines
1314 535 2331 629 Zeugen verbunden ſind, bei Obduktionen, und
1312 598 2331 687 bei Rekognitionen von Seiten des Angeſchuldig⸗
1310 664 2331 760 ten, kann der Aktuarius nur die Stelle des
1306 726 2329 820 Richters vertreten, wenn dieſer krank oder ab⸗
1304 795 2325 888 weſend iſt, und die Sache keinen Verzug leidet;
1304 853 2325 945 es muß aber alsdann noch ein vereideter Proto⸗
1304 912 2324 1007 kollfuͤhrer, oder Gerichtsbeiſitzer zugezogen werden.
1405 980 2325 1079 Beſichtigungen, wobei ſo wenig der Ange⸗
1298 1040 2322 1140 ſchuldigte, als ein Zeuge vernommen wird, kann
1300 1106 2322 1208 der Aktuarius oder vereidete Protokollfuͤhrer guͤl⸗
1298 1167 2318 1272 tig allein vornehmen, wenn der Richter verhin⸗
1296 1237 2051 1334 dert iſt, dabei gegenwaͤrtig zu ſeyn.
1056 1331 1290 1409 Verhalten des
1735 1299 1881 1385 §. 47.
1062 1383 1243 1432 Criminal⸗
1060 1420 1222 1475 Richters,
1386 1354 2314 1459 Sind ſolche Umſtaͤnde vorhanden, weshalb
1058 1455 1275 1516 wenn er aus
1290 1426 2312 1525 nach Vorſchrift der Allgemeinen Gerichts⸗Ord⸗
1056 1490 1238 1545 beſonderen
1058 1531 1271 1594 Gruͤnden der
1292 1488 2312 1590 nung Theil I. Titel 2. §. 143. der ſonſt kompe⸗
1058 1570 1240 1619 Sache ſich
1056 1600 1275 1670 nicht unterzie⸗
1290 1549 2308 1644 tente Criminal⸗Richter ſich der Sache nicht un⸗
1054 1648 1214 1715 hen darf.
1290 1613 2308 1709 terziehen darf: ſo muß er ohne Zeitverluſt dem
1280 1677 2302 1781 vorgeſetzten Obergerichte davon Anzeige thun,
1280 1740 2300 1837 inmittelſt aber einen anderen nahen Richter er⸗
1280 1804 2300 1913 ſuchen, diejenigen Verfuͤgungen zu treffen, welche
1277 1870 1772 1964 keinen Aufſchub leiden.
1045 1974 1277 2042 Von Einwen⸗
1713 1950 1873 2030 §. 48.
1046 2028 1255 2075 dungen des
1378 1995 2294 2098 Glaubt der Angeſchuldigte, gegruͤndete Ein⸗
1041 2055 1266 2125 Angeſchuldig⸗
1043 2104 1257 2157 ten gegen den
1269 2049 2284 2157 wendungen gegen die Unpartheilichkeit des Rich⸗
1041 2134 1260 2230 Inquirenten.
1269 2116 2286 2309 ters zu haben; so haͤngt es von ihm ab, entwe⸗
