2480 3508
503 257 1066 333 Von Criminal⸗Gerichten.
1272 266 1345 330 17
208 354 1358 452 haͤltniß der begangenen Pflichtwidrigkeit be⸗
204 428 384 520 ſtraft.
696 496 874 593 §. 22.
318 558 1356 654 Iſt eine Unterſuchung zwar bei einem Cri⸗
1356 581 1570 648 Von nicht
204 646 1351 730 minal⸗Gerichte gefuͤhrt worden, die Gerichtsbar⸗
1368 635 1596 689 kompetenten
1368 666 1611 754 Criminal⸗Ge⸗
213 704 1351 798 keit deſſelben aber in dem vorſeyenden Falle
1368 710 1500 812 richten.
220 783 1382 871 nicht begruͤndet geweſen, ſo bewirkt dieſes an
210 853 1364 935 und fuͤr ſich niemals eine Nullitaͤt der Verhand⸗
212 925 1358 1009 lung. Es bedarf daher keiner Wiederhohlung
208 993 1360 1083 desjenigen durch den kompetenten Richter, was
210 1064 1366 1151 ſchon in der gehoͤrigen Form durch das inkompe⸗
214 1132 1236 1225 tente Criminal⸗Gericht verhandelt worden.
660 1213 883 1297 §. 23.
329 1270 1362 1370 Jedoch ſollen gegen dieſenigen Gerichte,
212 1346 1364 1444 welche ſich unbefugterweiſe der Fuͤhrung einer
214 1422 1360 1518 ihnen nicht zuſtehenden Unterſuchung anmaßen,
216 1487 1043 1576 Ordnungsſtrafen feſtgeſetzt werden.
707 1563 891 1654 §. 24.
331 1627 1370 1720 Iſt in erſter Inſtanz von einem Gerichte
220 1707 1370 1789 erkannt, welches gar nicht die Befugniß hat,
218 1771 1372 1861 uͤber Criminalſachen zu ſprechen; ſo iſt das Er⸗
218 1839 1372 1935 kenntniß jederzeit nichtig. Hat aber der erken⸗
220 1913 1370 2007 nende Richter uͤberhaupt die Befugniß gehabt,
222 1983 1380 2071 uͤber Criminalſachen zu ſprechen, und iſt er nur
222 2054 1374 2151 in dem vorſeyenden Falle dazu nicht berechtigt
226 2124 1376 2211 geweſen; ſo entſtehet daraus keine Nullitaͤt, ſon⸗
226 2194 1374 2287 dern dem Angeſchuldigten ſtehet nur das gewoͤhn⸗
226 2262 1380 2365 liche Rechtsmittel an den kompetenten Richter
228 2338 851 2435 der zweiten Inſtanz offen.
343 2406 1376 2519 Hat in zweiter Inſtanz ein inkompetentes
284 2488 614 2580 Criminal⸗Recht I.
950 2481 1058 2581 C
