2480 3508
1318 219 1380 292 28
1503 219 2134 292 Erſter Titel. Zweiter Abſchnitt.
1304 309 2324 403 finden, beſichtigen, die Feſſeln unterſuchen, ſich
1302 374 2324 467 uͤberhaupt von der ſichern Verwahrung der Ge⸗
1302 434 2320 532 fangenen, ihrer vorſchriftsmaͤßigen Verpflegung
1298 500 2324 594 und Beſchaͤftigung uͤberzeugen, auch den dabei
1298 559 2322 662 entdeckten Maͤngeln oder Beſchwerden ohne Zeit⸗
1306 623 1670 724 verluſt abhelfen.
1064 736 1304 815 Sorge fuͤr die
1392 724 2313 847 Ferner iſt der Inquirent verbunden, fuͤr
1733 699 1887 775 §. 52.
1068 795 1273 851 in Verwah⸗
1064 827 1295 888 rung genom⸗
1066 869 1259 931 menen Sa⸗
1292 812 2319 909 die gehoͤrige Aufbewahrung der den Gefangenen
1066 906 1154 976 chen.
1290 878 2314 968 abgenommenen oder ſonſt abgelieferten Sachen
1288 941 2310 1032 zu ſorgen, und ſie, ſobald davon bei der Unter⸗⸗
1286 1011 2306 1101 ſuchung kein Gebrauch gemacht werden kann,
1284 1066 2310 1165 dem Beſchaͤdigten davon ſein Eigenthum zuruͤck⸗
1282 1136 2304 1229 gegeben, und der noͤthige Vorſchuß zu den Un⸗
1280 1198 2302 1297 terſuchungskoſten davon abgezogen worden iſt,
1280 1264 1988 1362 an den Civil⸗Richter abzugeben.
1050 1375 1280 1442 Sorge fuͤr die
1333 1387 2302 1487 Laͤßt ſich mit Wahrſcheinlichkeit vorherſehen,
1711 1336 1906 1412 §. 53.
1052 1424 1257 1477 Verwaltung
1046 1455 1254 1517 des Vermoͤ⸗
1050 1498 1257 1553 gens der Ge⸗
1272 1458 2295 1552 daß der Gefangene durch die Unterſuchung und
1046 1537 1222 1635 fangenen.
1277 1518 2296 1613 die zu erwartende Strafe, eine ſo lange Zeit ſei⸗
1271 1588 2294 1676 ner Freiheit beraubt ſeyn werde, daß darunter
1269 1640 2292 1738 die Verwaltung ſeines Vermoͤgens, oder die
1269 1711 2290 1796 Verpflegung und Erziehung ſeiner Kinder erheb⸗
1265 1767 2286 1867 lich leiden duͤrfte, oder traͤgt der Verhaftete
1263 1833 2283 1931 ſelbſt darauf an; ſo muß der vormundſchaftlichen
1265 1894 2283 1997 Behoͤrde ſogleich davon Nachricht gegeben wer⸗⸗
1263 1968 2281 2063 den, um wegen Verwaltung des Vermoͤgens,
1263 2026 2281 2124 Bevormundung der minderjaͤhrigen Kinder
1259 2087 2273 2208 u. ſ. w. die noͤthigen Verfuͤgungen zu treſſen.
