2480 3508
315 190 1169 266 Von Beſetzung der Criminal⸗Gerichte.
1251 201 1324 260 35
189 288 1329 395 ſelben ergehende Verfuͤgungen in ſeinem eigenen
187 362 1333 463 Namen, ohne dazu einer Mitwirkung des Ge⸗
189 432 1331 537 richts benoͤthigt zu ſeyn. Bei Inquiſitoriaten,
193 512 1335 604 welche einen Direktor haben, muͤſſen jedoch die⸗
196 576 1335 689 ſem die Verfuͤgungen zur Unterſchrift vorgelegt
190 675 374 757 werden.
684 716 853 824 §. 72.
294 789 1341 884 Alle Vorladungen in Criminalſachen geſche⸗
191 861 1343 960 hen entweder durch beſondere, von dem Richter
194 937 1345 1036 zu unterſchreibende Einladungen, oder durch
194 1007 1347 1108 ſchriftliche Befehle an den Criminal⸗Diener.
196 1079 1349 1177 Ob die eine oder die andere Art der Vorladung
198 1147 1353 1251 in einem gegebenen Falle eintreten ſoll, bleibt
202 1221 1353 1317 der Beurtheilung des Richters nach den indivi⸗
204 1294 1351 1391 duellen Verhaͤltniſſen des Vorzuladenden vor⸗
206 1372 440 1483 behalten.
703 1448 881 1531 §. 73.
307 1499 1356 1601 Ueber jede Unterſuchung ſind ordentlich ge⸗
1354 1508 1576 1590 Einrichtung
210 1587 1359 1669 heftete Akten anzulegen, welche mit einem von
1362 1564 1610 1623 der Unterſu⸗
1356 1604 1593 1686 chungsakten.
214 1648 1362 1744 dem Aktuarius oder Protokollfuͤhrer anzufertigen⸗
218 1722 1364 1816 den Verzeichniſſe der darin enthaltenen Verhand⸗
222 1794 1366 1890 lungen, mit Bemerkung ihres weſentlichen In⸗
222 1868 1370 1958 haltes, zum Beiſpiel: Vernehmung des Ange⸗
222 1941 1372 2034 ſchuldigten, Zeugenverhoͤr, Konfrontazion der
230 2015 1372 2093 Mitverbrecher, oder der Zeugen mit dem Ange⸗
228 2081 1374 2171 ſchuldigten, artikulirtes Verhoͤr, Unterredungs⸗
230 2157 1376 2249 protokoll mit dem Vertheidiger ꝛc., verſehen ſeyn
230 2221 415 2338 muͤſſen.
725 2291 889 2385 §. 74.
347 2362 1384 2488 Dem Ermeſſen des unterſuchenden Richters
932 2438 1052 2581 E 2
