2480 3508
352 265 1197 346 Von Beſetzung der Criminal⸗Gerichte.
1269 286 1342 353 27
204 364 1345 456 der dieſe Gruͤnde bei dem Verhoͤre zu Protokoll
206 434 1345 532 zu geben, oder ſie dem Obergerichte ſchriftlich
198 506 1349 604 anzeigen zu laſſen. Auch ſolche Angeſchuldigten,
200 580 1349 662 die gefaͤnglich eingezogen ſind, koͤnnen nach der
198 648 1343 746 getroffenen Einrichtung von dieſer Befugniß
202 726 949 822 ohne Furcht Gebrauch machen.
690 793 853 878 §. 49.
310 855 1351 951 In dem erſten Falle liegt dem Inquirenten
196 931 1355 1027 ob, an die vorgeſetzte Behoͤrde ſogleich zu berich⸗
198 1005 1349 1097 ten; er kann aber in beiden Faͤllen ſo lange mit
198 1073 1347 1167 der Unterſuchung fortfahren, bis das Landes⸗
198 1143 1347 1241 Juſtiz⸗Collegium uͤber die Beſchwerde ver⸗
200 1223 452 1315 fuͤgt hat.
692 1284 873 1379 §. 50.
310 1344 1345 1449 Der Inquirent fuͤhrt die Unterſuchung un⸗
1348 1362 1596 1429 Anfrage des
198 1435 1345 1525 unterbrochen bis zum voͤlligen Schluß der Sache.
1355 1412 1587 1473 Inquirenten
1351 1447 1593 1514 in ſehr zwei⸗
198 1505 1345 1599 In zweifelhaften oder bedenklichen Faͤllen muß
1356 1496 1596 1553 felhaften oder
198 1566 1345 1660 er bei der ihm vorgeſetzten Behoͤrde anfragen;
1348 1528 1570 1596 bedenklichen
1348 1569 1488 1686 Faͤllen.
196 1640 1345 1734 jedoch darf er ſich dadurch nicht abhalten laſſen,
198 1722 1351 1802 auch waͤhrend der Zeit, in welcher er die Be⸗
200 1781 1349 1865 ſcheidung erwartet, alles dasjenige vorzunehmen
202 1859 1349 1950 und zu verfuͤgen, was zum Fortgange der Un⸗
204 1929 1351 2007 rerſuchung gereicht, und worauf die erwartete
204 1995 1195 2093 Entſcheidung keinen Einfluß haben kann.
307 2134 1345 2227 Er muß wenigſtens zweimal in jeder Woche,
697 2075 861 2163 §. 51.
1348 2134 1605 2230 Sorge fuͤr die
207 2195 1351 2303 und wo keine foͤrmlich eingerichtete Gefaͤngniß⸗
1362 2211 1596 2297 Gefangenen.
204 2268 1356 2376 Regie vorhanden iſt, muß außerdem der Aktua⸗
206 2350 1353 2447 rius taͤglich einmal in abwechſelnden Tageszeiten
212 2418 1353 2539 die Gefaͤngniſſe, worin ſich die Gefangenen be⸗
850 2500 972 2588 D 2
