2480 3508
1316 219 1386 289 30
1511 219 2140 304 Erſter Titel. Zweiter Abſchnitt.
1308 364 2064 463 deſſen Unterſchrift erfordert werden.
1411 315 2325 403 Kann der Vernommene ſchreiben; ſo ſoll
1405 495 2325 596 Verweigert er die Unterſchrift; ſo muͤſſen
1746 444 1900 524 §. 57.
1304 563 2322 668 die von ihm angebrachten Gruͤnde pflichtmaͤßig
1300 623 1678 715 vermerkt werden.
1064 745 1301 812 Zuziehung der
1070 797 1284 851 Dollmetſcher
1403 746 2324 851 Wenn der zu Vernehmende der deutſchen
1739 693 1893 773 §. 58.
1067 827 1301 885 bei der Ver⸗
1058 869 1230 958 nehmung.
1304 815 2319 906 Sprache nicht maͤchtig iſt; ſo kann ſeine Ver⸗
1302 878 2320 978 nehmung allenfalls in franzoͤſiſcher oder lateini⸗
1296 945 2318 1042 ſcher Sprache geſchehen, vorausgeſetzt, daß dieſe
1300 1003 2316 1105 Sprachen beiden Gerichtsperſonen gelaͤufig ſind,
1298 1064 2316 1167 und ſie dies auf ihre Pflicht bezeugen. Das
1298 1130 2314 1233 Protokoll muß alsdann in einer von dieſen
1296 1200 2019 1288 beiden Sprachen abgefaßt werden.
1395 1317 2310 1418 Verſtehet der zu Vernehmende aber auch
1731 1272 1881 1352 §. 59.
1290 1385 2312 1485 dieſe Sprachen nicht, oder ſind die beiden Ge⸗⸗
1286 1451 2310 1557 richtsperſonen derſelben nicht kundig; ſo muͤſſen
1286 1516 2308 1617 zwei vereidete Dollmetſcher, welche einer dem
1286 1578 2304 1679 Abzuhoͤrenden gelaͤufigen Sprache gewachſen ſind,
1284 1635 2302 1746 bei den Verhandlungen zugezogen werden. Das
1284 1703 2304 1806 Protokoll iſt ſodann von einem der Dollmetſcher
1280 1771 2302 1870 in der fremden, und von einer Gerichtsperſon
1275 1830 2310 1935 in der deutſchen Sprache aufzunehmen. In ſol⸗
1280 1894 2300 2005 chen Sachen, bei welchen die Beſtrafung nicht
1280 1958 2298 2071 uͤber dreijaͤhrige Gefangenſchaft gehen kann, iſt
1280 2024 2296 2135 die Zuziehung eines Dollmetſchers hinreichend,
1278 2089 2294 2204 wenn kein zweiter gleich zu haben ſeyn ſollte,
1278 2154 2301 2300 und der Angeſchuldigte wenigſtens das Haupt⸗
