2480 3508
1298 198 1371 304 24
1494 228 2126 292 Erſter Titel. Zweiter Abſchnitt.
1419 319 2320 395 als wenn ſie deſſen Inhalt dieſem wahren
1425 378 2322 463 Hergange der Sache gemaͤß finden, mit
1425 440 2191 528 ihrer Unterſchrift bekraͤftigen wollen.
1300 504 2322 590 Dieſem Eide gemaͤß ſind ſie ſchuldig, mit aller
1298 572 2320 650 Aufmerkſamkeit dahin zu ſehen, daß dasjenige,
1296 633 2320 703 was die Perſonen, welche vernommen worden,
1294 693 2318 775 angeben oder auſſagen, ohne fremden Zuſatz und
1296 756 2322 847 Weglaſſung getreu und vollſtaͤndig im Protokolle
1296 824 1793 904 niedergeſchrieben werde.
1399 880 2322 964 Der beſondern Vereidigung bedarf es nicht,
1294 949 2320 1034 wenn die zugezogenen Gerichtsbeiſitzer ein fuͤr
1296 1011 2322 1099 allemal dazu verpflichtet worden; in welchem
1294 1077 2318 1163 Falle dies zur Kenntniß des erkennenden Rich⸗
1296 1142 2152 1231 ters in den Akten bemerkt werden muß.
1731 1208 1887 1292 §. 43.
1064 1260 1296 1321 Folgen, wenn
1064 1303 1301 1365 das Criminal⸗
1399 1258 2320 1354 Die Unterlaſſung der Vorſchriften wegen
1067 1344 1292 1403 Gericht nicht
1298 1318 2319 1409 Beſetzung des Gerichts zieht allemal die Unguͤl⸗
1064 1381 1282 1471 gehoͤrig beſetzt
1066 1420 1128 1537 iſt.
1296 1393 2318 1481 tigkeit der Verhandlung dergeſtalt nach ſich, daß,
1292 1459 2320 1547 wenn die Verhandlung von dem Aktuarius, ohne
1294 1524 2318 1605 Beiſeyn des Richters, aufgenommen worden,
1294 1584 2320 1674 gar keine rechtliche Ruͤckſicht darauf zu nehmen
1294 1650 2318 1738 iſt, und wenn der Richter allein zugegen gewe⸗
1292 1713 2320 1798 ſen iſt, niemals auf die ordentliche Strafe des
1294 1787 2318 1859 Geſetzes erkannt werden kann, in ſofern nicht
1296 1841 2316 1931 die Entſcheidung auf anderen guͤltigen Verhand⸗
1296 1904 1633 1997 lungen beruhet.
1733 1950 1889 2067 §. 44.
1395 2019 2318 2122 Es muß daher, wenn ſich dieſer Mangel
1296 2097 2310 2174 bei einer Verhandlung zeigt, aus welcher ein
1296 2159 2312 2278 Grund zur Entſcheidung hergenommen werden
2208 2229 2312 2354 ſoll,
