2480 3508
339 242 1187 321 Von Beſetzung der Criminal⸗Gerichte.
1263 245 1336 318 31
202 343 1347 434 vergehen eingeſtehet. Der Richter muß aber
198 417 1343 514 alsdann beſonders aufmerkſam ſeyn; daß keine
196 485 682 578 Uebereilung vorfalle.
678 537 851 651 §. 60.
302 623 1335 715 Wenn eine von den Gerichtsperſonen der
187 693 1349 789 Sprache des Abzuhoͤrenden gewachſen iſt; ſo be⸗
187 773 1339 859 darf es nur der Zuziehung eines, und in dem
183 839 1335 931 letzteren Falle des vorigen §. gar keines Doll⸗
185 915 442 1007 metſchers.
674 972 861 1066 §. 61.
294 1046 1331 1140 Bei der General⸗Unterſuchung kann die
183 1120 1333 1212 Aufnahme eines beſonderen Protokolles in der
183 1194 1333 1282 fremden Sprache unterbleiben, wenn die zu er⸗
179 1262 1327 1356 wartende Strafe eine zehnjaͤhrige Einſperrung
177 1334 1325 1420 nicht uͤberſteigt. Iſt das Verbrechen aber ſo
177 1409 1327 1500 wichtig, daß wahrſcheinlich die Strafe eine zehn⸗
179 1477 1321 1561 jaͤhrige Gefangenſchaft uͤberſteigt; ſo muß das
177 1543 1323 1639 Protokoll uͤber die Auſſage des Angeſchuldigten
175 1617 1325 1713 in beiden Sprachen zu den Akten gebracht
173 1679 370 1787 werden.
664 1736 853 1841 §. 62.
288 1822 1325 1915 Bei dem artikulirten Verhoͤre muß aber in
169 1896 1319 1995 denjenigen Faͤllen, in welchen vorauszuſehen iſt,
171 1970 1317 2063 daß auf mehr als dreijaͤhrige Einſperrung er⸗
169 2042 1317 2135 kannt werden wird, das Protokoll uͤber das ar⸗
169 2110 1317 2202 tikulirte Verhoͤr jedesmal in der fremden und in
165 2178 1316 2276 der deutſchen Sprache abgefaßt, oder wenn dem
167 2249 1314 2348 Angeſchuldigten eine Species Facti vorgelegt
167 2321 1317 2418 wird, eine Ueberſetzung von derſelben veranſtal⸗
167 2395 1306 2517 tet, dem Angeſchuldigten vorgeleſen, und das
