2480 3508
1259 233 1327 292 10
1534 229 1988 298 Überſicht des Inhaltes.
1253 317 2267 383 Fuͤnfter Abſchnitt. Vom Verfahren des Richters bei
1243 411 2267 485 Sechſter Abſchnitt. Von den Wirkungen der Beweiſe
1327 362 2088 432 Aufnehmung des Beweiſes. §. 300. bis 360.
1251 510 2263 586 Siebenter Abſchnitt. Vom Schluſſe der Unterſuchung.
1325 469 2267 530 und Vermuthungen in peinlichen Sachen. §. 361. bis 414.
1319 561 1590 639 §. 415 bis 432.
1247 676 2259 762 Von der Vertheidigung des Angeſchuldig⸗
1606 619 1912 709 Dritter Titel.
1520 744 1980 826 ten. §. 433. bis 468.
1472 878 2023 949 Von dem Erkenntniſſe.
1600 816 1908 902 Vierter Titel.
1241 935 2253 1015 Erſter Abſchnitt. Von der Abfaſſung des Erkenntniſſes.
1240 1032 2257 1112 Zweiter Abſchnitt. Von der Beſtaͤtigung und Publica⸗
1314 995 1596 1054 §. 469. bis 507.
1312 1087 1996 1159 tion des Erkenntniſſes. §. 508. bis 516.
1238 1204 2269 1297 Von dem Rechtsmittel der weiteren Ver⸗
1581 1151 1902 1235 Fuͤnfter Titel.
1421 1270 2076 1352 theidigung. §. 517. bis 533.
1228 1395 2249 1492 Von der Vollſtreckung des Erkenntniſſes.
1585 1340 1906 1426 Sechſter Titel.
1573 1475 1937 1539 §. 534. bis 576.
1230 1590 2249 1687 Von dem Contumazial⸗Verfahren gegen
1557 1529 1928 1621 Siebenter Titel.
1294 1666 2177 1752 fluͤchtige oder abweſende Verbrecher.
1561 1713 1915 1812 §. 577. bis 587.
1224 1845 2244 1933 Von der Reſtitution, Abolition und Verjaͤh⸗
1587 1785 1885 1863 Achter Titel.
1263 1911 2197 1999 rung in Criminalſachen. §. 588. bis 603.
1224 2042 2238 2182 Von den Koſten in Criminalſachen. § 604.
1564 1976 1912 2075 Neunter Titel.
1637 2118 1826 2206 bis 638.
