2125 2529
215 107 417 183 Nro. IV.
1467 80 1794 175 Den 25. Jenner
1560 151 1709 257 1765.
132 320 494 410 Mit Ihro Chur
1478 295 1827 389 Fuͤrſtl. Durchl.
130 396 486 483 zu Pfaltz gnaͤ⸗
1486 358 1806 476 digſt ertheil⸗
147 462 453 550 tem Privi-
1568 446 1689 511 legio.
613 727 782 815 P. H. Domhauſer
132 750 1796 872 Wochentliches Mannheimer Frag und Kundſchafft⸗Blatt, welches von dem
168 834 1802 920 Churfuͤrſtlichen Antiquario Jacob Pfaͤhler verlegt/ und alle Freytag Nachmittag,
174 889 1770 969 neben dem Pfaͤltzer Hof in dem Neu angemahlten Hauß bey Herrn Perruquier
231 937 1703 1017 Trillig im untern Stock ausgegeben wird. Samſtags Fruͤh aber
276 988 1640 1068 in Heidelberg bey Ihme Antiquario und Privilegirten Univerſi⸗
452 1041 1492 1108 taͤts⸗Buchhaͤndler ebenmaͤſig zu haben iſt.
352 1091 1745 1201 Es iſt dieſes Blat in die noͤthige Claſſes eingetheilet und enthaͤllt:
149 1159 921 1243 1. Sachen ſo zu verkauffen in und auſſer der Stadt.
973 1169 1488 1234 6. Allerhand Avertiſſements.
134 1205 927 1277 2. Sachen welche zu kauffen und leyhen geſucht werten.
973 1186 1844 1281 7. Liſte der angekommenen Fremden Herrſchaften und
151 1251 908 1323 3. Zum verleyhen und vermiethen wird angebothen.
1060 1251 1307 1325 Paſſagiers.
151 1289 948 1363 4. Sachen ſo geſtohlen verlohren oder gefunden worden.
973 1266 1216 1378 8. Insgemein.
151 1338 763 1426 5. Gelehrte Sachen und Buͤcher⸗Verkauf.
969 1308 1806 1424 9. Monathlicher Stadt Mannheimer Vietnalien⸗Tax.
381 1409 1631 1513 I) Sachen ſo zu verkaufen in und auſer der Stadt.
271 1540 474 1616 verkauffen.
144 1483 1803 1569 I. Es ſind neumodiſche noch ganz aus Hamb. Tapeten fuͤr ein billigen Preiß
265 1591 1648 1711 II) Sachen welche zu kauffen und leyhen geſucht werden.
199 1742 1700 1811 er auch die franzoͤſiſche Sprache verſtehet/ [...] Beſoldung.
390 1814 1566 1911 III) Zum verleyhen und vermiethen wird angeboten.
170 1877 1600 1964 1. Bey Raths Verwandten Hr Joh. Pet. Muller und Joh. Nikolaus
