2109 2781
440 203 1935 298 IV) Sachen ſo geſtohlen, verlohren, oder gefunden worden.
349 265 2022 352 1. Unterm 15ten dieſes iſt zwiſchen Neckerau und Schwezingen ein Rockelor mit einen
389 319 2014 403 doppelten Kragen verloren worden, wer ſolchen gefunden ſoll ein gutes Recompenz haben.
347 364 2020 446 2. Demnach die vorige Woche zwiſchen Speyer und Schwezingen ein Paraſol gefundet
390 414 2014 497 worden; Als wird zu jedermanns Wiſſenſchaft kund gemacht, daß, wer ſich darzu hin⸗
390 461 2016 548 laͤnglich wird legitimiren koͤnnen, bey hieſigem Rathsdiener Fordenbach ſich zu melden
389 514 512 577 habe.
645 618 1722 699 V) Gelehrte Sachen und Buͤcher⸗Verkauf.
345 683 2016 771 3. Bey Verlegern dieſes Blatts dem Churfuͤrſtlichen Antiquario Pfaͤhler ſind unter andern
387 738 976 812 auch ſolgende Buͤcher zu haben:
340 783 2030 857 I. Biblia ſacra vulgatæ Editionis Juſſu ſixti V. Pontiſicis Max Recognita, Locupletiſſ S. S.
382 838 2013 908 Patrum & aliorum probator. S. Scriptura in erpretum Commentariis illuſtrata, ſimul &
384 892 2009 957 nova ad ſenſum ſcripturæ magis accommoda verſione german. in utilitatem eccleſiæ Cathol.
384 936 2004 1008 præſertim germanicsæ elucubrata ſub Directione R. P. Cartier. IV. Tomi c, mult. fig æneis.
382 984 1367 1049 folio Editio noviſſima Conſtantiæ 1763. ungeb. 18. fl.
340 1022 2009 1105 II. Repertorium reale Practicum Juris Privati lmp. Rom. Germanici, oder Sammlung aller
382 1084 2004 1156 uͤblichen und brauchbaren Rechte im H. R. Reich und benachbarten Landen enthaltend
384 1140 2004 1200 Geſeze, Capitularia, Reichs⸗Abſchiede, Land⸗ und Stadt⸗Rechte, Weichbild,
382 1181 2004 1253 Willkuͤhr, Conſtitutiones und Edicte der Provincien der vornehmſten Reichs⸗ und anderer
382 1228 2020 1293 Staͤdte, ferner den Kern der Deductionen, Reſponſorum in cauſis Illiuſtrium,Præjudi-
382 1276 2007 1344 ciorum der Hoͤchſten Reichs⸗Gerichte, Diplomatum omnis ævi, in welchem das Jus Pri-
387 1327 2007 1385 vatum, und die heutige Reichs Praxis zu finden, worbey die ſtreitige Meynungen der
382 1371 2009 1434 ICtorum, mit Gruͤnden und Gegengruͤnden bemerckt, auch darbey die beſten heraus⸗
382 1418 2007 1492 gekommenen Schriften angefuͤhrt werden; Daß alſo dieſes Werck, als ein Bibliotheca
389 1464 2011 1541 Juris ſelecta dienen kan. In Alphabetiſcher Ordnung unter Aufſicht I. A. Hellfelds.
387 1515 1624 1587 4. Theile. groß 4to, Jena 1753⸗62. ungebunden dieſesmahl 16. fl.
340 1580 2009 1663 2. In der Churfuͤrſtlichen Hof⸗Buchhandlung, dem kleinen Viehhof gegen uͤber, ſind
382 1647 2011 1721 nebſt vielen andern neuen Buͤchern und Continuationen auch folgende zu haben: 1) All⸗
382 1694 2009 1770 gemeine deutſche Bibliothec 3ten Bandes 1tes Stuͤck 1. fl. 15. kr. 2) Samlung wir⸗
382 1749 2004 1809 tembergiſcher Staatsſchriften viertes Stuͤck 30. kr. 3) Jean Noé de Neufville noͤthige
382 1793 2004 1863 Erlaͤuterungen der unverfaͤnglichen Vorſchlaͤge zur Errichtung eines dauerhaften Muͤnz⸗
380 1842 2004 1911 weſens in Deutſchland 24. kr. 4. Cramer Obſervationum juris univerſi Tom. IV. 3. f. 30 kr.
387 1891 2004 1965 5) Hr. von der Lith neue vollſtaͤndig erwieſene Abhandlung von den Steuern und deren
380 1937 2004 2020 vortheilhaften Einrichtung in einem Lande 1. fl. 30. kr. 6) Neue engliſche Taͤnze nebſt
384 1989 1107 2062 dazu componirten Muſic. 1. fl. 15. kr.
341 2053 2007 2161 3. In der Academiſchen Buchhandlung bey Tobias Loͤfler im goldenen Leuchter ſind zu ha⸗
1900 2118 2002 2186 ben:
