2261 2758
239 237 1900 301 hende Fruͤchten Nachmittags um 1. Uhr in daſigem Gaſt⸗Hauß zum guldenen Schwah⸗
239 289 1902 353 nen offentlich verſteigeret und denen Meiſtbiethenden zugeſchlagen werden ſollen. Wer nun
237 338 1899 402 zu einer oder andern Gattung Luſt hat/ der beliebe ſich an obbeſtimmtem Tag und Stund
239 393 1899 455 daſelbſten einzufinden/ und dieſe Verſteigerung zum Beſten der Armen helffen zu promovi-
236 435 951 494 ren. Ladenburg/ den 17. April, 1756.
551 493 1539 559 Auswaͤrtiger Frucht⸗ und Victualien Preiß.
234 530 1895 613 In Heilbronn das Malter Kern 4. fl. 32. kr. Korn 2. fl. 56. kr. biß 3. fl. Dinckel 2. fl.
286 589 1894 655 Haber 1. fl. 44. kr. 8. Pfund Kern⸗Brod 10. kr. 2. Pfund 8. Loth 3. kr. 17. Loth Weck
282 638 449 700 vor 1. kr.
239 680 1896 755 In Mayntz das Malter Rocken⸗Mehl 3. fl. Waitzen 3. fl. 44. kr. Korn 2. fl. 14. kr. Ger⸗
278 735 1890 799 ſten 1. fl. 46. kr. Haber 1. fl. 8. kr. Speltz 1. fl. 14. kr. Huͤrſchen 5. fl. 10. kr. Weiß⸗
277 781 602 842 Mehl 4. fl. 40. kr.
282 835 1840 920 Unter andern Buͤchern ſind auch bey dem Verleger dieſes Blats folgende
945 900 1140 959 zu haben:
321 940 1890 1008 Leben der Marianne in octav, 1 fl. Heidemanns/ Architectura Militaris, mit Kupffer in
231 992 1888 1058 fol. 3 fl. Lerſners/ Franckfurther Chronica, in fol. 3 fl. Gottfrieds/ Archontologia Coſmi-
229 1049 1885 1103 ca, in fol. 2 fl. 30 kr. Maſenii, Hiſtoria Caroli V. & Ferdinandi I. in 4to, 48 kr. Terminei,
229 1090 1885 1158 Gerichtliche Proceſs, in 4to, 40 kr. Pirniſch⸗ und Praagiſche Friedens⸗Pacten/ in 4to, 2. kr.
229 1139 1885 1202 Pacii, Analyſis ad inſtituta, in 8vo, 20 kr. Jaͤgers/ Europaͤiſcher Hiſtoricus, 2. Baͤnd in 8.
232 1187 1885 1251 1. fl. Volckens/ Genealogiſches Titular Buch/ in 8vo, 20 kr. Liſt und Luſtige Begeben⸗
226 1236 1883 1302 heiten der Herren Oſficier auf Werbungen/ darbey gebunden angenehmer Zeitvertreib des
225 1282 1883 1346 Brandwercks bey Leipzig/ in 8vo, 1. fl. Gluͤckſeeligkeit des ohnverheyratheten Frauenzim⸗
226 1329 1883 1394 mers/ in 8vo, 1. fl. NB. So kan man auch bey ihme den Augenſchein einnehmen von dem
225 1388 1882 1434 nunmehro gantz heraus gekommenen Atlas, Methodique de Monſieur Palairet, davon die Goͤt⸗
225 1424 1882 1490 tingiſche gelehrte Zeitung vom 28ten April 1755. alſo urtheilet: „Das Werck iſt Ruhm⸗
223 1473 1880 1538 „wuͤrdig/ dann ob gleich in Anſehung des weſentlichen Stucks der Charten eines und das
225 1523 1876 1585 „andere zu erinnern waͤre/ ſo iſt es doch zu Erlernung der Geographie uͤberaus bequem/ ja nach
226 1565 1877 1634 „dieſer und keiner andern Lehr⸗Art koͤnnen und muͤſſen junge Leuthe den Erdboden am leich⸗
226 1616 1879 1682 „teſten und beſten kennen lernen.„ Gedachter Atlas beſtehet aus 53. auf groß Real Papier
223 1663 1877 1729 geſtochenen illuminirten Charten/ darzu gehoͤret/ die in 3. Tomis in octavo ſub titulo: Nou-
225 1711 1876 1769 velle Introduction à la Geographie moderne, von dem nehmlichen Autore verfaſſete Inſtru-
222 1762 1874 1827 ction. Alles zuſammen/ nehmlich der Atlas und die Introduction koſten in Londen 4. Gui-
222 1809 886 1878 nees, oder 40. fl. ohne den Tranſport.
355 1860 1727 1935 In der Knechtſchen Hof⸗Buchhandlung allhier iſt zu haben:
262 1915 1873 1979 Allhier ſind die von dem Reſormierten Pfarrer Poͤrtner in Franckfurt gehaltene drey Pre⸗
216 1967 1869 2031 digten/ welche bey Gelegenheit der ſeit einiger Zeit vorgefallenen Erdbeben/ und Waſſerflu⸗
214 2016 1867 2080 then gehalten/ und nebſt einem Verſuch die Herrlichkeit GOttes/ in dem Erdbeben zu zeichen/
216 2059 1871 2131 vor 24. kr. zu haben. Man verſichert zum Voraus daß dieſe/ von dem beruͤhmten Manne
216 2109 1865 2181 mit derer Ihm vorzuͤglich eigenen Beredſamkeit gehaltene Predigten/ nicht ohne Empfindung
216 2165 1867 2229 eines innerlich ruͤhrenden Vergnuͤgens und Bewunderung der Allmacht GOttes/ geleſen
216 2210 510 2287 werden koͤnnen.
