2302 2817
319 287 638 369 Nro. XXXVI.
305 521 665 600 Mit Ihro Chur
306 585 645 672 zu Pfalz gnaͤ⸗
346 652 629 726 tem⸗ Privi-
311 973 1988 1051 Wochentliches Mannheimer Frag und Kundſchaffts⸗Blatt, welches von dem
311 1017 1987 1101 Churfuͤrſtlichen Antiquario Jacob Pfaͤhler verlegt/ und alle Freytag Nachmittag
360 1065 1938 1151 neben dem Pfaͤltzer Hof in dem Neu angemahlten Hauß bey Herrn Perruquier
410 1112 1876 1200 Trillig im untern Stock ausgegeben wird. Samſtags Fruͤh aber
468 1162 1824 1248 in Heidelberg bey Ihme Antiquario und Privilegirten Univerſi⸗
673 1214 1597 1289 taͤts⸗Buchhaͤndler ebenmaͤſig zu haben iſt.
474 1291 1835 1380 Es iſt dieſes Blatt in die noͤthige Claſſes eingetheilet und enthaͤllt:
319 1359 1094 1439 1. Sachen ſo zu verkauffen in und auſſer der Stadt.
312 1394 1113 1471 2. Sachen welche zu kauffen und leyhen geſucht werten.
1244 1436 1448 1497 Paſſagiers.
314 1446 1074 1511 3. Zum verleyhen und vermiethen wird angebothen.
312 1483 1120 1563 4. Sachen ſo geſtohlen verlohren oder gefunden worden.
1138 1514 1990 1574 9. Monathlicher Stadt Mannheimer Vietnalien⸗Tax.
316 1529 964 1594 5. Gelehrte Sachen und Buͤcher⸗Verkauf.
516 1590 1788 1669 I) Sachen ſo zu verkaufen in und auſer der Stadt.
324 1643 1990 1729 1. In dem Magazin am Rheithor ſind etliche 100. Stuͤck eyſerne Oefen, der groſe Waſ⸗
368 1696 1988 1771 ſer⸗Krug genannt am Gewicht 2¼ Centner 2½. Schuh hoch und ſo lang und 2. Schuh
366 1746 1990 1820 breit, in billigem Preiß zu verkauſen, wie auch eyſene Blatten auf Herdt das ℔. a 2. kr.
368 1806 635 1868 zu bekommen.
325 1838 1993 1917 2. Eine gar wenig gebrauchte Drehe⸗Banck mit einer meßinge Spindel, worauf feine
369 1893 1993 1965 Arbeit gedrehet werden kan, iſt mit allem darzu gehoͤrigem Werckzeug zu verkaufen, wer
369 1940 1991 2015 darzu belieben, kan das Weitere zu Heydelberg bey dem Drehermeiſter Buchner in der
371 1989 945 2070 Keltengaß wohnhaft erfahren.
523 2072 1796 2151 III) Zum verleyhen und vermiethen wird angeboten.
331 2128 1990 2211 1. In Heydelberg iſt das in der Vorſtadt gegen dem Karpfen uͤber liegende und Hr. Joh.
377 2183 1991 2259 Philipp Hofmeiſter gehoͤrige halbe Hauß, beſtehend unten in einem Kramladen, zwey
375 2233 1993 2317 Stuben und einer Kuche, oben in 2. groſen Stuben, einer Kuche und Kammer, zwey
1894 2283 1993 2347 uͤber
1392 2355 1855 2422 Städt. Archiv
1440 2435 1808 2507 Mannheim
1382 2518 1550 2580 lnv. Nr.
1382 2597 1498 2655 Sign.
1148 1349 1648 1415 6. Allerhand Avertiſſements.
1148 1389 1987 1464 7. Liſte der angekommenen Fremden Herrſchaften und
1143 1457 1388 1539 8. Insgemein.
1639 494 1985 572 Fuͤrſtl. Durchl.
1653 563 1982 661 digſt ⸗ ertheil⸗
1733 635 1868 705 legio.
1667 275 1941 345 Den 5. Sept.
1744 342 1890 405 1766.
