2131 2731
497 254 1349 342 VI). Allerhand Avertiſlements.
116 383 1734 461 Nachdeme man bey der den 1. Nov. laufenden Jahrs, zur Endſchaft neigenden zwoͤlf
655 338 1129 406 AVERTISSEMENT.
106 432 1736 515 ſaͤhrigen Beſtands Zeit der dahieſig Staͤdtiſchen Neckar Bruͤcken, ſelbige auf mehrere
109 487 1731 561 Jahren in einen abermahligen Temporal Beſtand, mittelſt einer ofentlichen Verſteigung
109 534 1733 609 zu begeben reſolviret, und zu Vornehmung ſothaner ofentlichen Begebung an den
110 584 1733 655 Meiſtbiethenden unter annehmlichen Bedingnuſſen, auf dahieſigem Rathhauß Ter-
110 629 1730 708 minum auf den 15ten kuͤnftigen Monaths Septembris Nachmittag 3. Uhr veſtgeſetzet hat;
110 676 1730 747 Alls wird ein ſolches zu jedermanns, deren Herren Liebhaberen Wiſſenſchafft hiemit be⸗
110 728 1730 808 kannt gemacht, um auf vorgemelte Zeit auf allhieſigem Rath Hauß ſich einfinden zu moͤ⸗
113 779 895 851 gen. Mannheim den 23ten Aug. 1766.
723 831 1060 917 Stadt⸗Rath.
808 901 982 967 Gobin.
657 986 1135 1059 AVERTISSEMENT.
1542 952 1727 1027 Schmiz.
116 1052 1725 1127 Da die innſtehenden Monath Septembris zu End gehende Oehl⸗Lieferung in Behuef
106 1106 1725 1169 hierobigen Garniſonen und Invaliden⸗Stationen auf ein anderweites Jahr in offentli⸗
104 1156 1727 1219 gen Verſteigung den 9ten Eingangs gedachten Monaths Septembris nachmittags gegen
106 1206 1724 1269 2. Uhr auf Churfuͤrſtl. ohnmittelbarer Kriegs⸗Oeconomie Commiſſions Canzley an den
109 1256 1724 1315 Wenigſtnehmenden unter annehmlichen Bedingnuſſen uͤberlaſſen werden ſolle; So wird
107 1304 1728 1362 ſolcher Vorgang dem Publico des Ends hierdurch bekannt gemacht, damit die zu ſothaner
109 1347 1724 1414 Entrepriſe Luſttragende ſich in beſtimmter Zeit und Orth einfinden⸗ und das Weitere
106 1400 1288 1458 vorlaͤufig vernehmen moͤgen. Mannheim den 30ten Aug. 1766.
201 1442 1578 1521 Churpfaltz ohnmittelbare Kriegs⸗Oeconomie Commiſſion.
774 1503 1024 1567 von Geisler
654 1585 1129 1652 AVERTISSEMENT.
1607 1559 1724 1617 Stein.
118 1638 1728 1714 Dem Publico wird hiermit bekannt gemacht, daß naͤchſtkuͤnftigen Dienſtag als den 9ten
109 1691 1727 1766 hujus in des abgelebten Churpfaͤltzl Geheimen und Regierungs Rathen, ſo dann Hof⸗
107 1738 1725 1813 Cammer Directorn Herrn Zwik ohnweit der Jeſuiter Kirch hinter dem Freyherrl. von
103 1785 1724 1863 Dahlbergiſchen Hof gelegenen Hauß, allerhand Haußrath, als Silber, Koſtbahrkeiten,
106 1838 1724 1910 Kleydung, leinen Getuͤch, Zinn, ꝛc ſo dann darauf verſchiedene Faͤſſer, guter Laagen
104 1887 1722 1952 von alten Weinen, ſodann das Hauß ſelbſten, wegen welchen aber annoch der gewißte
109 1934 1721 2010 Tag darzu beſtimmet werden wird, an den Meiſtbiethenden freywillig in offentliche
107 1981 784 2058 Verſtaigung gebracht werden ſollen.
657 2036 1138 2110 AVERTISSEMENT.
110 2098 1724 2180 Es avertirt Joſeph Nockin und Sohn Carten Fabriquanten von Franckenthal, daß ſie
101 2162 1725 2239 dermahlen ihre Niederlage von Carten in dem Churfuͤrſtl. Porcelain Magazin zu Mann⸗
1621 2222 1724 2298 heim
