2141 2804
369 274 2031 364 uͤber einander ſeyenden Speicher, unter dem Hauß in einem groſen Keller, im Hof ein
372 325 2003 406 Heuſpeicher, unter demſelben eine Cammer und gemeinſchaftliche Waſchkuch, auch fer⸗
377 376 2000 453 ner noch Plaz vor eirca 10. Klafter Holz trucken zu legen, gegen billigen Zinß zu verlehnen,
372 420 1996 507 die etwa hierzu Luſthabende Herrn Liebhabere koͤnnen ſich bey obgedachtens Bruder Georg
372 475 1994 554 Heinrich Hofmeiſter aͤlterer dahier melden und eines billigen Accords verſichert ſeyn.
327 521 1992 609 2. Ein aus Holland kuͤrzlich angekommener Gaͤrtner ſo verheyrahtet ſuchet als Gartner ſich
370 571 1020 637 bey einer Herrſchafft zu verdingen.
333 615 1994 702 3. Eine junge Weibsperſohn, welche ſchon 8 Monath als Saͤug⸗Amme bey einer Herr⸗
373 666 1647 736 ſchaft ware, ſucht wieder als Saͤug⸗Amme in Dienſten zu kommen.
328 715 1994 797 4. Bey einem ſichern Freund liegen 100. fl. Baſconiſche Pupillen Gelder gegen erſte gericht⸗
370 769 1991 850 liche Hypothec zum außleihen parat als weßwegen bey dem Verleger dieſes Blats das
375 814 782 884 Mehrere zu erfahren.
420 895 1913 982 IV) Sachen ſo geſtohlen, verlohren, oder gefunden worden.
331 954 1994 1028 1. Auf dem Weeg nach den Neckar⸗Gaͤrten iſt eine Schnur Fluß⸗Corallen gefunden wor⸗
372 1006 1514 1076 den, wer ſolche verloren kan ſich bey Außgebern dieſes melden.
624 1087 1701 1166 V) Gelehrte Sachen und Buͤcher⸗Verkauf.
328 1141 1991 1210 I. Bey Verlegern dieſes Blatts, dem Churfuͤrſtlichen Antiquario Pfahler ſind unter an⸗
373 1193 1489 1257 dern Buͤchern auch folgende billigen Preiſes zu bekommen:
325 1233 1996 1316 I. Von Cronegk Poëtiſche, Moral und Theatraliſche Wercke 2. Theile neue vortreflich ſchoͤn
370 1292 1994 1359 auf Schreib Pappier mit neuen Lettern gedruckte, vermehrte und mit des Herrn Authoris
367 1338 1996 1409 in Kupfer geſtochenen Portrait verſehene Auflage Amſterdam 1765. 8vo. ungebunden 2. fl.
327 1387 1994 1454 II. Begrif kurzer doch gruͤndlicher des geſamten Feld Baues, oder Anweiſung alle Arten des
372 1437 1992 1500 Getreydes, der Futter⸗Kraͤuter und vornehmſten zur Kleydung und Faͤrberey dienlichen
370 1479 1824 1545 Gewaͤchſen mit Nuzen zu bauen ꝛc. Stuttgardt 1764. 8vo. ungeb 1. fl. 20. kr.
325 1539 1992 1615 2. In der Churfuͤrſtlichen Hof⸗Buchhandlung, welche nunmehro in die Gaſſe am Marckt,
370 1593 1989 1663 von der Hauptwache nach der reformirten Kirche zu, dem kleinen Viehhof gegen uͤber,
372 1643 1991 1708 hin verlegt worden ſind folgende ganz neue Buͤcher zu haben: 1) Betrachtung uͤber
372 1691 1992 1760 die Natur von Hr. Carl Bonnet mit Kupfern 2. fl. 2) Adolph Dietrich Ortmans Send⸗
373 1743 1991 1807 ſchreiben an den Verfaſſer der Reliquien 12. kr. 3) Johann Ludwig Hiltebrandts irlaͤn⸗
373 1793 1991 1858 diſche Preißſchrift, auf welche Weiſe alle Armen, Wittwen und Wayſen in jedem
375 1838 1809 1903 Lande verſorget und dem Umlauf der Bettler koͤnne geſteuret werden ꝛc. 30 kr.
330 1917 1986 1989 3. In der Academiſchen Buchhandlung bey Tobias Loͤſler im goldenen Leuchter ſind zu ha⸗
373 1972 1986 2031 ben: 1) Zufaͤllige Gedancken uͤber den erſten Theil des Wuͤrtembergl. Solons. 8vo.
375 2021 1988 2085 1766. 6. kr. 2) Des hochpreißlichen Kayſerlichen Reichs Cammergerichts zu Wezlar
373 2065 1988 2131 Staats Handbuch auf das Jahr 1763. 15 kr. 3) Hiſtoriſche Nachricht von Bayeri⸗
375 2117 1991 2179 ſchen Muͤnzen oder muthmaßliche Erklaͤrung derer zu Reichen Hall ausgegrabenen
375 2166 1988 2232 und im 11 und 12ten Seculo geſchlagenen Muͤnzen mit Kupf. 4to 2. fl. 4) Jo. Jac. Maſ-
375 2212 1910 2288 covii de Jure Feudorum in Imperio Rom. Germanico Liber. 8vo, Poſoni 1765. 40 kr.
1781 2255 1991 2347 VI) Aller⸗
