2208 2764
525 264 1833 331 Ankommende fremde Perſonen vom 13ten biß 19ten April.
396 319 2025 376 Den 1 3ten April/ Mr. Monier und Mr. Durin Kaufleuth aus Turin/ und Hr. Haag Han⸗
365 365 2025 426 delsmann aus der Schweitz im guldenen Ochſen. Hr. Amtmann Fuͤtger von Gundels⸗
364 413 2025 471 heim und Mr. Maſſaut, Kaufmann von Straßburg im Pfaͤltziſchen Hof Hr. Staͤdler/ Tiſch⸗
364 459 2026 522 Zeug Haͤndler aus der Schweitz/ Hr. Amts⸗Keller Hafner von Fußgenheim im guldenen
361 511 2026 569 Ochſen. Hr. Baron von Koͤhler/ Volontaire von den Frantzoͤſiſchen Schweizern im weiſſen
361 558 2025 618 Baͤhren. Hr Faſanenmeiſter Hamm von Sandhauſen im guldenen Bock. Hr. Bietz/
361 609 2026 671 Handelsmann aus Rotterdamm im guldenen Ochſen. Hr. Dominicus Majo ein verungluͤck⸗
361 652 2026 715 ter Hollaͤndiſcher Schiffs Capitain. Hr. Zehe Schulteiß von Ziegelhauſen in der neuen Pf.
361 698 2028 763 Hr. Waltz/ Zentgraf/ Hr. Schmucker und Hr. Schneider vom Grafen von Erbach Fuͤr⸗
358 750 2026 812 ſtenau/ Hr. Biſchof/ Kaufmann von Baſel/ zwey Hr. Gebruͤder Meille Kaufleuth von Genf/
359 796 2026 858 und Hr. Beſtlin/ Kaufmann von Schafhauſen/ im weiſſen Baͤhren. Den 15. Hr. Toſcano,
359 847 2029 907 Kaufmann von Augſpurg und Hr. Heck/ Handelsmann von Weinheim/ im guldenen
359 892 2026 955 Ochſen. Hr. Schaaf von Coblentz/ Hr. Deborne Kaufmann von Duͤſſeldorff/ Hr. Lud⸗
359 945 2026 1002 wig⸗ Hr. Boͤhm und Hr. Brotzler Juriſten von Mayntz im weiſſen Baͤhren. Hr. Schaff⸗
359 996 2028 1048 ner Wienß von Wormbs/ Hr. Forſtmeiſter Moritz vom Marggrafen von Anſpach/ im
358 1039 2026 1102 guldenen Bock. Den 16ten Hr. Walter/ Kaufmann von Bayreuth/ im Pfaͤltziſchen Hof.
359 1087 2026 1145 Hr. Amtmann und Hr. Hildterle von Memmingen im weiſſen Baͤhren. Den 17ten Hr.
358 1136 2026 1193 Amtmann Netzel von klein Gartach im guldenen Ochſen. Hr. Baron von Hunsler/ Obriſter
358 1182 2026 1243 aus Sachſen in 3. Koͤnigen. Hr. von Kochius Frantzoͤſiſcher Capitain, Hr De Battis Apote⸗
358 1228 2022 1296 cker von Wuͤrtzburg im Pfaͤltziſchen Hof. Ober⸗Einnehmer Braun von Altzey/ in der N.
359 1277 2025 1340 Pfaltz. Den 18. Graf von Schaͤller/ Faͤndrich von den Dragonern im Rieſen. Mr. Marone
357 1319 2021 1384 aus Italien in 3. K. Den 19ten Mr. le Comte de Haneregard, Kayſerl. Hauptmann und
358 1372 2020 1434 Hr. Bickel Handelsmann von Nuͤrnberg im guldenen Ochſen. Hr. Ober⸗Jaͤger Oſterheld/
356 1423 1856 1487 von Schwetzingen/ Hr. Zeugmeiſter/ Seitz von Bruchhauſen im guldenen Bock.
617 1498 1747 1566 Wem das Gluͤck wohl will, der fuͤhret die Braut heim.
513 1547 1478 1610 Es kommet doch nur auf die meiſten Stimmen an/
519 1596 1295 1666 Wenn einer uͤber ſich ſoll laſſen judiciren;
516 1646 1055 1706 Wer dieſe nur erhalten kan/
513 1690 1475 1755 Der wird wohl ſelten diß/ was er geſucht/ verlieren.
511 1739 1866 1812 Daher es dann auch kommt/ daß/ wen der Poͤbel in Hochachtung nimmt/
513 1791 1505 1848 Der muß gelehrt und klug/ auch wohl erfahren heiſſen/
511 1834 1665 1902 Da doch Verſtand und Witz bey ihm wie Schmincke gleiſſen.
514 1884 1054 1944 Verlieret einer deſſen Gunſt/
511 1930 1212 1993 So wird die groͤſte Kunſt ſuͤr Dunſt
511 1983 1201 2046 Und leeres Schattenwerck gehalten:
511 2030 1515 2091 Da muß man/ wie er will/ mit ſich denn laſſen ſchalten.
513 2085 1596 2140 Wer ſieht nun nicht? das Recht der Macht muß weichen/
513 2125 1585 2189 Und auch ein Maͤchtiger vorm Staͤrckern Seegel ſtreichen.
510 2178 1559 2241 Drum ſoll mein Leibſpruch ſeyn: O Eitelkeit des Lebens.
514 2223 1628 2304 Wenn GOtt und Gluͤck nicht will/ iſt alles gantz vergebens.
