2186 2767
421 251 2059 318 nicht weniger wider die Unfruchtbarkeit ſowol maͤnn⸗ als weiblichen Geſchlechts, u. zu
427 299 2053 361 Staͤrckung der Leibesfrucht ꝛc. als ein unvergleichl. Medicament gebraucht werden.
425 344 2052 411 Auch iſt es den Waſſer⸗Trinkern ſehr dienlich, maſſen es das Waſſer corrigiret und ver⸗
425 393 2055 456 duͤnnet, auch den Magen ſtaͤrket und das Waſſer abfuͤhret. Das Glaͤßlein koſt 12½ kr.
424 448 762 510 rhn oder 6. ggr.
380 481 2054 558 4) Medicina univerſalis in omnibus intermittentibus, oder Univerſal Medicin in allen und
428 541 2052 604 jeden Wechſelfiebern ſicher zu gebrauchen, indem ſolche alle Fieber ohne Unterſchied aus
425 588 2049 651 dem Grund zu heben das Vermoͤgen hat, und ſolche mittelſt 9. Morſellen in 8. oder 9.
426 641 2047 707 Tagen allen Menſchen ohne Unterſchied des Alters, des Geſchlechts oder Complexion,
430 687 2050 747 voͤllig vertreibt, ohne zu befuͤrchten, daß es allzu ſtark, oder durch deſperate Mittel die⸗
430 736 2050 799 ſen Feind nur aus ſeiner ordentl. Werckſtaͤtte vertreibe, oder deſſelben Operationen
428 783 2047 843 mit Gewalt hemme, aber deſſentwegen doch nicht gaͤnzlich delogire. Die Doſis iſt ſo
425 831 2050 894 behutſam ein⸗ und abgetheilt, daß ſie auch dem kleinſten Kinde eben ſowol, als einem
428 879 2047 946 jungen Menſchen oder alten Greiſe, kecklich eingegeben werden koͤnnen. Die Doſis zu
430 928 1604 986 einer Kur in ein Schaͤchtelein mit 9. Morſellen, koſtet 1. Rthlr.
387 973 2047 1042 5) Balſamus ſtipticus & ſanguinem ſiſtens, oder vortreflicher und approbirter Wund⸗Bal⸗
428 1022 2047 1092 ſam, welcher in etlichen Minuten das Blut ſtillet, und nicht nur allein friſche Wunden
428 1074 2052 1139 heilet, ſondern auch alle um ſich freſſende, krebshafte fiſtuloͤſe Schaͤden, Geſchwaͤre
427 1123 2050 1189 und Salzfluͤſſe curiret; vertreibet auch alle Flecken, Finnen und Pockenmaͤhler, Som⸗
430 1169 1898 1242 merſproſſen, Leberflecken, allen unreinen Ausſchlag. Das Glaͤßl. koſt 6. ggr.
991 1237 1446 1294 Die Continuation folgt.
468 1380 1964 1455 VII) Liſte der Angekommenen fremden Herrſchaften und Paſſagiers.
911 1457 1540 1514 vom 9ten bis 16ten Sept. 1766.
463 1519 2047 1607 Hr. Robinet Commiſſ. francois, Hr. Jung Hofcamrath von Hiezſpach, im Prinz
379 1583 2049 1650 Friederich. Hr Blum Hofcamrath von Germersheim, Hr. von Kolff Obriſt Lieut. un⸗
378 1632 2040 1704 ter Prinz Birkenfeld Regm., im Pfaͤlziſchen Hof. Mr. Vaquier Inſpect. de Poud. & Salp.
380 1685 2045 1750 en Alſace, Mademoiſſ. Conſtante de Paris, Hr. Hofrath Heger von Maynz, Hr. Stadt⸗
382 1735 2050 1797 Schulthß Cremer, im goldenen Pflug. Hr. Lic. Katzner von Stuttgard, Hr. Graf von
378 1780 2050 1846 Golobskin nebſt deſſen Frau Gemahlin, im goldenen Schwanen. Hr. Schram von Fuld,
378 1830 2047 1897 Hr. Huͤter von Bruſſel, Madame Hacterin von Duͤſſeldorf, im weiſen Baͤren. Hr.
378 1875 2052 1941 Außfauth Martini von Lautern, Hr. Doctor Schneppel von Elberfeld, im goldenen
378 1929 2052 1989 Bock. Mr. de Chelje von Paris, Hr. von Zyllenhard, Hr. Corn. Worſſemer Negot,
379 1970 2050 2041 aus Amſterd. Hr. Cramer Kaufmann von Franckfurth, im Prinz Carl. Hr. Schaͤ⸗
382 2021 2052 2095 fer Baumeiſter von Neuſtadt, Hr Loͤfler von Reipoltskirchen, Hr. Anſpach, Hr. Bolza
382 2070 1139 2149 von Sobernheim, in der neuen Pfalz.
