2139 2747
102 215 453 289 Nro. XXXVIII.
100 436 454 512 Mit Ihro Chur
94 499 435 582 zu Pfalz gnaͤ⸗
131 570 418 634 tem ⸗ Privi-
102 882 1777 956 Wochentliches Mannheimer Frag und Kundſchaffts⸗Blatt, welches von dem
108 926 1775 1014 Churfuͤrſtlichen Antiquario Jacob Pfaͤhler verlegt, und alle Freytag Nachmittag
146 982 1731 1057 neben dem Pfaͤltzer Hof in dem Neu angemahlten Hauß bey Herrn Perruquier
204 1027 1667 1114 Trillig im untern Stock ausgegeben wird. Samſtags Fruͤh aber
258 1078 1612 1161 in Heidelberg bey Ihme Antiquario und Privilegirten Univerſi⸗
465 1127 1390 1205 taͤts⸗Buchhaͤndler ebenmaͤſig zu haben iſt.
271 1205 1622 1284 Es iſt dieſes Blatt in die noͤthige Claſſes eingetheilet und enthaͤllt:
114 1265 904 1343 1. Sachen ſo zu verkauffen in und auſſer der Stadt.
922 1256 1442 1327 6. Allerhand Avertiſſements.
114 1313 904 1384 2. Sachen welche zu kauffen und lehnen geſucht werten.
922 1302 1774 1371 7. Liſte der angekommenen Fremden Herrſchaſten und
109 1364 870 1416 3. Zum verleyhen und vermiethen wird angebothen.
1036 1359 1247 1407 Paſſagiers.
105 1398 904 1462 4. Sachen ſo geſtohlen verlohren oder gefunden worden.
934 1394 1181 1454 8. Insgemein.
109 1439 758 1498 5. Gelehrte Sachen und Buͤcher⸗Verkauf.
928 1429 1780 1489 9. Monathlicher Stadt Mannheimer Vietnalien⸗Tax.
311 1503 1586 1574 1) Sachen ſo zu verkaufen in und auſer der Stadt.
119 1559 1783 1626 1. Es ſtehet allhier eine wohl conditionirte Franzoͤſiſche Poſt Chaiſſe in billigem Preiß zu
160 1610 1322 1672 verkaufen, das naͤhere iſt bey Außgebern dieſes zu vernehmen.
119 1658 1786 1726 2. Es hat ein ſicherer Freund in Mannheim vor dem Heydelberger Thor liegend 6 Morgen
169 1709 1787 1767 1½. Viertel Ackerfeld, welches wohl unterhalten in 5. Stuck beſtehend zu verkaufen, wer
161 1762 1786 1831 darzu Luſt traget zu erkauſen, kan das Naͤhere bey Verlegern dieſes Kundſchaft⸗Blats
163 1806 670 1872 erfahren und ſich melden.
316 1886 1592 1964 III) Zum verleyhen und vermiethen wird angeboten.
119 1952 1784 2039 1. Bey einem ſicheren Freund liegen 800. fl. auf 1te gerichtl. Hypothec zum ausleyhen parat.
114 2012 1534 2073 2. Liegen 3000. fl. auf ebenfalſige 1te gerichtl. Hypothec zum außleyhen parat.
116 2051 1717 2144 3. Ohnweit dem Schoß ſeynd 4. meubl. Zimmer vor einen ledigen Herrn zu verleyhen.
1526 2110 1789 2197 IV) Sachen
1444 183 1745 251 Den 19. Sept.
1526 248 1671 318 1766.
1427 399 1772 486 Fuͤrſtl. Durchl.
1439 468 1766 552 digſt⸗ ertheil⸗
1519 543 1651 616 legio.
