2325 2745
730 225 1694 291 Sachen welche man auszuleyhen willens.
379 282 2039 346 Auf dem Marckt iſt in einem wohlgelegenen Hauß ein meubliertes Zimmer vor ein oder
425 333 1338 395 zwey ledige Herren in civilem Preiß zu verleyhen.
382 378 2044 449 Bey einem gewieſen Freund ligen gegen genugſame erſte gerichtliche Hypothec 300. fl. zum
427 431 746 500 außleyhen parat.
959 463 1429 539 AVERTISSEMENT.
466 510 2034 590 Dem Publico wird hierdurch zu wiſſen gethan/ daß alle/ welche Luſt tragen in der von
377 569 2036 640 Ihro Churfuͤrſtl. Durchl. gnaͤdigſt privilegirten hieſigen Sti Caroli Borromæi all⸗mo⸗
375 619 2034 686 nathlich gezogen werdender Hoſpitals Lotterie ihr Gluͤck zu verſuchen/ dieſelbige die Billets
370 672 2034 725 bey denen deßwegen conſtituirten Haupt⸗Collecteurs: als Hoſpitals-Caſſirern/ Hrn. Kre⸗
377 720 2034 777 tzer/ in der Benſcheidiſchen Behauſung unteren Stock ohnweit der neuen Pfaltz/ ſodann
378 762 2036 829 dem Hoſpitals-Controlleur, Hrn. Hartmuth/ gegen der Lutheriſchen Kirchen uͤber neben den
375 809 2035 878 vier Huf⸗Eiſen wohnhafft/ das Stuck per 31. kr. nach Ausweis der allda auch gratis zu
375 855 1471 933 gehabender Lotterie⸗Planen/ nach Vergnuͤgen zu gehaben.
974 916 1446 965 AVERTISSEMENT.
468 950 2035 1018 Es wird hierdurch bekandt gemacht/ daß allerhand Pretioſa, als Ringe mit Diaman⸗
375 1006 2036 1069 ten/ Brillanten und andern Edelgeſteinen garnirt/ dann ſonſtige Jubelen/ wie auch gold⸗
372 1052 2033 1110 und ſilberne Repetir- und Sack⸗Uhren/ fort verſchiedenes koſtbares Gold⸗ und Silber⸗
379 1102 2030 1168 Werck/ den 4ten kuͤnfftigen Monaths May/ als Dienſtags des Vormittags 9. Uhr auf
372 1148 2036 1209 Churfuͤrſtl. Hof⸗Gerichts⸗Cantzeley offentlich aufgebothen/ und plus offerenti gegen baare
373 1194 2034 1269 Bezahlung uͤberlaſſen werden ſollen; Als wornach ſich die reſpective Herrn Liebhabere zu
381 1252 2032 1323 achten/ und in obenberaumten Termin an Ort und Stelle ſich einzufinden wiſſen werden.
373 1288 1025 1355 Mannheim/ den 9ten Aprilis 1756.
950 1326 1426 1392 AVERTISSEMENT.
421 1372 2032 1443 Demnach dieſes Jahr der Erſte Tag deß Monaths May auf einen Samſtag einfallet/
370 1431 2029 1502 und man dahero Verordnet hat/ daß der dahier eingefuͤhrte Viehe⸗Marckt/ auſ den darauf
370 1482 2029 1550 folgenden Montag/ mit hin den 3ten kuͤnfftigen Monaths May gehalten werden ſolle. Als
373 1532 1524 1592 wird ſolches dem Publico hiermit nachrichtlichen ohnverhalten.
803 1570 1591 1643 AVERTISSEMENT aus Heydelberg.
459 1612 2032 1692 Es wird hiermit dem Publico, und beſonders denen Muͤllern/ bekandt gemacht/ daß den
368 1672 2029 1743 26ten naͤchſtkommenden Monaths May/ die der Chur⸗Pfaͤltziſ. geiſtlichen Adminiſtration
370 1727 2029 1786 zugehoͤrige in der Stadt Heydelberg ſehr wohl ſituirte/ in fuͤnff Mahl⸗ und einem Scheel⸗
370 1775 2029 1830 Gang/ nebſt daran gelegenen wohl gebauten Wohnung/ auch ſ. v. Pferds⸗ und Schweins⸗
375 1823 2029 1884 Staͤll beſtehende/ ſogenandte Muͤnch⸗Muͤhl/ gegen Entrichtung jaͤhrl. 40. Malter Korn
377 1866 2025 1930 Pfacht/ und 11. fl. Maſt⸗ und Almenten Zinß/ Nachmittags um 2. Uhren im Gaſt⸗Hauß
370 1919 2025 1983 zum guldenen Ochſen Erb⸗ und Temporal beſtaͤndlich an den Meiſtbiethenden verſteigt und
373 1959 1440 2023 uͤberlaſſen werden ſolle. Heydelberg/ den 19. April. 1756.
874 2006 1525 2072 Avertiſſement aus Ladenburg.
457 2042 2029 2127 Es wird hiermit jedermaͤnniglich (deme daran gelegen) kund und zu wiſſen gemacht/
370 2104 2027 2175 daß auf inſtehenden Montag/ als den 26ten dieſes lauffenden Monaths April die bey der
375 2153 2025 2255 Ladenburger Hoſpital-Verwalterey vorraͤthig liegende und in allerhand Gattungen beſte⸗
1903 2209 2024 2286 hende
