2127 2583
462 288 60 50 10

456 331 1421 73 chen und Latelner Zojos genandt. Na h der Hand hat ſich der Nah⸗

457 386 1424 71 men Bojus in Bavarus veraͤndert, zu teutſch, Bayr. DDis ware ein ſehr

457 434 1423 79 ſtreitbares Volck, ſo viel Laͤnder eingenommen, abſonderlich gaben ſie

460 485 1417 73 denen Roͤmern viel zu ſchaffen, ſchlugen dieſelbe offt gewaltig, und

459 538 1419 71 wurden von ihnen geſchlagen, endlich ſo ſtarck, daß ſie ſich reririren,

460 586 1420 72 und in das Land Tauriſcum, von dem Berg Tauro, zu teutſch Stier,

460 640 1421 67 oder Steurmarck begeben muͤſſen, um das Jahr Chriſti 296. Unter de⸗

462 693 1419 64 nen Kayſern Valente und Gratiano (da des Kayſers Adriani wohl⸗

460 740 1421 76 beſtellte Ordnung, wie alle dem Roͤmiſchen lmperio unterworffene

462 790 1421 75 Laͤnder ſollen gudernirt werden, nach der Hand aber durch eigennutzigt

463 839 1415 79 Regenten in ein Verwuͤrrung und Unordnung gerathen, Krieg und al⸗

463 891 1417 74 les Unheil verurſachten) haben ſich die Bayern wieder erhollet, und

463 939 1415 76 mit groſſer Tapferkeit denen Roͤmern das Rieß⸗ und Nordgau (Na-

463 991 1415 66 riſcum) und alles, was Tyroll, Oeſterreich, und Saltzburger⸗Land

463 1043 1415 69 begreifft, doch nicht ohne groſſen Gewalt hinweg genommen. Einige

465 1093 1416 75 Hiſtorici melden, daß die Bojohemi (Bohemi, Boͤhm) von denen

465 1148 645 70 Boijs den Nahmen bekommen.

598 1189 1283 79 Adelgerus der Boijen Koͤnig kriegte in diſem Land ſtarck widet

463 1245 1418 78 allda wohnende Roͤmer, die Bayrn in die zo0. Fahr innen hatten⸗

465 1295 1415 79 gewannen aber nicht gar viel, zogen wohl hin und wieder, und ver⸗

466 1344 1412 82 folgten zugleich die Chriſten, welche ſich mehriſt in dem Nordgau auf⸗

466 1403 319 65 gehalten haben.

601 1440 1279 78 Dioto, oder Dieto der Celtiſchen Helden gewoͤhnlicher Nah⸗

463 1495 1415 80 men will Cœlar Teutonem nennen, welchen Nahmen man auch den

465 1546 1412 69 Mercurio gabe; Liplius derivirt von Thiade und Thiadon Theodo-

466 1595 1412 71 nem, andere nennten ihn Diſtonem, oder Dietonem. Wir bleiben

465 1643 1409 79 bey dem bekannten Nahmen Theodonis, der entſproſſe aus dem Stam

470 1696 1401 71 men Agilolfingorum aus Franckreich, wurde der Bojen Fuͤrſt, un

466 1746 1408 76 bald nach angetrettener Regierung vom Koͤnig in Franckreich ange⸗

470 1796 1401 79 friſcht, und wider die Roͤmer verhetzt, fienge er einen Krieg an, fan

469 1848 1406 73 de Beyſtand von benachbarten Haunen, Abern, Angler, Winden,

472 1899 1398 78 Craner (dann alſo wurdens genennet) und anderen willigen Soldo

470 1954 1394 72 ten. Und da er ſeinen Vortheil erſahe, nach Erbauung der Stas

473 2000 1401 77 Rom 927. gieng der Marſch an die Altmuͤhl zu Dietfurth (welche

472 2053 1393 72 Ort von diſem Fuͤrſten den Nahmen bekommen) ſchluge eine Bru

470 2100 1391 78 cken, kame zu Koͤlheim uͤber die Donau, begwaltigte die kleine Staͤd.

470 2153 1394 76 lein, damit jedermann Urſach haͤtte in die groſſe, ſonderbar in Re

470 2204 1138 92 genſpurs (damals Auguſta Tiberii genannt) zu ſiehen,

1792 2232 82 86 Oe
