1959 2500
58 294 33 60 ſe

690 238 60 66 -.

757 238 65 71 18

846 238 246 68 0) Leg.

1508 254 89 59 21.

195 286 1399 89 ſelden gar praͤchtig vor der Kayſerlichen Burg. So bald der Kayſer

195 338 1394 88 ſo diel Reutter bey Graf Baben ſahe, lieſſe er ſolchen zu ihme fordern,

197 380 71 63 und

277 395 1313 78 ſagt: Es waͤre ſein Befelch geweſen mit wenig Dienern zu kom⸗

194 427 93 68 men.

320 448 1272 74 Nun haͤtte er das Widerſpiel gethan? Babo antwortet: er haͤt⸗

204 491 1389 86 e je nicht mehr als ein eintzigen Diener. Der Kayſer fragte: Wer

198 541 1398 82 ſeynd dann die andern? Allergnaͤdigſter Kayſer. antwortet Babo, es

200 579 84 69 ſeyn

305 595 1289 75 Ihrer Kayſerlichen Majeſtaͤt Diener, und alle meine Soͤhn, die

198 641 1391 86 ſchenck ich, und uberantworts Euer Kayſerlichen Majeſtaͤt zur Zierde,

198 681 63 64 and

277 698 1315 75 Dienſt in Fried Krieg, wie dann Grafen und Herren wohl gezie⸗

198 733 82 67 met,

301 748 1293 78 habs auch mit hoͤchſten Fleiß darzu erzogen, ich hoffe ſie ſollen

202 777 88 73 Ener

295 802 1298 75 Kayſerlichen Majeſtaͤt lieb und angenehm ſeyn. Dem Kayſer

201 845 1387 86 dar das ein herꝛliche, und liebe Schanckung, ſprache die junge Gra⸗

200 897 1385 86 en alle nacheinander an, gabe ihnen die Hand, und empfieng ſie,

205 947 1384 87 ennts ſeine Soͤhn, befahle, ſie ſollen an Kayſerlichen Hof ſeyn, und

204 977 143 79 leeiden.

380 1005 1208 75 Mit der Zeit verſahe der Kayſer einen nach den andern,

204 1045 1388 88 Henckt ihnen Schloͤſſer, und Flecken, und Lehen des Reichs, alſo daß

202 1079 34 64 ie

251 1102 1341 79 alle den Herren⸗Stand fuͤhren kunten. Von welchen noch der

198 1127 109 81 neiſte

205 1179 36 61 u

318 1152 1270 82 Stammen von alten Grafen, und Frey⸗ Herren in Bayrn,

277 1205 1315 76 em VTordgan, Raͤrnren, Francken, und am Rhein ihr HHer⸗

211 1252 1379 84 smmen haben. Unter dieſen z2. Soͤhnen ſevnd geweſen B. Leobrigur.

201 1284 68 63 ind

268 1306 1321 75 B. Heinricus, der erſte hat ſeinen Sitz bey Schwandorff in der JFun⸗

200 1330 61 72 zen

288 1356 1302 74 bfaitz, ligt daſelbſt auf der langen Meil begraben, allwo ein

204 1377 84 84 zrc

300 1408 1289 73 geſtanden, wie noch daſelbſt zu ſehen. Heinricus gabe einen Pil⸗

197 1448 1392 85 ſtam ab, und endete, wie ſein Bruder, ſein Leben in Heiligkeit zu

230 1501 1355 86 orarsbauſen, zwiſchen Wayburg, und Freyfing, thaͤte viele Wun⸗

198 1526 57 83 er

270 1550 177 76 Zeichen.

200 1666 77 78 ꝛ0ꝛ

316 1654 1273 84 Der heiliae Kanſer Zeinrich endete ſein Leben ſeeliglich Anno

195 1723 53 70 ein

330 1713 1258 73 und wurde an deſſen ſtatt erwaͤhlet Conradus, genannt Salicus,

273 1761 1315 77 ertzog aus Schwaben. Dieſer verliehe ſeinem Sohn Heinrich,

200 1770 32 61 n

265 1795 60 61 ter

202 1823 64 70 Her

355 1812 1235 75 Fahr ſeines Alters, nach Abſterben Heinrici Herilonis, das

270 1858 1318 82 ſogrhum Bayrn Heinrich der Sechſte genannt. Als er aber ein

198 1886 79 62 Jahi

301 1911 1287 77 ſernach gar Roͤmiſcher Koͤnig worden, nennte man ihne Heinri-

190 1926 73 60 cum

284 1947 61 65 en

194 1975 44 55 n

357 1962 1229 78 Dritten. Dieſen lieſſe ſein HHerꝛ Vatter zu Aach zum Roͤ⸗

263 1990 63 62 zen

337 2012 1248 78 Koͤnig croͤnen. Anno 1028. celebrirte Conradus das Oſter⸗

219 2026 47 65 eſt

282 2061 1301 79 ilhie, hat ſich Anno 1027 in ltaliam begeben, von Foanne XX.

200 2100 1383 100 enen laoſſen, und auf E Joanns Ders Feſt wieder aldeco komwen.

819 2175 132 81 5b 2

1449 2175 132 66 Anno

30 1201 46 74 u
