1940 2440
338 166 98 53 182

904 157 81 69 18

1009 157 232 74 0) Ehz-

470 206 1269 81 Anno 1612. den &. October hat der Cardinal Carorus Madeu-

332 261 1400 83 tius, Biſchoff zu Trient Legatus à Latere unſer Cloſter viliriret, un

1812 281 117 64 Seyſta

332 317 634 67 die Privilegia confirmiret. (1)

1805 322 113 71 den lie

475 361 1261 79 Was nun in ob⸗ angezogenen Reichs⸗Tag berhandlet worden⸗

1805 371 105 74 Koͤnig

336 412 1391 78 weiſt der Reichs⸗Abſchied unterm Dato 22. Octobr. 1815. Den 2

1807 421 124 72 daß ne

341 462 1384 80 hernach ſeynd Ihro Kayſerliche Majeſtaͤt von hier wieder nach Wien

1808 473 60 61 Ae

340 517 1345 72 auf der DDonau verreiſtHierauf hat ein ſolch Peſtilentziſche S

1812 524 107 71 Hertzo

336 565 1347 78 hie eingeriſſen, daß dieſe Sradt aller Orthen baniſiret worden.

1801 574 132 71 gemein.

462 616 1261 88 Anno 161a. iſt der Saltz⸗ HHandel, welcher zubor 19. Za.

1807 627 124 68 ich un

1812 671 121 75 irſache

337 671 1253 81 nicht mehr bey der Stadt geweſen, wieder hieher kommen

1807 722 92 75 erlar

470 726 1243 84 Anno 1615. hielten die Proreſtirende wieder eine Zufammel

336 778 1349 84 tunfft zu Haylorun, darauf zu Nuͤrnderg. Dabey erſchienen Geſ⸗

1801 814 88 77 Ae c

334 829 1357 81 re aus Franckreich, Engelland, Dennemarck und HHolland. Es al

1803 870 88 72 n der

337 881 1341 80 ge ihnen maͤchtig in Kopf um die Beſtraffung der Aacher, vn

1809 924 98 68 uͤgen

336 931 1355 80 haimer und Donauwerther, noch mehr ader die Bekehrung zum⸗

1805 970 126 75 en M

336 985 1323 77 tholiſchen Glauben Hertzog wolfgaͤngi rPilbelmit, Pfaltz⸗ Grafen

1805 1024 114 75 aͤcht i

336 1032 1340 79 Ueuburg, und die Retormirung ſeines Lands. Geſtalrſame Se

1847 1083 76 58 Anr

336 1084 1335 81 Hochfuͤrſtl. Durchlaͤucht noch dey Leds⸗Zeiten dero Herꝛn Va.

1804 1116 129 75 ie Adr

341 1133 1319 80 Pfaltz⸗Grafen Philipp Ludwig ꝛc. ſich zu der Catholiſchen alletn

1801 1167 115 71 es nu

337 1183 1327 77 uͤgmachenden Religion begeben, und durch nach und nach faͤrger

1807 1217 109 73 dꝛe der

337 1232 1334 77 mene Reformation, das gantze Furſtenthum der Pfaltz⸗ Neuburg

336 1283 1345 87 viel tauſend Seelen auf dem rechten Weeg der Seeligkeit gebracht.

1805 1309 125 81 Auhr a

470 1344 1200 79 Anno 1617. wurde gedachter Convent zu Hailbrun wieder.

1797 1363 121 71 enrlich

334 1389 1309 89 und die dorher beſchloſſene Bund deſtaͤttiget. Der Kayſer ben

1801 1416 91 76 edeu

338 1446 1325 83 ſich biel ſolche zu vertrennen, und die beſorgende Kriegs⸗Flammi

340 1495 1313 86 den Aſchen zu loͤſchen, vermoͤgte aber nichts. Das Feuer brach

1804 1503 87 83 oni,

341 1545 1295 83 in Boͤhm, ergriffe Oeſterreich, Maͤhren, Schleſien, und La.

1804 1562 125 71 nd vr

337 1596 1295 78 die Catholiſche Haͤupter begehrten zu loͤſchen; theils der Proteltir

1812 1613 98 62 reda

1676 1626 47 60 oil

336 1645 1311 79 bevorab obgedachter Union-Haͤupter, nemlichen Fuͤrſt Cbriſtiat

1801 1655 102 76 durg

338 1697 1202 82 Anhalt, Pfaltz⸗Graf Friderich Chur⸗Furſt, Maragraj

1594 1697 69 62 zac

1634 1747 56 95 .

337 1751 1274 68 Ernſt von Brandenburg, Albrecht Graf von Salm, und ſot

1799 1754 112 78 Schlo

1697 1779 17 48 ,

338 1798 1298 79 der ihme und ſeinem Herꝛn zum Fall und allem Ungluck gebohru

1807 1809 109 71 ollter

340 1848 1228 83 cor Ludrvig Camerarius, blaſeten entgegen das Feuer an⸗

1807 1854 84 73 Lech

1624 1867 104 74 De⸗

1796 1900 108 77 Fuͤrg,

1800 1956 89 71 enta

1784 1996 82 144 ,

378 2055 389 84 O Onglsdls a Accuͤre
