1566 2270
103 116 83 60 562

662 116 66 61 18

783 116 191 65 0) 2hz

89 161 1392 79 nuß Gr. Paͤbſtlichen Heiligkeit das Feſt S. Rupera, welches ſonſten

88 216 1390 74 an einen Werck⸗Tag fallet, kuͤnfftighin auf den zweyten Sonntas

92 262 1379 79 nach Oſtern zu halten beſchloſſen ꝛc. wormit auch dieſes 1712te Jah

93 314 712 69 gleich der Anfang gemacht worden.

230 359 1243 83 Endlichen iſt zwiſchen denen hochen Maͤchten, der erwbͤnſchte

95 409 1377 76 Frieden erfolget. Es ware um ein gantzes groſſes Koͤnigreic

102 460 1244 75 (Spanien) zu thun. GOtt ein Koͤnig deren Koͤnigen, ein

1394 455 72 59 Ott

100 505 1226 81 des Friedens, verliehe ſeine Gnad. Der Frieden wurde zu

1394 500 69 70 ſtati

92 559 1293 75 den S. Mertz Anno 1722. von Tirl. Printzen Eugenio in Nahme

1399 549 64 61 det

92 602 1374 77 Kayſers, und von dem Felo⸗Maréͤchal de Pillars, in Nahmen de⸗

92 651 1373 79 Koͤnigs in Franckreich unterzeichnet, die vollkommene Ratiſication aber

92 704 873 65 erfolgte erſt den 7. Septembris zu Baaden.

222 752 1205 72 Anna die Koͤnigin in Engelland ſtarde zu Londen den 12. Aug

1434 807 23 42 11

93 799 1321 76 177a. Nach dero Tod⸗ Fahl berufften die Engellaͤnder, Georg

89 843 1368 83 Ludovicum, Chur⸗Fuͤrſten zu Hannover zu der Engliſchen Cron

92 895 1070 76 welcher den 21. Octobris als Koͤnig gecroͤnet worden.

225 944 1232 80 Nach geſchloſſenen und ratifiirten Frieden zu Baaden, wurd

87 992 1357 81 den 12. Jenner 1777. die Stadt Muͤnchen von der bisherigen Kante

87 1041 1370 78 lichen Adminiſtration, Maximiliano Emmanueli Chur⸗Fuͤrſten wiede

88 1088 1372 79 eingeraumet, den 25. darauf geſchahe die Evacuation der Veſtunt

88 1141 1317 72 Ingolſtatt. Den 26. Februarii haltete man durch gantz Bayrn

87 1189 1367 78 Danck⸗ Feſt. Endlichen kamen Ihro Churfuͤrſtliche Durchlaͤuchl

84 1238 1358 77 nachdem ſie uͤber 10. Jahr von ihren Land abweſend waren, den 2.

89 1285 1357 74 April Adends um 11. Uhr mit Dero Durchl. Frauen Gemahll

85 1332 1358 79 und Printzen unvermuthet in Muͤnchen an. Alle Unterthanen wate

85 1380 1315 80 ab der gluͤcklichen Wiederkunfft ihres allerliebſten Chur⸗Fuͤrſtens

87 1428 1316 84 nigiſt erfreuet. Ihro Churfuͤrſtliche Durchlaͤucht aber gaben ſich:;

87 1479 957 73 mehro alle Muͤhe dem Land wieder aufzuhelffen.

1379 1520 78 65 Cle

223 1529 1153 73 Wie vorhin gemeldet worden, ware Titl. Titl. ſoſephus

88 1575 1374 77 mens Chur⸗Fuͤrſt zn Coͤlln Anno 1692. den 28. Februarii zu eine.

89 1624 1276 77 Coadjutor des Stiffts HHildesheim poſtuliret worden. Dieſes 2

1360 1618 101 69 iſtun

88 1674 1370 77 wurde ledig den 15. Auguſti 17o2. zu ſener Zeit, wo ſoleph Gemeu

87 1722 1244 75 Chur⸗Fuͤrſt ꝛc. wegen den Spaniſchen Succeſlions⸗Krieg ſeine

1335 1705 131 73 Caͤnder

88 1766 1373 79 verlaſſen ꝛ. Das Hildesheimiſche Cnpitulum fuͤhrte indeſſen dre Veꝛ⸗

84 1817 1381 75 waltung des Biſtums, bis auf die Rucktunfft ſoſephi Cementis,

1361 1853 110 65 nach

88 1868 1273 72 Chur⸗Fuͤrſtens und Ertz⸗Biſchoffens zu Coͤlln, welcher gleich

88 1911 1380 92 ſeiner Ankunfft in die teutſche Land, den Deſit des Biſtums Hiſdee.

1372 1950 93 71 heirn
