1935 2499
386 244 83 62 328

897 248 32 49 ar

376 297 1402 82 zu geben, Calices und anderes zu weyhen, und befolchen uͤber z2. nit

969 244 325 66 Z(0) Ehz.

373 352 1391 76 in das Cloſter aufzunehmen. Eben dieſer Cardinal Pileus, und Bi

379 404 1392 76 ſchoff Conrad haben dieſes Jahr auch dem Cloſter ſpecialiter die Pfart

375 451 1383 82 Lauterbach incorporirt. (c) Dieſer Abbt hat ein ſchoͤnes Memori⸗

375 502 1393 85 hinterlaſſen: nemlich das heilige Creutz, ſo er zierlich und koſtbahrlid

375 555 1373 83 faſſen laſſen, wie heutiges Tags noch kan geſehen werden. In dl

373 609 1374 79 ſem ſilbern und vergolten auch mit Steinern gezierten Creutz befinde

376 658 1367 79 ſich Religuien von der Doͤrnern Cron und Schweißtuch Chrif

380 717 1353 67 Haar von der Jungfrau und Mutter Chriſti, und S. ſoanne Evang

376 763 1333 75 zuforderiſt . Creutz, von dem Creutz unſers Heylands, darunter

373 812 1349 79 mittere in zimlicher Groͤſſe. Das aber eins dem andern nit gleid

375 864 1378 75 der Farb zeigt folgender Vers der auf dem Rucken dieſes Creutzes.

373 909 410 76 leſen, alſo lautend:

568 1010 934 88 De Cedro truncus Crucis eſt, ſtipezque Cpreſſur

566 1073 857 80 Bracbia de Palma, pars eſt Oliva ſuprema.

373 1167 985 88 Wie man donn auch anderwaͤrtig alte Vers liſer:

569 1259 870 79 Huatuor er lignis Domini Crur dieitur eſſe,

566 1324 991 78 Per Crucis eſt Cedrus, corpus tenet alta Cupreſſur,

565 1382 825 74 Palma manus retinet, titulo letatur Oliva.

500 1475 1159 82 Des GErrn Creut gefuͤgr von Holsz wohl viererley,

502 1535 1135 82 Der Ceder boch die Fuͤß, den Leib Cipreß beruͤhrr;

504 1592 1205 87 Die Haͤnd der Dalmbaum; Oelbaum den Tirel fuͤhrt. (

422 1684 1262 94 Er wurd Anfangs in S. Benediei Capellen begraben, iſ abe

368 1749 1337 96 andern Anno 1666. in d. Colomanni⸗ Copelen transkerirt worden

1669 2025 32 50 ,

408 2043 1224 67 (o) Die ohͤge Concelkones ſernd i deuen Origimlibus (in Areliro) zu tſen. D

433 2076 1218 78 Diſchofens ertheilte Lirrere (daß em Religion du Pfarr z Lantterbach verſehen kcn

436 2115 234 56 hmnach zu leſen.

404 2158 1310 74 (a) Duſes toſtdahre Creut hat Alro, (laur Originlis in Archiro,) von Choter Alderll,

433 2201 501 63 Anno MCCCLXVII. btommen-
