1978 2545
335 220 62 61 ꝛ8

820 231 410 78 -td (o) EbB-

329 278 1424 95 nnter waͤhrenden Hoch⸗Amt, ſo von vbgedachten Fhro Hochwaͤrden und Gnaden

333 330 1417 82 Crrin von Weinberg grhalten wurde, hat ſodann Augu ſtitlimus Fundator den

331 363 1416 96 Donation- und Fundation-Brief, An guſtillima Enndatrin hingegen das koſt⸗

332 417 1418 80 bar ansgeſchmuckte R eliquiarium dem H. Volkgang anf dem Altar geleget, und

331 453 1416 88 andaͤchtigiſt aufgeopfferet. Und ſolglich in den Dechant⸗Hof zu Mittag geſpeiſet

329 497 1414 88 worden; nach geendigter Tafel hat Nomine Auguſtiſlimi Pundatoris der Hoch-

331 538 1412 89 gedohrne Herꝛ Mazimilian Emanuel, drs Heil. Noͤm. Neichs Graf von Prey⸗

328 579 1415 91 ſing, genannt Alt⸗Preyſing Errellentz, Herꝛ der Heriſchanſten Hohenaſchan, Neu⸗

326 624 1415 85 Baͤndern, Prandtenberg, und Ainhotſen ꝛc. Churfaͤrſtl. geheimer Rath, Conſerent⸗

325 664 1419 95 Miniſter, Obriſt⸗Stallmeiſter, und Ihro Churfuͤrftl. Durchl. Obriſter Hoffmeiſter⸗

324 714 1419 82 dann des Hoch⸗adelichen Nicter⸗ Ordens Groß⸗Crentz⸗ Herꝛ, Eommenthurn, und

321 760 1417 88 Cantzler ꝛc. den Hofmarckt⸗ Diſcrick mit Vereinigung beeder Doͤrffer TVolfgang⸗

325 804 1416 93 und Schwindan in ein geſchloſſene Hofmarckt aufeinen weiſen Schimmel ſitend einge-

322 856 1416 85 ritten, zu End des Umritts dey der Cuiffts⸗Kirchen von Perd geſtiegen, und daſſel⸗

322 894 1415 90 be mit ſamt Cadl und Gezeug dem heiligen Wolkgang zum enigen Angedencken ge⸗

321 941 1419 82 ſchmuckter aufgerpffert, nicht weniger ſeynd auch den Snfft⸗Dechant Johann Baptiſt

321 985 1415 83 Lechner die ſammentuche eingerirtene Unterthanen ans und eingrpflichter worden, und

318 1020 1418 92 endlichen dieſer Solemnis Actus, ſcu inſtallatio des neu⸗ errichten Chor⸗Erifft

319 1067 1414 89 mit einen geſungenen Te DEꝛm Laudamus beſchlohen, und mit Frenden geendi⸗

316 1111 210 56 get worden.

432 1157 1302 80 Nebſideme iſi auch noch merckwuͤrdig, daß berm Erfrs⸗GOrts⸗Haus mit

315 1197 1418 86 gnaͤdigſten Ordinariats⸗ Conſens, und hieruͤber erlangten Paͤpſtuchen Conſirma-

316 1238 1415 85 dion eine Brnderſchaift zu Ehren dieſes groſſen Heiligen ( wie mmitommender Bruder⸗

316 1280 1414 88 ſchaift⸗ Zettl das mehrere an Hand aibet) eingefuͤhret worden, in welcher uber hnn⸗

314 1324 1414 87 dert tanſend lebendige Bruͤder und Schweſter ſich beſinden, aus welchen die Andacht⸗

314 1367 1413 83 und das Vertrauen zu den Heil wolkgang abtnnemmen rſi, die taͤglich in aroſſer

311 1413 1412 87 Anzahl ankommen, und ſich den Cchutz und Verbur dieſes algemeinen Norh⸗Heif⸗

311 1454 264 63 ſers andeſehlen.

430 1502 1297 80 Day dieſe Relation der Wahrheit in allen glcich, und mir derſelben in alen

311 1536 1413 88 uͤbereins komnet, habe ſolches mit merner eigenen Hand Cchriffr zum Theil ſchrei⸗

311 1580 1415 86 ben, und unterſchreiben wollen. So geſchehen S. VVolrgang in Schwindau an

309 1617 1313 102 Burohoitz der getuͤrntetern Gratſchatlt Daag in Bayrn, den 29. April 1717.

947 1720 772 86 ſoan. Bapt Lechner, Gtifft⸗Dechant,

993 1774 719 96 Churfuͤrſtl. Geiſtlicher Rarh in Muͤn⸗

987 1829 538 85 chen, SS. Theol. Lic. Nc.

348 2047 1361 92 NB. Von dieſem berbhmten Orth S. Wollgangi in Schwindgan, iſ noch meh⸗

372 2092 1337 99 rers zn leſen in kiltoria Frilingenk R. E. Caroli Meicheidoch. tom. U.

376 2130 267 72 vag. 110. &c.

1912 1066 47 45 ꝛe1

1912 1097 58 58 Cot

1908 1139 62 57 den,

1908 1183 61 54 ſten

1914 1225 56 50 oor

1908 1268 62 58 zur

1904 1314 66 53 gebe

1905 1367 64 45 den

1904 1395 66 58 ſter,

1901 1440 69 53 zu le

1900 1481 68 58 den

1907 1522 59 60 Bri

1904 1569 61 55 tun.

1910 1606 43 69 i

1900 1695 72 59 nige

1905 1739 63 49 einr

1904 1770 65 59 cher

1905 1819 48 50 ,e

1898 1857 74 68 ſchri

1904 1944 62 62 Tul

1905 1993 65 55 wel⸗

1905 2031 39 53 i

1907 2077 54 59 O.

1904 2119 62 68 6n.

1588 1917 129 80 Von

1915 887 38 51 er

1915 1009 40 57 1u
