1940 2440
410 174 44 87 1,

1089 181 215 73 2) EEg--

595 226 985 88 DDas wil ich yez eins Teyls begreyffen

599 284 753 77 Wer das hoͤrt der mag wol ſeuffzen

648 334 723 79 Die Fuden Vntrew hart verſtockt

642 384 643 76 Darzu ondankper allzeyt GOt

605 433 704 78 Vom Anfanck pißher ſein geweſen

592 488 983 78 Als Wir in Buͤchern Moyrsi leſen

641 539 728 73 Das Buch der Kunig auch bewert

646 586 690 76 Vnd der Propheten leſen hoͤrt

587 635 710 76 Der merckt das leicht on alle Gloß

591 684 790 84 Daß die Zuden ſeind der Frumkeyt loß

634 738 607 72 All Propheten habens ermoͤrt

641 787 664 69 Als vnus auch Hieremias lert

582 832 586 74 Der Moyles ir halber Got

587 883 615 78 Darid wie es im Pſalter ſtat

626 946 661 62 DHabens verflucht piß in die HHell

631 988 703 74 Wann es iſt in keyn Weg nit fell.

578 1037 826 78 Daß ſie GOttes Son gecreuhzigt handt

584 1089 890 72 Vnd glauben keins Propheten Mundt

627 1140 750 75 Der Fud nye recht in ſich wolt gan

624 1194 689 69 Noch die Propheten recht verſtan

572 1237 565 73 Darumb Er onſelg ewig ißt

580 1287 759 76 Vnd der in behawſt ein poſer Chriſt

618 1343 564 68 Elaias has fruͤe geſchriben

622 1390 767 76 Waß die Juden handr Spat gtriben

573 1439 767 72 Vnd wer das nicht kan recht verſtan

566 1491 747 76 Der mag zu Doctor Balthaſer gan

618 1541 694 68 Mag in auch ſragen wie das ſey

614 1591 631 72 Daß man yber die Juden ſpey

561 1637 800 76 So wirdt er warten kaum ein Stundt

555 1686 970 77 Biß er bewert aus GOtes Mundt

554 1735 946 82 Daß in nit Straff genug mag ſein.

603 1792 863 71 Dan ſie ſchelten GOt nit allain

555 1844 934 71 Sonnder auch die Mariam zart

565 1895 825 69 Von der Meſſyas geboren wardt

607 1941 886 77 Welche auch die Fudith figurirt

612 1991 785 85 Vnd Heſter die Alluero riet.
