1934 2551
1541 226 82 70 165

211 260 1416 88 bolches beſtaͤrniget kat. Ich zwrifle gant nnd gar nicht, daß dieſe erſte Aebbte von

215 306 1409 86 Carolo N und Ludovico Pio ſrinen Cohn beſtellet worden, alleinig, ich halre

214 351 1415 82 por gewiß, daß auch die Moͤnch zu S Emmeram dieſe ihre erſte Aebdte erwaͤhlet

212 395 1414 84 haden; dann Carvlus und Ludovicus dieſes Privilegium denen Moͤnchen gege⸗

212 439 1412 83 en hatten. Welck es glandlich geſchehen mag ſeyn, wie zuvor in Numero CII.

211 483 1411 79 ton Lupo, Ferrarienliſchen Adoten gemeldet worden, das nemlich Carolur Magnur,

211 522 1408 88 und Lndovicus Piur dieſe Aebdte denen Moͤnchen vorgeſtellet, und die Moͤnche ſelbe als⸗

211 571 1412 80 bann angenommen, oder auch durch ihre Einſtumnmung erwaͤhlet haden. Dieſe er⸗

211 612 1412 85 ſtere Aebdt muͤſſen ans Fuͤrnehmen Geſchlecht geweſen ſeyn, wie aus deroſelden

211 656 1408 86 Craditionibus, ſo ſie dem heiugen Emmeramo gemacht, abzunemmen iſt. Wie

211 701 1409 81 ſder hinnach die andere Aekdten, ſo auf B. Ramvoldum geſolget, erwaͤhlet wor⸗

215 744 1408 86 en, da kan ich nichts gewiſſes melden. Es werden in der Hiſtorie deren Aebbten

211 787 1409 87 hunach ſeldſten einige Umſtaͤnde ſich aͤnſſeren, wie etliche erwaͤhlet, oder beſteller

212 833 1407 86 sorden. Indeſſen iſt gewis, wir vorhero gemeldet worden, daß die nachfolgende

218 874 1396 89 rayſer Henricus IV. Henricus V. Sc. wegen denen Biſchoͤflichen Wahlen, und

253 921 1364 79 eſtiruren, wider die Noͤmiſche Kirchen neles Unheil angefangen, mirhin kan

222 963 1394 87 mir auch nicht einfallen laſſen, daß in folchen Umſtaͤnden ein voͤllige freye Wahl

214 1011 1400 90 tren Aeddten in denen Monaſteriit Regalibus, Roͤniglichen vder Rayſerli⸗

226 1062 1388 91 ten Cloͤſteren erlaudet geweſen waͤre, und daͤrffte wohl auch die voͤuige Freyheit

246 1111 1364 86 ang nicht deſtanden ſeyn, dis nach vielen Unruhen enduchen die Concordaten

208 1150 766 82 mno 12a8. vor Teutſchland gemacht worden.

304 1237 1303 95 NB. Ein Verwunderungs⸗waͤrdige Cach. das in Teutſchland, wo wegen

204 1281 1398 93 enen Biſchoͤflichen Wahlen, und Hnveſtimren, zwiſchen den Roͤmiſchen Eruhl,

215 1329 1388 86 ad denen Kanſeren zu vorigen Zeitrn ſo viele Troubles und Zwiſpalten entſtanden⸗

219 1370 1384 88 tetzo ein ſelche volltommene geiſtuche Freyheit in denen Biſchoͤflichen, und Add⸗

211 1414 1391 86 ſuchen ꝛc. Electionibus Loriere. BOrt, cin GOrt des Fricdens gebe noch ſer⸗

243 1459 1356 97 leinen Goͤ tuichen Ccegen, daß durch die freye Wahl deren Oderen, ſein Goͤnt⸗

215 1507 900 88 o Ehr, und derrn Ceelen⸗ Nutzen deloͤrderer werde-

849 2140 123 90 2 2

1450 2142 135 104 Ca-
