1566 2270
619 113 30 47 v

938 109 65 67 F-

131 116 69 58 TFe

690 105 39 69 13

798 110 63 60 0,

243 155 1253 73 Anno 1679. den 28. May ſtarbe im a2ſten Fahr ſeines Alters

116 208 1374 68 der Durchlauchtigiſte Churfuͤrſt in Bayrn Ferdinandus Maria, gebob-

116 254 1378 73 ren den 31. Octobris 1636. der Friedſame genannt, von Natur ein

122 305 1369 72 ſittſamer, ſanfftmuͤthiger Regent. Er hebte den Frieden, bietete abet

118 351 1372 76 allzeit ſeine anſehnliche Kriegs⸗Macht wider den Erb⸗Feind an, wie

118 402 1368 75 dann auch einige Trouppes nach Ungarn und Candien abgeſchict.

119 450 1366 75 worden. Braunau und Ingolſtatt machte er zu Real-Veſtungen. E.

1432 490 48 66 nt

119 508 1271 62 verehrte mit zaͤrtiſter Andacht das HHochwurdigiſte Altars⸗ Gaera

119 551 1333 71 Truge ein beſondere Verehrung zu der Seeligiſten Jungfraͤulich

114 599 1348 69 Mutter GOttes Maria, und zu dem heiligeu Cajetano &c. deme.

116 646 1346 71 Ehren er einen ſchoͤnen Tempel ſambt einem Collegio vor dieſe O

113 693 1362 73 dens⸗Geiſtliche, mit grofſen Koſten zu Muͤnchen hat erbauen laſſen

116 739 1123 68 Gein Jaͤhrliches Almoſen erſtreckte ſich gegen 5o00o. A.

249 790 1194 73 Gleich jetzt belobten fuͤrtrefflichen Churfuͤrſten in Bayrn Fer

1429 834 44 58 m

112 841 1305 70 nando Mariœ dem Vattern, folgte in der Regierung Marimilian

111 887 1337 76 manuel deſſen Sohn, welcher aber, als noch minder⸗jaͤhrig (oa.

109 935 1323 75 deſſen der naͤchſte Agnat Mazimil. Philipp Landgraf zu Leuchtenberg

122 989 1314 69 Jahr lang das Land regierte,) erſt Anno 1080. den 23. fulii die?

112 1035 453 63 gierung ubernommen.

241 1079 1186 79 Anno 1680. den A. Octobris kame auf den Waſſer herauf

107 1129 1360 76 nerab. P. Marcus ab Aviano Ord. Capucin. ein gottſeeliger Maud

109 1180 1352 74 welcher Nachmittag um z. Uhr in Thumb geprediget⸗ Zu Riedel

111 1228 1302 73 Munſter alsdann emnen Beſeſſenen von den hoͤlliſchen Geiſt befreyet

1439 1262 29 63 e

109 1278 1289 73 Den F. Octobris laſe er in der Thumb⸗ Kirchen die heilrge Metz.

112 1324 1284 77 welcher ihme Titl. Herr Graf von Herberſtein allhieſigzer Th

114 1379 1291 66 Herr, und Thumb⸗Probſt zu Labach bey dem Altar di nte. Nach

108 1420 1350 83 len Wunderzeichen gienge er wider von hier auf den Waſſer hinwes

105 1466 485 64 nach Coblentz, Coͤlln ꝛc.

238 1517 1230 77 Anno 1682. fangte der Tuͤrck widerum den Krieg an, und bra

107 1562 1360 77 che den Anno 1662. geſchlofſenen Sriuſtand. Er kame Anno 1682

1399 1615 67 53 unt

103 1615 1256 72 biß vor Wienn, wurde aber den 12. Septembris aeſchtagen

1393 1650 80 61 den

1367 1674 26 48 ⸗

104 1663 1248 72 Wienn errettet, auf welches noch andere herrliche Victorien wi

1389 1696 79 61 Ma-

109 1711 1228 79 Tuͤrcken folgten. Was fuͤr Helden⸗ maͤßige Thaten Epurfir

100 1760 1227 77 zimilian dey dieſen Feldzugen, wider die Tuͤrcken verrie tet,

1404 1740 68 69 bei

1420 1800 47 55 ſu

104 1808 1281 76 verſchiedenen Hiſtoricis umſtaͤndig zu leſen. Anno 1685. den 15

1403 1846 70 60 mit

97 1856 1278 76 Hi vermaͤhtre ſich Mazimilian Emmannel Churfuͤrſt in Tayrn,

102 1904 1364 83 Tirl. Maria Antona Kayſers Lcopoldi Tochter, gebohren aus Mas

116 1967 112 53 2d-.

1327 1944 133 76 garerh
