1923 2446
793 195 302 75 1 (0) Ebt

1561 217 83 58 137

31 250 147 58 allhier, a

353 245 1295 75 Pishero habe ich meine Anmerckung uͤber jene Schrifft gemacht, welche un⸗

84 284 92 57 Anno

250 288 1394 78 Ar der Bilonnß der ſchoͤnen Mariaͤ nebſt denen allda mit verſchiedenen Leibs⸗Stel⸗

254 332 1395 78 uungen entworfſenen Wahlfarchern zu leſen, und Anno 1610. heraus kommen iſt.

38 331 130 65 Wahlſar

33 377 138 67 ten geopl

251 376 1397 79 In dieſer Schrifft wird die Andacht zn der ſchoͤnen Maria, ein bezauberte Andacht

254 423 1395 82 Kuahmſet. Aber ich vermeinr daß genug gezeiget worden, wie in dieſer Andacht

38 425 118 72 ne B.

254 468 1394 82 iͤchts als Natuͤrliches zn fnden. Die Andacht zn der ſchoͤnen Maria, ſo m Bedache

44 476 119 70 verher.

256 516 1387 77 leſchehen, ware ohne Bezanberung, und gantz nataͤrlich, gleichwie noch heut ꝛ

35 525 132 75 an jen⸗

255 558 45 43 La

134 569 30 61 ge

324 561 1317 77 dergleichen Andachten und Wahlfarthen ohne Zanderey ihren Fortgang haben.

17 588 87 66 doch

260 584 37 57 2s

308 606 1337 69 nuͤſſen zur die Herren Glaubens⸗Gegner, ( vder vielmehr ein anderer unvernaͤnff⸗

254 644 1389 78 rder Menſch, wie der jenige geweſen, ſo die gemeldte Schrifft unter die Budnus

23 654 141 73 ſeinr unke

252 688 1391 75 ſeucken laiſen,) behanbten wollen, daß ſoͤlche Zauderey noch beſtaͤndig bey deucn

61 712 77 63 ube.

259 729 1382 78 aholiſchen fort daure, welchrs kein Antwort verdiente. Das jenige, was von de⸗

42 762 70 64 ert

259 775 1379 85 in anderen, ſo ohne Bedacht daher gelauſſen, erzehlet wird, iſt mehrmalen

74 807 65 61 eguc,

251 801 52 61 teir

319 826 1322 72 Zauber⸗ Aunſt⸗Staͤckel: ſondern ein nataͤruches Werſen, welches von der Neu⸗

254 864 1387 80 Srverd, Furwit, und Dummheit des gemeinen Poͤvels ſeien Urſprung hat, wann

57 895 42 63 rfe

294 910 1347 73 inderſi auf ſolche Weiſe geſchehen, wie die Schreib⸗ Art ſelbes ausdrucket. Es

254 948 1387 83 u auch ein unuderlegter Eyffer des Voicks, ohne Zauberen, daran die Urſach ge-

256 990 1385 76 aien ſeyn. Es braucht kein deſondere Teuffels Kunſt, dieſes, was man vor Zanr

48 996 53 58 das

254 1034 1386 76 kery alhie ausgibet, zu bewuͤrcken. Allein ich bitte den Leſer, noch ein wenig ſich

252 1074 1389 85 à dedulten; dann ich dewundere mich ſehr, daß dieſer Menſch in ſeiner Unterſchrifft

255 1125 1389 81 en der Bildnuß der ſchoͤnen Maria, indeme er dieſe Andacht wegen den unbe⸗

255 1171 1388 87 ſachrſamen und ſelrſamen herlauffen an dieſes Orrh, oder zur ſchoͤnen

255 1221 1388 88 aria ein bezauberte Andacht benahmſet, gar kein Woͤrtlein melder von dene-

254 1269 1386 83 bhutthaten und Wunder⸗Zeichen, ſo allda geſchehen. Von welchen Gutthaten ein

258 1311 1380 83 Huicher Magiltrat zu Regenſpurg zwey Baͤchlein in Druck herans geben. Das

250 1349 1390 87 kſtere Anno 1519. das zweyte Anno 1520. welche berde ich zn Handen habe.

252 1387 1389 94 oilleicht ſeynd dieſe Buchlein auch mit der Bildnuß der ſchoͤnen Mariaͤ aus denen

255 1436 1382 95 agen hinweg geſchafft worden, daß alſo dieſer Schreiber der bezanberten An⸗

250 1482 1387 88 ſacht, nichts mehr von ſolchen Buͤchlen gewußt, oder darinnen leſen hade koͤnnen.

254 1526 1384 92 Es tan auch ſeyn, daß er dieſe Buͤchlein zwar geleſen, aber ſich nicht unterſtanden

247 1570 1390 91 Aade, das jenige zu laugnen, was ein weiſer Nath vor der gantzen Stadt, (alwo

250 1619 1384 87 edermann ein Zeug deſſen ware was ſich mit dem ſacob Nern, Steinmetzen,

254 1667 1380 77 bunderbarlichs ereignet hattr) durch offenilichen Druck dekannt gemachet Er

252 1710 1384 83 ard ſich villeicht bedencket haben, daß er ſolche groſſe angenſcheinliche Gutthaten, ſo

251 1750 1385 87 at Bezengung vieler ehrlichen, gelehrten, Gottszoͤrchtigen, und auch Gerſrlichen

247 1786 1390 106 Lrugen ſich allda zngetragen, als Sauber⸗ Sruck ansruffen ſolltc. Er wird als

248 1841 1388 99 a ſgenannter Lvangeliſcher, des jenigen ſich erinnerer haben, was in Eoan⸗

250 1886 1383 100 ſrlio m leſen. Signa autem cos, qui crediderint &c. Marci XVI. v. 17. 18.

250 1914 72 67 Die

332 1935 1304 101 deichen aber welche denen folgen werden die da glanben, ſeyno

250 1962 91 72 dieſe

251 2036 1382 128 vrd deiter mis ihpnen werden Psunos hane w den ꝛcdodres Endee;

504 2000 1132 84 auf die Rrancke werden ſie die Haͤnd legen, und es

884 2107 113 69 2115

1546 2121 91 69 ſtch⸗

137 1142 17 53 .

58 1175 39 43 eil

32 1261 22 44 .

106 1273 38 58 ert

21 1296 49 53 as

24 1331 71 61 Wei

35 1459 62 56 Aat

125 1481 19 58 .

38 1511 23 47 .

27 1554 62 60 ne

61 1587 58 66 vale

28 1642 69 56 ien

48 1732 34 53 ai

44 1816 45 70 t

58 1875 49 64 poi
