1923 2446
38 233 95 63 truge

17 282 114 65 wurde

55 330 64 68 uffe

61 434 54 60 Ca

42 534 76 62 is ze

968 182 106 78 Eèt-

1504 203 81 57 189

301 235 1294 66 Ich lele in einen unſerigen Manuſcripto, das Anno 1621. und 1622. das

197 275 1387 68 Luyfer⸗Geld ſehr in Schwung gienge, das Gold nnd Silder aber in hohen Prris

197 308 84 57 ware.

316 328 1268 56 Ein Ducaten galre 20. ſi. Ein Reichs⸗Thaler 10. fl. Ein Kopf Ober⸗

197 358 1386 74 aͤnder Wein 1. ſl. und 1. Kr. Ein Semmel 2. Kreutzer. Es wurde aber dald die

199 403 1382 83 cach graͤndert, und kam nachmahlen ein Ducaten anf z. Gulden. Ein Reichs⸗

199 444 931 84 Mier 1r. R. 50. Kr. Allo lautet das Manuſeriytum-

510 663 759 117 APUTLVIII

224 801 1351 108 oannes Neablaß der gſte Abor, geblertig in unſers Eioſters alti⸗

245 875 1330 83 ſten Probſtey, Laurerbach; Nachdem er Anno 1586. Prieſter

248 921 1325 87 worden, hat man ihn bald ad œconomiam applicirt, bey welcher

237 972 1336 83 ich alſo erzeigt, daß er zu der vacirenden Abbtey des Cloſters HVer⸗

277 1023 1291 84 in Unter⸗Lands Bayrn, unweit der Stadt Deckendorff, (ſo

217 1073 1355 77 rolns Mlagnus aus ſonderbgrer afkection zu dem frommen Eremiten

225 1121 1344 88 one geſtifftet, und ſelben gleich zn dem erſten Abbten gemacht) den

194 1171 1375 84 adern Septemder 1597. poltnlirt worden, welchem Cloſter er ruͤhm⸗

186 1195 26 63 ⸗

247 1224 1321 84 borgeſtanden, har ſo ſchoͤne Gebaͤu alldort gefuͤhrr, und ſolche ſpe-

216 1273 1349 85 nina eines wohl regierenden Abbtens von ſich geben, daß unſer Clo⸗

199 1299 38 66 .

241 1320 1323 87 Urſach bekommen, ihne nach Ableiden Hieronymi I. wider all⸗

217 1362 1343 98 o zu begehren, und deme die Abbtey zu geben. Empfangt die

210 1414 1354 93 kichs⸗Lehen den 12. Janugr. 122. (2) Das ander Jahr ſeiner

217 1466 1345 95 gerung als Anno 1622. hatte er gleich ein grofſes Ungluͤck, indeme

203 1511 1355 102 n 28. April Nachmirtag, zwiſchen 2. und z. Uhr, ein ſchwerer Wet⸗

197 1564 1363 97 ſtraich m dem nechſt an Cloſter ſtehenden, mit Pulver angefullten

194 1615 1363 94 tadt⸗ Thurn geſchlagen, das Pulver enrzundt, den Thurn zer⸗

188 1649 135 74 rengt,

326 1675 1227 75 und ſehr groſſen Schaden in den Gedaͤuen, Daͤchern, Fen⸗

183 1695 72 76 ern

183 1743 189 77 u muſſen

358 1725 1199 78 ren ꝛc. gethan. Welcher Schaden mit aroſſer ſpela wider

388 1774 1165 82 gewendet werden. Es war ein groſſe Noth dermahlen in

228 1816 1319 89 Stadt, und glaubte jedermann, die Gefahr ſeye in ſeinem Hauß.

191 1856 1358 111 pas Stifft Ober⸗Huͤnſter, das Collegium Soc. HESU, als Nach⸗

883 1926 125 104 219

1418 1952 129 91 barg.

192 2054 392 106 e) orgule in Adare.

48 983 56 53 era
