1918 2545
343 220 85 68 156

902 226 328 75 1Z (0) Eh-

333 282 1412 71 toͤſiſchen Koͤnigen dieſer Urſachen wegen, einige Diſputen ereignet haben, big endli⸗

333 329 1412 72 chen zwiſchen Lconem X, und Franciſcum L. die Concordata auſgerichtet, und

335 374 1407 71 in Concilio Lateranenſi V. beſtaͤttiget worden, Krafft deren der Koͤnig in Franck⸗

333 417 1413 70 reich die kuͤnffrige Biſchoͤff zu denen vacierenten Biſtuͤmern benamſet, der Raͤmiſche

335 459 1407 72 Stuhl aber ſolche von dem Koͤnig denamſte Biſchoͤffe conkirmiret. Von denen Ele-

335 501 1406 74 ctionibus in Welſchland, Spanien, Engelland ꝛ. beſiehe Thomaſſinum de ve-

336 544 1204 82 teri Diſciplina &c. Parte U. alwo er umſtaͤndig von dieſen handlet.

462 600 1282 85 1T1. Wir haben kurs zuvor gehsͤret, daß das Volck einen groſſen Ancheil

326 651 1416 71 gehabt habe, an dem Wahl⸗Sr ſchafft ihres nenen Biſchorfens. Wer kan zweiften⸗

328 698 1408 73 daß nicht einen weit groͤſſeren und maͤchtigeren Einfiuß in ſolche Electiones, di⸗

332 740 1407 75 Koͤnig oder Kayſer gehabt haben? In denen erſten fuͤnff Sœculis miſchten ſich die

329 781 1410 75 Kayſer nicht viel in das Wahl⸗Geſchaͤfft, und wann ſolches geſchahe, ware es theils

326 827 1412 77 eine Nothwendigkeit, oder der Nutzen vor die Kirchen. In denen nachfolgenrei

326 870 1408 75 Zeiten aber, ware es noͤthig verſchiedene Kirchen⸗Gefaͤtz zu machen, wider diejen⸗

328 911 1407 75 ge, ſo aus puren Gunſt deren Koͤnigen, zu Biſchoͤffen gemacht worden. Mit des

326 960 1406 70 Zeit behauptrten auch die Koͤnig, beſonders in der Occidenraliſchen Kirchen

322 1002 1406 76 einen groͤſſeren Gewalr in den Wahl⸗ Geſchaͤfft deren nenen Biſchoͤffen. Oh

321 1046 1413 75 ne ihren Conſens wurde kein Biſchorf erwaͤhlet, oder gewenhet, doch hatte ſowohl

319 1090 1408 75 der Clerns, als auch das Volck ihren Antheil an ſolcher Wahl Die Kirchen wi

318 1132 1413 76 derſetzte ſich, wann die Koͤnig allein einen Biſchoffen beſtellen wollten. Dergleichen

319 1179 1409 73 einſchichrige Erwaͤhlung wurde von denen anderen Biſchoͤffen nicht angenommen⸗

319 1221 1405 71 Wann aber ein Kanſer oder Koͤnig, einen heiligen, frommen, und wuͤrdigen Be

318 1262 1410 74 ſchoffen deſtellten, ſo lieiſe man die Sach als guͤltig geſchehen. Doch wurde del

318 1307 1404 71 Conſens und Guthriſſung des Volcks in gewiſſer Maaß darzu erforderet. Tacha-

315 1354 1413 68 rias Romiſcher Pavſt, erlandte Eipino dem Fraͤnckiſchrn Koͤnig, daß er zu dench

314 1395 1407 72 Biſtuͤmern die Biſchoͤnf benamſen koͤnte; dieſes aber geſchahe wegen denen groſſen

314 1439 1407 75 Troudlen, ſo in Fraͤnckiſchen Neich entſtanden, dardurch die Erwaͤhlung deren neyes

312 1483 1403 69 Biſchoͤffen verhinderet, und ſehr ſchwaͤr gemacht wurden. Damit alſo die Kirchel

309 1528 1409 66 ihres Hirtens ſo lange Zeit nicht deranber wurden, geſtartcre Zacharias auf eint

311 1572 1406 66 Zeit, daß Pipinus ſolche Biſchoͤff benamſen koͤntc. Aber Zacharias gabe ihme,

311 1607 1406 76 noch ſeinen Nachtolgern kein Recht, das ne ſolches deſtaͤndig thun konten Daher⸗

305 1657 1405 69 Adrianus Remiſcher Payſt, Carolum, den Sohn Pipini ermahnte, daß er n-

304 1696 1404 71 in die Wahl deren Biſchoͤtſen nicht einmiſchen moͤchte, gleichwie er (Adrianas ſels⸗

315 1744 897 65 ſten) dieſe Wahl dem Clero und Volck uͤberleſſe.

444 1792 1270 87 NB. Nus dieſer Ermahnung Adriao, Aoanſaͤen Pavſieng, ton der Soet

306 1852 1399 72 gemacht werden, daß Carolus M. ſich ſtarck in die Wahl deren Biſchoͤffen erngeml

306 1897 1370 71 ſchet habe. Die verſchiedene Meinungen ſeynd zu leſen dey Petro de Aarea,,

305 1937 1405 73 Concordia Sacerdori Sc. L.ib. VIIL cap. XIT. Irem dey Tbomaſfno de ceter.

305 1979 1406 75 diſciplina. Parte I. 1id. 11. cap. XX. L.udoricus Pins, ein Sohn Carod

302 2027 1412 85 Nlagni, hatte Anno DCCCXVL ſein Capirulare in den Synodo zn Aachent⸗

298 2081 1400 75 von der freren WDabl deren Biſchoͤffen gemacht. Vide Petrum de Mas

302 2129 1396 97 & lond Es E9 dlilb Nder deſer dne a aier vnr neor erßards na.

1632 2161 76 82 urlt

1864 1717 39 57 tio

1862 1763 29 58 i.

1858 2062 40 61 ne

1857 2112 22 63 1
