1959 2500
33 288 100 66 en il

68 336 61 66 ter

93 384 36 54 l

726 245 61 66 .z

797 244 32 78 .

891 248 231 70 0) Laͤg-

1572 255 82 56 312

247 304 1407 80 cochen und geſtrafft worden, daß deſſen einer in Antritt unſers Clo⸗

243 356 355 77 ſters erblindt. (e)

370 406 1283 75 Anno 1272. (einige wollen 73.) hat das wilde Feuer hieſigen

250 461 1403 73 Domb angezuͤnder, und abgebrennet. Biſchoff Leo demuͤhete ſich

245 512 1408 69 gleich zu einen neuen Domb die Bau⸗ Materiakien zu trachten.

248 562 1403 71 Lkegte Anno 1275. an St. Georgen⸗ Adend den erſten Stein, und

251 612 1403 72 sdwohlen der vorige Domb zu S. Remigii Ehren dediciret geweſt, har

252 666 1402 68 er in dieſe neue Kirchen Anno 1276. & Peter zu einem Patron erwaͤh⸗

252 712 412 74 et, nnd vorgeſtellet-

251 812 1403 75 zero gieng es auch widerwaͤrnig her, gabe viel Krieg, und erfuhren ih⸗

366 755 1287 81 Das Heil. Roͤm. Reich ſtund ziemlich lang ohne Haupt; da⸗

259 866 1397 72 er viel groſſe Gewaltthaͤtigkeiten. Der Papſt Gregorius erinnerte

259 904 43 68 ie

311 918 1346 69 Chur⸗Fuͤrſten ihres Amts, ſie ſollen einen Kayſer erwaͤhlen, oder

257 968 1401 72 r muͤßte ſich ſeines Gewalts bedienen. Die Wahl⸗Herren kamen

259 1020 1395 68 nno 1272. zu Franckfurt zuſammen, und wuͤhleten, wider des Boͤb⸗

269 1069 1384 68 uſchen Coͤnigs Ortocari Meinuna, Rudolpbum, Grafen von Habſpurg,

261 1118 1395 68 dazumahl Baſel betaͤgerte. Die erſte Bottſchafft brachte ihme Hein-

252 1166 1408 74 ncus von Papenheim; die Einladung zur Acceptirung der Roͤmiſchen

269 1222 1391 69 ron, Friderich von Hohenzollern. B. Aldertus Mk. geweſter Bi⸗

265 1270 1395 71 hoff allhie zu Regenſpurg, Rudolphi Beicht⸗Vatter, und bey bee⸗

263 1311 48 59 er

337 1327 1323 67 Chur⸗ Fuͤrſten Mayntz nnd Trier in lamma opinione Sanctiratis

257 1370 1401 71 ole, nach Deſolar Meynung, Aulpicio & Conlilio, zu dieſer hoͤchſt⸗

270 1418 1384 75 Fuchen Wahl viel geholffen haben. Nach dieſer Wahl iſt die Reit

255 1469 1403 74 pleich auf Aach gangen, damit er allda ſolle geſaldet, und gecroͤner

270 1519 1387 74 derden. Es gienge aber der Reichs⸗Scepter ab, zu welchem die

293 1569 1361 79 raͤnd ſchwoͤren ſoltten. nudolpbus namme ein Crucifir in die HHand,

272 1611 54 61 n

336 1626 1322 74 agte: Gehet das Zeichen, durch welches Ich und die gantze Welt

312 1676 1346 71 rloͤſet worden, laßt uns dieſes anſtart des Scepters gebrauchen.

287 1726 1373 74 nirſer Fund gefiehle allen Geiſt⸗ und Welrlichen Staͤnden, hielten

316 1780 1342 99 y no dures Feſchen, vnd verchesteno als mit anen denbchigen

255 1801 92 105 sus

377 1863 1283 89 Anno 127d. iſt ein ſo fruchtbahres Jahr geweſen, als ein Menſs

258 1919 1399 114 bdencken kunte. In Nieſin Jair deſtdͤ en one nas daaoizdur t (L do

262 1968 525 94 anonew Rerartei linperer

910 2029 101 69 Rr

1525 2030 132 75 Anno

294 2131 992 92 O Aravldur Nonrdur ten Lamngrs ton. HI. PN 112. eoP. N.

287 2172 459 98 DNn. Dwvlon Rudelrto

65 486 60 66 de.

68 644 63 64 den

31 743 92 66 Koͤnit

36 841 86 71 demt

29 901 43 58 a
