1940 2440
401 157 91 69 122.

1175 164 115 75 ENt-

605 207 585 80 Vnd darzu ein ſo groſſe Eer

608 260 646 73 Vmb ſein gar Chriſtenliche Leer

650 313 685 78 Herflieſſendt auß der ſchon Sophei

650 366 580 70 Gegrundt in der Theologei

605 412 730 76 Wann er anzeygt die Puderey

600 463 693 73 Des Buͤchers vnd auch anderley

646 512 744 80 Damit die Juden vnd etlich Chriſten

646 562 724 75 Den Frumen Man ſeindt vberliſten

599 611 721 81 Soͤlch Geſellen warden im vaſt haß

600 661 705 73 Do er die Wahrheyt reden was

649 713 697 77 Vnd wolten zm die Stat verpieten

646 760 793 84 Soͤlchs dem Kayſer zu Auaſpurg rieten

592 809 733 68 Darauff prachten Gie groß Maͤndar

591 858 753 77 Der wirdig Doctor zum Kayſer trat

635 910 574 75 Erkleret im den groſſen Laſt

639 962 811 83 Damit der Chriſt was bſchwert gar faſt

587 1008 691 80 Die Fuden theten ſich ſtarck wern

588 1062 812 75 Swelff Tauſent Gulden darauff verzern

637 1111 732 80 Vnd ſchanken hyn ein groſſen Schat-

631 1160 704 77 Der Doctor des Goͤrlichen Geſatz

588 1207 710 76 Het nur allain ſein Hilff in GOt

584 1260 634 72 Die Juden waren all zu Spot

631 1308 704 77 Er predigt vor eim gannzen Reich

629 1359 675 80 Sprache die Menſchen all geleich

580 1408 725 79 Groß Syg vnd Eer wol zymmet im

578 1459 684 75 Sagt von Muͤnchen die Herzogin

623 1515 595 69 Kam alſo wider in die Stat

629 1560 677 81 Da man die Zuden vertriben har

507 1609 768 82 S. Nach kurzen Tagen GOt hyn nam

573 1656 507 72 Den Kayſer Marimilian

619 1706 740 81 Und do der hez genant was geſtorben

622 1755 729 83 Do het die Prieſterſchafft erworben

569 1805 905 87 Gnad Gunſt Weyßheyt vnd auch Vernunfft

569 1858 766 85 Den Pruderſchafften aller Zunfft

619 1909 656 83 Die Paten da ein weyſen Rath

626 1957 618 95 Oer vei loͤblich gehandlet hat

1655 2029 92 66 Das
