1911 2480
343 231 91 65 362.

848 243 33 53 u.

899 236 343 65 2Z (0) PZ--

469 281 1260 86 In dieſem Jahr hat ſich allhie ſehen laſſen, und gepredist

329 333 1391 84 B. Foannes Capiſtranus, Ord. S. Franc. ein Mann von groſſer Heilis

330 385 1392 83 keit, und der Chriſtlichen Catholiſchen Religion ſehr nutzbahr; dand

336 435 1343 81 er ſelbe nicht allein vermehrt, mit Bekehrung vieler Hayden, &

332 482 1387 88 cken, Juden, und Ketzern, ſonder auch unzahlbarer groſſer Guͤnder,

332 535 1368 85 durch ſeine heylſame Lehren, eyfferige Predigen, und groſſe Mirack

332 585 1376 83 und Wunder⸗Werck (indem er ſogar Todte erwecket hat) haͤlt

329 637 1354 78 einen Prophetiſchen Geiſt, erhielte durch ſeine Verdienſt, Gebett, u

330 691 1324 77 vorgetragenen Creutz⸗ Fahnen denen Chriſten von dem Erb⸗Feini

330 738 1306 84 Belgrad in Ungarn ein herꝛliche Victori den 22. Julii 127S. J

332 786 575 75 biges Jahr heilig geſtorben.

469 837 1229 80 Man vermeinte Anno 157. es ſollte in hieſiges Biſtums R

329 890 1376 79 gierung tretten der vom Capitel erwaͤhlte Herꝛ Hainrich von Abſpers

332 942 1313 74 Pabſt Calixtus III. wollte ihne nicht conkirmiren, ſonder ſetzte ein,

1656 942 30 62 .

1669 990 32 51 oi

332 993 1307 73 pertum I. von UTeumarck, Pfaltz⸗ Grafen bey Rhein, Ortonis

330 1041 1309 75 Mosbach Sohn, und Kayſers Ruperti Enickel. Gedachter;

1645 1036 52 73 ab

332 1092 1303 77 Calintus conkirmiret ihne zwar, kunt aber der Jugend halber nicht

1631 1095 63 59 cos

326 1143 1292 77 ſecriret werden, ſo er auch nicht erlebt; dann nachdem er das &

325 1190 1335 78 Barbing wieder zum Biſtum gebracht, iſt er ſchnellen Tods nad

325 1244 1321 73 jaͤhriger ſeiner Adminiltration zu Ips verblichen Anno 1265. den

329 1289 1340 80 November, und allhie in dem Domb⸗ Stifft vor dem Sacrario des

326 1341 269 68 ben worden.

464 1395 1198 77 Anno ra59. ließ Ruger Rriegl, ein Burger allhie, die ge

333 1446 1279 73 ſteinerne Marter⸗ Saul mit einem Creutz, und viel ſchoͤnen &

327 1494 711 75 vor dem Jacoder⸗Thor aufrichten.

1653 1522 44 62 ol

461 1548 1162 73 Anno 1261. entſtunde ein Feindſchafft zwiſchen Albert⸗

325 1592 1285 82 Brandenburg, und HHertzog Ludorico von Landshut, jeder richte

327 1646 1242 76 in das Gewehr, und ſuchte Huͤlff und Beyſtand bey anderen

326 1696 1258 74 Etaͤnde, und Reichs⸗Staͤdte. Es kame endlich den 9. Zuli

325 1747 1242 74 bey Giengen zu einer Feld⸗Schlacht, und obſiegte Hertzog

330 1799 1220 74 Hierauf kame man im ſpaten Herbſt allhte zu Regenſpurg;i

323 1848 533 65 und handlete von Frieden.

454 1898 1175 76 Aldertus Ertz⸗Hertzog fangte auch ein Krieg an mit ſeinem-

1596 1944 36 46 r.

322 1948 1244 75 der Kanſer Friderichen, belaͤgerte denſelben zu Wienn, und

323 2000 1247 72 ſo weith⸗ daß Fridericus ſich haͤtte ergeben muͤſſen, wann nia

327 2051 1257 65 gius, Koͤnig in Boͤhm, mit einer ſtarcken Macht ihne liberirei

326 2101 1266 78 worauf der Kavſer allhie zu Regenſpurg einen Reichs⸗Tag a-

1645 2105 48 70 zet

1858 312 44 54 et

1861 603 21 52 ,

1855 720 49 35 LEr

1855 892 31 62 uur

1858 947 19 54 )

1851 997 54 58 He

1858 1095 32 55 n

1853 1135 52 71 ſta

1858 1187 30 65 e

1855 1290 27 60 e

1855 1340 25 54 1

1855 1452 21 40 ꝛ

1857 1585 48 64 Oe

1857 1782 41 60 ul

1854 1836 50 61 Sur

1857 1952 22 37 o

1855 1981 36 53 te
