1978 2546
367 243 97 62 116

360 297 1418 91 dern Tag, den ra. May, mit dem gantzen Clero ſecularl und regularl.

1069 251 161 71 ) 28

363 352 1414 89 abſonderlich mit S. Emmerami Corpore in einer ſilbernen Sarch ab⸗

363 403 1409 90 geholet, und mit einer ſehr ſchoͤnen Proceſion in unſer Cloſter uͤber⸗

362 452 1412 89 bracht, bey welcher Proceſlion nit allein vil um die Stadt ligende

365 502 1412 97 Pfarren mit ihren Creutz und Fahnen ſammt hieſiger groß und kleinen

360 557 1412 89 Congregation der RR. PP. Soc. ſelu, ſondern von weiten Orthen ein

357 601 1415 96 ſehr groſſe Menge Volck erſchienen von Mann⸗ und Weibs⸗Perſoh⸗

357 657 1411 92 nen. Beeden HHeiligen zu Ehren ſeynd zwo Triumph⸗ Porten aufge⸗

355 704 1415 93 richtet, die Kirchen mit Afhizionen und Emblematibus geziert, ſtart⸗

352 756 1416 91 liche Gottesdienſt ſelbigen Tag und durch die Ocar gehalten, und

352 806 1413 95 beede Tumdæ auf die 2. Seiten⸗Altaͤr B. Mariu Virginis, und S8.

355 858 1409 98 Apoſtolorum beygeſetzt worden, allwo ſie noch taͤglich venerirt wer⸗

349 909 105 65 den.

892 998 338 129 Du ſat.

423 1147 1338 80 Nno 1727. ſeynd dieſe zwey heilige Leiber von denen Altaͤren B. V. Mari⸗

355 1189 1402 85 TX Annunc. nnd SS. Apoſtolorum Petri & Pauli wegen mehrer Bequemlich⸗

346 1231 1411 77 keit, auf S. Dionyſii, und S. WVolkgangi Altaͤr uͤberſetzet, und von Anlelmo

343 1274 1417 73 Fuͤrſt und AbbtenAnno 1720.anf ein nenes koſtbahr gezieret worden. Dieſe Arbeit hat

346 1315 1408 89 R. Fr. Gabriel Doblinger Ord. S. Benedicti Proteil. zu Pruͤffling, verfertigel⸗

689 1510 730 109 CAPUTTXXII

335 1630 1410 133 Von Arnolpho oder Arnolto dem Kayſer.

417 1763 1319 92 tArolomannns Koͤnig in Bayrn und IFtalien, ein Cohn des Koͤ⸗

366 1824 1368 77 , nigs Ludorici, und Bruder Caroli Crafli oder des Dicken, als

455 1874 1283 87 er von ſeiner Ehegemahlin keine Kinder erwerben konte hat er

329 1922 1408 86 von einer uͤberaus ſchoͤnen und Edlen Frauen Lirhorvinda aus Kaͤrnten

329 1975 1394 84 Arnolphum bekommen, welcher von Jugend auf zu allen Guten Hoſt

329 2022 1404 88 nung geden, auch zu allen Geſchaͤfften ſich artig erzeigt; ſonderbar aber

326 2074 1404 81 in der Kriegs⸗ Kunſt ſich ſo erfahren gemacht, daß ihme Carolas Craſlui

324 2127 1404 88 Kaͤrnten anvertraut; welches Land er von allen Feinden, ſonderlich aber

1611 2190 122 83 widet

1917 1620 19 51 1

1911 1671 24 53 (

1911 1715 57 60 moͤ

1910 1769 59 61 lar

1932 915 20 59 1

1919 1263 40 72 gi
