1571 2270
618 102 55 58 -

745 102 150 66 (00

1435 107 48 50 72

124 147 1368 83 Portner die Porten geoffner, hinein getrungen, und ungeachtet aler

118 209 1369 64 Proteſtation, die Aſyllanten heraus genommen, und in die Gefaͤng⸗

118 256 1368 65 nuß fortfuͤhreten. Die RR. PP. Capuciner lieſſen ihre Klag an ſoſe-

116 298 1367 71 phum Ciernentem, dermahligen Biſchoffen zu Regenſpurg, und Chur⸗

116 348 1371 71 Fuͤrſten zu Coun gelangen. Die Sach kame dahin, (dann Ge.

113 397 1369 68 Churfuͤrſtliche Durchlaͤucht in Bayrn auch nachdrucklich ſich annah⸗

114 445 1367 64 me,) daß die Herren von der Stadt einen Revers von ſich gaben,

107 490 1376 64 daß, wann kuͤnfftighin ein Dubium ratione Immunitatis entſtehen ſon-

105 539 1377 65 te, ſie keine Aſylanten mehr aus einem Cloſter nemmen wollten, bis

102 586 1374 65 dergleichen Dubium von hoͤcheren Orthen decidiret ſeyn wurde. Die⸗

103 633 1373 68 ſer Revers iſt datiret den 26. Novembris 1629. Auf welches hinnach

97 683 1379 64 einer mit Ruthen ausgeſtrichen, dem anderen aber der Galgen auf die

99 735 1371 64 Stirn gebrannt worden, mit Beyſatz: daß aus ſonderbaren Beden⸗

95 780 1025 62 cken ( dieſem Letzten) das Leben geſchencket worden.

453 1021 653 73 CAXXVX LT1A 1.

123 1150 1334 73 Gnatius Trauner, der zsſte Abbt, aus dem Geſchlecht deren von

146 1198 1312 69 Craunern, zu Saltzburg gebohren, wurde erwaͤhlt den S. No-

147 1247 1309 67 vembris 1601. Confirmirt den 1z. Novembris. Erhielte die Re-

85 1295 1367 70 galien von Leopoldo Roͤmiſchen Kayſer Anno 1692. Starbe nach

84 1345 1370 63 kurtz⸗ doch loͤblichiſter Regierung den 21. Octobris 1692. ſeines Alters

87 1392 1364 73 76. Jahr. Nach der, Anno 1652. abgelegten Profeſſion, und hin⸗

84 1440 1360 74 nach zu Rom in teutſchen Collegio abſolvirten Studiis Philoſophi

83 1491 1359 74 und Theologie, kame er als Prieſter zuruck, muſte aber bald ver⸗

84 1534 1358 80 ſchiedene Aembter, wegen ſeinen von GOtt erhaltenen ſtattlichen Ta-

79 1583 1362 79 lenten, verſehen, unter anderen, das Ambt eines Prioris von Anno

82 1629 1359 81 1669. diß 1681. dey welchem ohnehin ſehr muͤheſamen Officio er, ſo⸗

80 1681 1362 75 wohi an Sonn⸗ und Feyertaͤgen, als die heilige Faſten hindurch, alle

78 1728 1357 80 Predigen mit allgemeinen Beyfall verrichtet. GOtt hatte zu dieſem

79 1780 1353 75 Ambt Ignatio ein beſonderes Talent mitgetheilet, mit welchen er auch

79 1831 1354 73 iu fruchten ſich allzeit befliſſen, ſowohl auf der Cantzel, als in ſeiner

88 1871 1341 93 anſamkeit. Deſſen klares Zeugnub geben die von P. Ignatio zum

726 1935 162 75 Aaa8

1287 1913 137 75 Druck
