1923 2446
728 184 24 55 .

1027 186 95 72 Ega

27 240 170 68 beſchehet

358 228 1285 84 Eodein Anno nemlich lub Dato r9. ſunii befilcht Kayſer car

250 279 1395 87 Cammerer und Rath allhier bey vorermelter Straff und Pen obgedach⸗

255 332 1389 87 e drey Cloͤſter, laut hiebevor an dieſelbe ergangene Mandat, ſich gaͤntz⸗

31 330 168 76 der ſchoͤ⸗

252 373 352 87 ch zu entſchlagen.

25 388 162 67 n geſtan

25 440 167 62 dann die⸗

360 437 1288 79 Anno 1556. iſt allhie in Regenſpurg, ſoann Auſtriacus ſre de

254 485 1390 80 iuſtria natarlicher Sohn Kayſer Carls des R an ſeines Herrn Vat⸗

38 485 145 72 beraͤhr

255 517 63 67 err

47 536 136 70 wure

330 536 1308 79 jetztgedachten Kayſers Geburts⸗ Tag gebobren worden; deſſen

251 582 1390 85 Hurter ein Regenſpurgerin Nahmens Barbara Blombergerin, welche

248 614 42 62 u

44 637 140 60 lium zl

303 635 812 77 Geſtalt und Geſchlecht Adelich geweſen.

39 693 124 55 ritet.

364 688 1280 74 Den 22. Febr. verordnete gedachter Kayſer ein Colloquium der

258 735 1387 81 aligion halber anzufangen. Catholiſcher Seiten erſchiene als Prin-,

28 733 148 70 drey Cll

275 770 51 62 pal

29 792 116 65 zu S.,

350 790 1298 72 der MHeyh⸗ Biſchotf von Coͤlln Carureliter Ordens, Malvenda.

31 841 145 59 ommen

260 832 1388 86 Oer Proreſtirenden Principal war Bucerus. Beeder Seits ſtritte

255 883 1388 80 zan lang de modo das Collogurum anzuſtellen, und da man deſſen

55 880 127 80 aͤnffie

263 921 31 57 r

32 937 141 75 k ledist

294 934 1346 79 g wurde, kunte Bucerus mit ſeinen Collegis, deren 8. waren, ſich

252 962 22 61 .

25 997 120 61 terer.

290 987 1353 75 zen der zu mehrmahlen veraͤnderten Augſpurgiſcher Conſellion, nic

273 1035 1364 76 eoleichen, dahero ob mans zwar zu colloguiren eyfferig, und freund⸗

44 1036 110 74 Praͤ

24 1088 144 67 von dal

316 1080 1325 90 Carholiſcher Geiten invitirte, darzu nit bringen koͤnnen, haben

248 1130 1217 84 ch demnach den 20. Martii von Regenſpurg hinweg begeben.

33 1138 108 83 oͤſter,

354 1184 1284 83 Der Kayſer kam aus Niderland auf Speyr; Pfaltz⸗Graf Fri⸗

259 1232 1382 80 crich degehrte was, und erhielts nicht. Begab ſich deßwegen in den

19 1227 156 82 z. Bot⸗

70 1285 48 72 oͤ

255 1278 1382 89 Schmalrhaldiſchen Bund. Der Kayſer wollte alhie einen Reichs⸗

251 1326 1378 85 Lag halten. Von denen Bunds⸗Genoſſenen erſchiene niemand,

43 1339 95 59 der.

251 1371 1386 95 onder nur die Biſchoͤff zu Bamberg, Wuͤrtzburg, Augſpurg, Paſ⸗

58 1394 50 61 m

251 1422 1387 95 in, Trient, Hildesheim, und Hertzog Wilhelm aus Bayrn. Da⸗

35 1444 79 63 urn

248 1474 1390 94 zro man mit ſo wenigen, ſonderlich wegen der Religion nichts hand⸗

250 1509 48 65 en

304 1527 1334 92 koͤnnen. Er ſahe der Proteſtirenden Armatur, muͤßte ſich alſo auch

55 1579 113 78 Eode-

293 1577 1345 93 Verfaſſung ſtellen, und bekam endlich z0000. Mann zu Fuß, und

252 1629 1385 89 500. zu Pferd; der Bund entgegen beſtund in 80000. zu Fuß, und

258 1664 111 69 c00o

396 1689 1241 73 u Pferd; dieſe vermeinten, der HHertzog in Bayrn ſollte mit-

154 1728 13 52 1

248 1728 1386 92 snen halten, oder aufs wenigſt nicht mt dem Kayſer. Es geſchah

152 1762 23 48 2

251 1755 149 80 wer das

424 1786 1217 77 Widerſpill. Bey des Bunds Armee befanden ſich folgende

250 1804 148 87 Furſten

437 1833 1203 85 Johann Ernſt, des Chur⸗Fuͤrſten in Sachſen Bruder.

248 1867 135 66 Johanr

415 1884 1222 86 Friderich des Chur⸗Fuͤrſten Cohn. Philipr Hertzog aus

260 1918 91 59 orau

126 1926 56 57 dedt

365 1936 1271 83 ſchweig mit 2. Soͤhnen, Erneſto, Alderto, ſoanne, und

252 1951 99 68 Vois

137 1966 34 53 e

357 1981 122 64 zang0.

244 1997 109 86 dalt,

521 1994 1112 74 Hertzog Frantz von Luneburg, Fuͤrſt Vollkgang von An⸗

42 2038 27 75 .

358 2042 1274 98 Chriſtorh von Henneberg, Leors Dertog von Wburtenders

262 2075 75 74 .n.

949 2098 130 95 211.

1507 2096 127 78 Cdal-
