1978 2545
841 248 372 74 -882( 0) 22ꝛ

326 296 1424 80 austheilen: Wann ein geiſtliches Mitglied ſolches Stiffts und Cloſters me Fodt as⸗

328 347 1419 75 gehet, ſo werden von jeder dieſer Gemeinden, einige Deyntirte abgeſchicket, die

326 394 1421 72 dey der Codten⸗Beſingnuß, Begraͤbnuß, und offentuͤchen Gottesdienſten erſcheinen,

328 434 1416 76 auch ſelbſt vor den Verſtordenen, das heilige Meß⸗Opſer verrichten. Es werden

325 477 1419 75 auch die Coͤrper eines jeden aus dieſen 2. geiſtlichen Gemeinden verſtorbenen mit⸗

326 518 1418 85 gheds, mit einem ſchoͤnen der Bruderſchafft S. Wolkgangi ingehoͤrigen Todten⸗

322 561 569 62 Tuch bedeckter zu Grab getragen.

440 603 1303 82 Dieſe mt einander vereinigte acht geiſtliche Gemeinden, oder Fraternitates

321 646 622 66 S. Wolkgangi ſeynd nachfolgende.

440 694 1300 79 Fraternitas S. Nicolai, oder ad S. Petrum in Summo, in den Hochen⸗

324 735 253 53 Thum⸗Stifft.

425 777 1084 69 Fraternitas ad S. Wolkgangum, oder ben St Emmeram

438 827 1302 77 2n Nider⸗Muͤnſter: Ober⸗Maͤnſter: Stifft Alt Capellen.

321 873 1419 87 Stifft ad SS. ſOHANNES: bey S. PAUL zuvor bey denen Cloſter⸗

324 924 1414 85 Franen Ord. F. Benedicti allda. Endlichen Fraternitas ad S. Udatricum,

319 975 1419 89 welche, wie das Manuleriptum meidet, vorhin dey der Cloſter⸗Kirchen zu

318 1018 539 76 St.acob auſgerichrer ware.

441 1066 1295 86 NB. Es har der gelehrte Muratorins in ſeinen Antiguitatitus Palicir Ae-

314 1107 1420 90 dii Zvi, Tom. VI. Diſtertat. 75. pag. 150. &c. von denen Bruderſchafften,

312 1156 1424 85 und deren Anſang, umſtaͤndig gehandlet. Aus dieſem, was biphero erzehler worden⸗

311 1198 1423 85 erhellet, daß zn Regenſpurg in den X. Sœculo, in welchem St. Wolfgang gelebt,

312 1247 1421 77 die Bruderſchafften, Confraternitates, ſebr gemein waren. Wie dann auch Er.

312 1282 1422 75 Gebhardus Schirlinger Cuſtos Eccleſi⸗ S. Emmerami, ( von deme nben

311 1329 1422 79 Meldung geſchehen,) ſchreidet, daß er die Nachricht von denen Fraterniraribu⸗

316 1371 1417 79 S. Woltgangi (eX antiguiſtimis & vetuſtiſhimis unionibus) ans denen

309 1413 1419 94 aͤͤniſten Hrnderſchanfts⸗Brreſen, deren einen er abgeſchriebener vorzeuer, genom⸗

308 1463 185 76 men hade.

683 1640 665 125 APUTXV

396 1777 1252 127 Von dem ſeeligen Biſchoff Gaubaldo.

441 1911 1283 89 Aß von dem heiligen Bonilacio Ert⸗Biſchoffen zu Manns bilich

447 1972 1272 82 deo Teurſchlands Apoſtel, genannt (ſo oͤffters alhte zu Re⸗

336 2020 1380 86 V genſpurg geweſen, und mit andern Biſchoͤffen und Prieſtern

302 2074 1418 82 Concilia gehalten,) der ſeelige Gaubaldus ſich in allen Lugenden habe

299 2126 1421 95 abrichten lallen⸗ und darinnen gant vollkommen worden, erheller ge⸗

1559 2184 154 95 nugſal

1925 328 38 65 nl

1918 439 51 57 alt

1919 641 39 51 er

1919 677 40 66 ko

1917 729 52 67 ſor

1922 887 37 60 tir

1917 993 27 53 8

1915 1036 38 65 h

1912 1087 53 61 we

1908 1138 64 60 gel⸗

1908 1184 55 63 die

1905 1237 46 56 zu

1907 1286 51 62 da

1905 1346 56 59 ger

1905 1495 67 65 Iſr.

1895 1549 73 54 Zen

1904 1592 17 58 .

1894 1785 74 67 reit

1898 1840 67 68 boh

1927 383 31 63 .

1922 483 24 62 ,

1919 960 10 28 .
