1959 2500
676 225 39 43 an,

737 216 330 78 18 (0) Laͤg-

1496 234 92 67 217

198 268 1388 91 Nartyrers ein Kirchen zu bauen in der Gleichnuß des heiligen Creutz.

204 325 1386 86 er erſchrack daruͤber, erzehlts Biſchoffen Werner, der verlachts. Die

195 377 1395 81 aͤndere Nacht wurd er deſſen wieder ermahnt, mit Bedeuten, daß er

197 426 1391 86 un dem Willen GOttes nicht zweiflen ſoll. Und weilen der Biſchoff

207 477 1381 79 eſſen gelacht, ſo werde er am dritten Tag ſterben; welches auch ge⸗

200 526 1389 90 chehen mit Mangolds groſſen Leyd, aber doch auch guter Vertroͤſtung,

204 579 1382 82 aß er ſicher werde mit dem erlangten Schatz nacher Haus kommen:

201 630 1387 82 dorz ihm dann GOtt die Gnad gegeben, und Wembdingen die Kir⸗

201 681 1387 81 Hen in St. Emmerams Ehr, in der Form des heiligen Creut, wel⸗

201 729 1385 86 des Mangoldus hernach dem Benedictineriſchen Cloſter zu Donau⸗

201 776 640 83 verrh verehret, bekommen. (d)

197 881 1391 87 zarn, und ſein Gemahlin Giſala, ein Schweſter Heinrici durch einige

312 834 1274 78 In ob angezogenem Reichs⸗Tag ſuchte Koͤnig Srephan in Un⸗

226 930 1356 88 eſandte das Erb⸗ Recht zu Bayrn, da ſie aber abgewieſen wurden,

204 958 68 72 und

275 987 1310 75 laten ſie einen Krieg an. Zogen bald vor TDienn, ſo noch Ban⸗

286 1038 1300 73 war, und nahmens ein. Kayſer Conrad zoge mit aller Macht

209 1084 1373 79 cab in Ungarn, thate dem Land groſſen Schaden beederſeits biß an

262 1137 1323 79 Aaab; Weilen der Moraſt ab fernern Progrels hinderte, gieng der

204 1181 1379 89 Karſch zuruck in Bayrn. Immittels wurde alles guͤtlich verglichen,

223 1234 1363 88 vonders weilen Koͤnig Stephane, und Ciſale Sohn Heinrich (Un⸗

200 1263 69 68 zarr

265 1293 1323 73 ch aber Emericus genannt,) Todts verblichen. Dahero Conradi

213 1315 98 71 dohn

312 1343 1274 79 Heinrich deſto angenehmer in Ungarn war, und der Frieden

202 1370 327 85 hleuniger folgte.

195 1451 120 87 Anen

316 1441 1267 77 Seibiges Jahr war ein groſſer Sterb, giengen vil hohe Per⸗

202 1533 1379 92 dunbildis den 16. unii (Adelsr. ſetzt Anno 1028. 15. Cal. Aug.) und

322 1491 1261 72 darauf, wie dann auch Hertzog Heinrici in Bayrn Gemahlin

198 1561 57 64 u

266 1588 937 78 olche Zeit Koͤnig Stephan in Ungarn geſtorden.

193 1656 73 71 zun

315 1644 1266 75 Anno 1026. promovirt Conradus Salicus ſeinen Bruder Gebbar-

282 1675 54 66 n

197 1729 675 80 oder die Ungarn lod Heinrieo I.

341 1693 1238 86 zu dem hieſigen Biſtumb, der ließ ſich auch finden in dem Zug

311 1790 1271 80 Anno 1029. erweckte der gaͤhlige Todt Kayſers Conradi, ſo in

201 1812 81 76 ener

195 1855 144 95 umand

312 1843 1269 77 bfingſt⸗Feyrtaͤgen geſchehen, vil Unruhe in dem Reich, dann

188 1912 132 83 aleten

359 1895 1222 74 ſich ſemes Sohns Kayſer Heinrich achtere. Die Boͤhmen

333 1947 1248 84 gleich Anno 1010. von Reich ab, verweigerten nit allein den

1458 2012 120 69 ſchul⸗

31 390 42 47 et

40 429 30 48 r.

15 468 65 77 ers

23 536 50 50 in-

30 627 46 60 on

43 705 30 35 2-

36 883 37 58 it

34 1126 32 55 i-

27 1336 48 51 el.

219 2127 898 109 O) En Nanlerir. Monadtarn S. Crucir in Donauvrertt.
