1959 2500
51 306 101 44 Annes

56 344 84 62 er da

25 409 87 43 uure.

37 530 106 49 Stadl,

62 563 75 60 illen.

741 273 35 64 a

819 273 321 74 S (O) Lel-

587 383 749 121 APUT XE IV.

332 558 1317 87 Riderieus von Weidenberg wurde nach Altone zur Abbtey geto⸗

263 608 30 68 .

337 615 1312 79 gen, (in der Zahl der zrſte.) Als Kayſer Wenceslaus den 20.

339 669 1312 79 Junii 1288. (a) ihme die Reichs⸗Lehen verliehen, nennete er ih⸗

258 719 1393 85 a auch Seinen, und des Reichs Fuͤͤrſten, conkirwiret ihme alle

262 770 1388 88 nrilegia. Albertus der fuͤngere Hertzog in Bayrn, nihmt das Clo⸗

259 823 1392 86 er und deſſen Guͤtter in ſeinen Schutz Anno 1288. Hertzog ſoannes

297 876 1353 79 chlt unterſchiedlichen Gerichtern, die Unterthanen anzuhalten, daß ſie

263 911 50 58 as

336 929 1314 82 Cloſter richtig, und mit guten Geld bezahlen ſollen: die Saͤumi⸗

305 977 1340 82 olen ad duplum (Zwiſpalt) angehalten werden. Anno 1392. (b)

369 1029 1282 79 Dieſer Abbt hatte ein groß Ungluͤck, indeme durch Verwahrlo⸗

257 1073 1392 88 ung Er. Volkhardi Perchtoltshofer, das gantze Schlaff⸗Haus (die

258 1125 1388 84 cuuge in der Mitte ſtehende Capellen S. Colomanni ausgenommen)

266 1159 22 56 .

305 1177 1344 86 feuer aufgangen. Er hat aber dieſen Schaden noch ſelbiges Jahr

259 1227 1392 86 onder erſetzet. Starb Anno 1395. wurde in S. Benedicti Capellen be⸗

254 1277 1396 85 staden, hernach in S. Colomanni transferiret. Urbanus VI. conkir-

259 1329 1392 90 Aret ihme alle Privilegia Anno 158F. wie nicht weniger Bonikacius

270 1366 303 88 Anno 1295.

372 1433 1282 80 Anno 1286. incorporiret Biſchoff Hoannes ſpecialiter dem Clo⸗

258 1454 61 69 ter

333 1484 1318 77 die Pfarꝛ Hainſpach, ad lacriſtiam pro ornatibus & luminari-

257 1506 61 67 us

355 1530 1294 86 welche Cardinal Philippus de Alenconio, Biſchoff zu Oſtia,

265 1577 1386 93 cnbrmiret Anno 1288. (c) In gedacht 1396. Jahr hat Herꝛ Carl

265 1629 1385 93 zainer von Rain, geſeſſen zu Hainſpach, das Schloß und Geriche

259 1681 1391 91 sainſpach und zu Haindling cum perrinentiis von unſeren Cloſter

258 1706 35 59 ꝛu

323 1736 1326 86 ehen empfangen. Von dieſem iſts Anno 1902. an Georgen Hut⸗

257 1751 55 68 er

313 1777 363 81 Militem kommen.

373 1840 1274 75 Sein Succellor in der Abbtey war ſoannes Hauner an der

254 1852 82 91 zahj

365 1890 1285 78 der ꝛ8ſte Abbt, empfangt die Reichs⸗Lehen Anno 1398. von

280 1938 1365 95 encerlao, darinn er ein Fuͤrſt genennet wird, und von Kayſer na,

1558 2025 92 58 pert

62 1052 17 48 1

91 1138 24 45 5

73 1213 40 64 nei

83 1406 25 42 .

76 1477 19 52 ,

77 1520 25 59 2

1575 284 82 72 112

369 2141 457 77 ide lirteras Wenceslai Regis.

344 2172 338 72 Originalia in Archivo.

286 2211 555 84 ) Enſt Diginalis ſeyn un Arcbͤro,
