<?xml version="1.0" encoding="UTF-8"?>
<alto xmlns:xsi="http://www.w3.org/2001/XMLSchema-instance"
      xmlns="http://www.loc.gov/standards/alto/ns-v4#"
      xsi:schemaLocation="http://www.loc.gov/standards/alto/ns-v4# http://www.loc.gov/standards/alto/v4/alto-4-2.xsd">
  <Description>
    <MeasurementUnit>pixel</MeasurementUnit>
    <sourceImageInformation>
      <fileName>image219.jpg</fileName>
      <fileIdentifier>https://archiv.ub.uni-marburg.de/eb/2010/0168</fileIdentifier>
    </sourceImageInformation>
  </Description>
  <Tags>
    <OtherTag ID="BT1" LABEL="Title" DESCRIPTION="block type Title"/><OtherTag ID="BT2" LABEL="Main" DESCRIPTION="block type Main"/><OtherTag ID="BT3" LABEL="Commentary" DESCRIPTION="block type Commentary"/><OtherTag ID="BT4" LABEL="Illustration" DESCRIPTION="block type Illustration"/><OtherTag ID="BT42" LABEL="text" DESCRIPTION="block type text"/>
    <OtherTag ID="LT33" LABEL="default" DESCRIPTION="line type default"/>
  </Tags>
  <Layout>
    <Page WIDTH="1934"
          HEIGHT="2551"
          PHYSICAL_IMG_NR="219"
          ID="eSc_dummypage_">
      <PrintSpace HPOS="0"
                  VPOS="0"
                  WIDTH="1934"
                  HEIGHT="2551">
        <TextBlock HPOS="17"
                   VPOS="289"
                   WIDTH="100"
                   HEIGHT="503"
                   ID="eSc_textblock_6c5c3e9c"
                   TAGREFS="BT42">
          <Shape><Polygon POINTS="34 289 112 289 117 306 112 361 89 379 112 402 100 786 72 792 28 775 28 742 51 741 28 663 56 656 17 616 34 542 17 300 34 289"/></Shape>
          <TextLine ID="eSc_line_621cf3f9"
                    TAGREFS="LT33"
                    BASELINE="28 324 104 321" 
                    HPOS="26"
                    VPOS="289"
                    WIDTH="78"
                    HEIGHT="62">
            <Shape><Polygon POINTS="97 289 83 289 69 289 55 289 41 289 26 291 28 324 28 351 104 338 104 321 100 289 97 289"/></Shape>
            <String CONTENT="ige."
                    HPOS="26"
                    VPOS="289"
                    WIDTH="78"
                    HEIGHT="62"
                    WC="0.9999646544456482"></String>
          </TextLine>
          <TextLine ID="eSc_line_05571c0d"
                    TAGREFS="LT33"
                    BASELINE="32 372 97 368" 
                    HPOS="29"
                    VPOS="327"
                    WIDTH="68"
                    HEIGHT="62">
            <Shape><Polygon POINTS="32 372 32 389 97 381 97 368 90 327 29 342 32 372"/></Shape>
            <String CONTENT="eri"
                    HPOS="29"
                    VPOS="327"
                    WIDTH="68"
                    HEIGHT="62"
                    WC="0.9999808867772421"></String>
          </TextLine>
          <TextLine ID="eSc_line_0ddcefe1"
                    TAGREFS="LT33"
                    BASELINE="26 425 99 419" 
                    HPOS="24"
                    VPOS="381"
                    WIDTH="75"
                    HEIGHT="58">
            <Shape><Polygon POINTS="26 425 26 439 99 435 99 419 94 386 58 381 56 381 55 381 24 391 26 425"/></Shape>
            <String CONTENT="Me-"
                    HPOS="24"
                    VPOS="381"
                    WIDTH="75"
                    HEIGHT="58"
                    WC="0.9990311861038208"></String>
          </TextLine>
          <TextLine ID="eSc_line_cfcfb04d"
                    TAGREFS="LT33"
                    BASELINE="32 476 99 473" 
                    HPOS="29"
                    VPOS="435"
                    WIDTH="70"
                    HEIGHT="65">
            <Shape><Polygon POINTS="32 476 32 500 99 490 99 473 96 442 29 435 32 476"/></Shape>
            <String CONTENT="en⸗"
                    HPOS="29"
                    VPOS="435"
                    WIDTH="70"
                    HEIGHT="65"
                    WC="0.9999709129333496"></String>
          </TextLine>
          <TextLine ID="eSc_line_2ae20615"
                    TAGREFS="LT33"
                    BASELINE="36 527 99 522" 
                    HPOS="34"
                    VPOS="479"
                    WIDTH="65"
                    HEIGHT="60">
            <Shape><Polygon POINTS="36 527 36 539 99 539 99 522 93 479 34 493 36 527"/></Shape>
            <String CONTENT="und"
                    HPOS="34"
                    VPOS="479"
                    WIDTH="65"
                    HEIGHT="60"
                    WC="0.9999856948852539"></String>
          </TextLine>
          <TextLine ID="eSc_line_173d12eb"
                    TAGREFS="LT33"
                    BASELINE="72 626 82 624" 
                    HPOS="65"
                    VPOS="581"
                    WIDTH="18"
                    HEIGHT="65">
            <Shape><Polygon POINTS="72 626 75 646 83 644 82 624 73 581 65 581 72 626"/></Shape>
            <String CONTENT=""
                    HPOS="65"
                    VPOS="581"
                    WIDTH="18"
                    HEIGHT="65"
                    WC="0.9872184991836548"></String>
          </TextLine>
          <TextLine ID="eSc_line_f410f63d"
                    TAGREFS="LT33"
                    BASELINE="49 681 94 678" 
                    HPOS="46"
                    VPOS="639"
                    WIDTH="48"
                    HEIGHT="52">
            <Shape><Polygon POINTS="46 654 49 681 49 691 94 691 94 678 89 639 46 639 46 654"/></Shape>
            <String CONTENT="ꝛ1"
                    HPOS="46"
                    VPOS="639"
                    WIDTH="48"
                    HEIGHT="52"
                    WC="0.9999873042106628"></String>
          </TextLine>
          <TextLine ID="eSc_line_40f3ffa5"
                    TAGREFS="LT33"
                    BASELINE="51 776 93 775" 
                    HPOS="49"
                    VPOS="732"
                    WIDTH="44"
                    HEIGHT="68">
            <Shape><Polygon POINTS="51 776 52 800 93 789 93 775 87 732 49 744 51 776"/></Shape>
            <String CONTENT="z6"
                    HPOS="49"
                    VPOS="732"
                    WIDTH="44"
                    HEIGHT="68"
                    WC="0.9996869266033173"></String>
          </TextLine>
        </TextBlock>
        <TextBlock HPOS="226"
                   VPOS="221"
                   WIDTH="1440"
                   HEIGHT="1999"
                   ID="eSc_textblock_0abc3a7e"
                   TAGREFS="BT42">
          <Shape><Polygon POINTS="765 221 1115 226 1166 238 1185 266 1450 266 1559 232 1643 243 1643 1302 1168 1325 1008 1354 1098 1388 1115 1438 1047 1462 1077 1479 1643 1507 1666 1818 1637 2220 1274 2192 311 2175 226 2152 226 1468 243 1422 265 1411 289 1445 414 1479 742 1466 735 1449 550 1444 662 1422 680 1410 662 1398 459 1387 707 1371 701 1359 232 1319 232 323 272 300 310 311 357 266 611 266 765 221"/></Shape>
          <TextLine ID="eSc_line_3c33c589"
                    TAGREFS="LT33"
                    BASELINE="775 267 1020 272 1135 265" 
                    HPOS="774"
                    VPOS="221"
                    WIDTH="361"
                    HEIGHT="75">
            <Shape><Polygon POINTS="1128 229 1114 226 1100 225 1086 225 1071 225 1057 225 1043 225 1029 225 1015 223 1001 223 986 223 972 223 958 223 944 223 940 222 937 223 896 222 887 222 873 222 859 222 845 221 830 221 816 221 802 221 788 221 775 221 775 267 774 286 829 296 830 296 832 296 857 284 890 293 891 293 893 293 959 284 989 296 991 296 992 296 1090 293 1091 293 1093 293 1104 284 1132 289 1135 265 1132 229 1128 229"/></Shape>
            <String CONTENT="&amp;S (0) ZM-"
                    HPOS="774"
                    VPOS="221"
                    WIDTH="361"
                    HEIGHT="75"
                    WC="0.9964580595493316"></String>
          </TextLine>
          <TextLine ID="eSc_line_92e282e6"
                    TAGREFS="LT33"
                    BASELINE="1555 272 1631 273" 
                    HPOS="1554"
                    VPOS="235"
                    WIDTH="77"
                    HEIGHT="65">
            <Shape><Polygon POINTS="1626 240 1612 239 1597 236 1555 235 1555 272 1554 289 1629 300 1631 273 1630 240 1626 240"/></Shape>
            <String CONTENT="192"
                    HPOS="1554"
                    VPOS="235"
                    WIDTH="77"
                    HEIGHT="65"
                    WC="0.999516487121582"></String>
          </TextLine>
          <TextLine ID="eSc_line_75209ae1"
                    TAGREFS="LT33"
                    BASELINE="358 320 1639 331" 
                    HPOS="357"
                    VPOS="272"
                    WIDTH="1282"
                    HEIGHT="79">
            <Shape><Polygon POINTS="358 320 357 335 518 345 520 345 677 340 699 347 700 347 701 347 991 342 1006 350 1008 350 1009 350 1121 344 1158 351 1159 351 1637 347 1639 331 1637 291 1532 291 1512 280 1511 280 1510 280 1461 290 1337 290 1293 277 1291 277 1290 277 1189 287 1130 280 1128 280 968 284 955 276 954 276 952 276 951 276 906 284 859 274 857 274 856 274 854 274 839 284 737 276 735 276 673 280 650 272 649 272 647 272 646 272 629 279 612 272 611 272 358 272 358 320"/></Shape>
            <String CONTENT="Nach Pabſt EUGENII Ableiben, bekame Barhurieus mehreren"
                    HPOS="357"
                    VPOS="272"
                    WIDTH="1282"
                    HEIGHT="79"
                    WC="0.9885537537661466"></String>
          </TextLine>
          <TextLine ID="eSc_line_9388da0c"
                    TAGREFS="LT33"
                    BASELINE="239 358 521 375 1634 382" 
                    HPOS="238"
                    VPOS="323"
                    WIDTH="1396"
                    HEIGHT="82">
            <Shape><Polygon POINTS="239 358 238 381 381 382 405 392 406 392 408 392 445 386 453 393 455 393 456 393 457 393 459 393 472 388 659 396 660 396 708 386 954 399 955 399 1032 389 1057 401 1059 401 1060 401 1151 393 1209 402 1210 402 1320 395 1631 405 1634 382 1631 341 1519 344 1485 335 1484 335 1483 335 1481 335 1443 345 1375 338 1373 338 1372 338 1341 345 1256 335 1254 335 1100 342 984 334 982 334 981 334 979 334 968 342 900 342 601 328 599 328 487 337 432 335 418 325 416 325 415 325 414 325 382 331 239 323 239 358"/></Shape>
            <String CONTENT="Gewalt in dem Cloſter S. Emmerami; dann Ludovicus der Koͤnig in"
                    HPOS="238"
                    VPOS="323"
                    WIDTH="1396"
                    HEIGHT="82"
                    WC="0.98419745952364"></String>
          </TextLine>
          <TextLine ID="eSc_line_25877919"
                    TAGREFS="LT33"
                    BASELINE="245 406 435 423 1636 435" 
                    HPOS="243"
                    VPOS="372"
                    WIDTH="1393"
                    HEIGHT="87">
            <Shape><Polygon POINTS="765 378 764 378 582 388 514 378 513 378 462 386 445 378 443 378 442 378 404 386 377 374 375 374 245 372 245 406 243 432 394 443 395 443 397 443 414 436 442 445 443 445 445 445 446 445 477 437 557 447 558 447 655 439 667 447 669 447 670 447 672 447 764 443 781 450 782 450 784 450 873 445 992 452 993 452 995 452 1022 445 1308 456 1310 456 1361 447 1429 457 1559 459 1561 459 1562 459 1579 450 1633 459 1636 435 1636 401 1596 388 1595 388 1593 388 1592 388 1562 399 1538 389 1536 389 1535 389 1534 389 1515 398 1409 398 1385 388 1383 388 1382 388 1339 395 1321 385 1320 385 1318 385 1317 385 1286 396 1176 396 1154 384 1152 384 1151 384 1054 393 976 384 975 384 974 384 944 392 805 392 767 378 765 378"/></Shape>
            <String CONTENT="Hayern, Ludovici Pii Sohn, demſelben mehrers geſtattete, wie in"
                    HPOS="243"
                    VPOS="372"
                    WIDTH="1393"
                    HEIGHT="87"
                    WC="0.9934246313004267"></String>
          </TextLine>
          <TextLine ID="eSc_line_8c086978"
                    TAGREFS="LT33"
                    BASELINE="241 463 311 470" 
                    HPOS="239"
                    VPOS="415"
                    WIDTH="74"
                    HEIGHT="72">
            <Shape><Polygon POINTS="241 463 239 473 309 487 311 470 313 432 243 415 241 463"/></Shape>
            <String CONTENT="dem"
                    HPOS="239"
                    VPOS="415"
                    WIDTH="74"
                    HEIGHT="72"
                    WC="0.9999879995981852"></String>
          </TextLine>
          <TextLine ID="eSc_line_68d786c6"
                    TAGREFS="LT33"
                    BASELINE="328 477 915 490 1639 491" 
                    HPOS="327"
                    VPOS="432"
                    WIDTH="1312"
                    HEIGHT="83">
            <Shape><Polygon POINTS="328 477 327 498 924 510 925 510 1010 504 1061 511 1063 511 1485 505 1519 515 1521 515 1522 515 1637 505 1639 491 1639 450 1629 445 1627 445 1626 445 1624 445 1539 453 1443 443 1441 443 1165 449 1054 439 1053 439 918 447 772 436 771 436 646 445 598 435 596 435 483 443 328 432 328 477"/></Shape>
            <String CONTENT="gleich vorgehenden Anhang oder Zuſatz zu den XXIX. Capitel"
                    HPOS="327"
                    VPOS="432"
                    WIDTH="1312"
                    HEIGHT="83"
                    WC="0.9919570016449896"></String>
          </TextLine>
          <TextLine ID="eSc_line_12f6e058"
                    TAGREFS="LT33"
                    BASELINE="255 511 275 513" 
                    HPOS="253"
                    VPOS="466"
                    WIDTH="23"
                    HEIGHT="61">
            <Shape><Polygon POINTS="258 466 255 511 253 520 270 527 275 513 276 469 265 466 258 466"/></Shape>
            <String CONTENT="⸗"
                    HPOS="253"
                    VPOS="466"
                    WIDTH="23"
                    HEIGHT="61"
                    WC="0.999970555305481"></String>
          </TextLine>
          <TextLine ID="eSc_line_7f5c82a6"
                    TAGREFS="LT33"
                    BASELINE="277 518 300 524" 
                    HPOS="275"
                    VPOS="477"
                    WIDTH="32"
                    HEIGHT="53">
            <Shape><Polygon POINTS="277 518 275 525 297 530 300 524 307 487 286 477 277 518"/></Shape>
            <String CONTENT="9"
                    HPOS="275"
                    VPOS="477"
                    WIDTH="32"
                    HEIGHT="53"
                    WC="0.9999849796295166"></String>
          </TextLine>
          <TextLine ID="eSc_line_844ee6c9"
                    TAGREFS="LT33"
                    BASELINE="334 528 385 535 1637 542" 
                    HPOS="333"
                    VPOS="491"
                    WIDTH="1304"
                    HEIGHT="68">
            <Shape><Polygon POINTS="333 545 472 555 473 555 513 548 744 548 772 556 774 556 775 556 879 549 914 558 915 558 917 558 1087 551 1161 559 1162 559 1636 554 1637 542 1636 507 1395 497 1393 497 1156 504 1121 496 1120 496 1118 496 1117 496 1100 503 1084 496 1083 496 1081 496 1080 496 1064 503 976 496 975 496 914 503 789 503 771 494 769 494 768 494 691 501 609 493 608 493 476 500 465 493 463 493 462 493 460 493 392 498 336 491 334 528 333 545"/></Shape>
            <String CONTENT="182. von Ludorico etwas deutlichers zu leſen iſt. Unter dieſem"
                    HPOS="333"
                    VPOS="491"
                    WIDTH="1304"
                    HEIGHT="68"
                    WC="0.9869412376034644"></String>
          </TextLine>
          <TextLine ID="eSc_line_ff80356c"
                    TAGREFS="LT33"
                    BASELINE="243 566 357 582 540 586 1637 592" 
                    HPOS="243"
                    VPOS="537"
                    WIDTH="1394"
                    HEIGHT="75">
            <Shape><Polygon POINTS="243 566 243 593 313 593 327 602 328 602 330 602 331 602 473 596 487 605 489 605 490 605 492 605 538 598 748 606 750 606 799 598 879 607 1147 609 1148 609 1149 609 1164 602 1189 609 1191 609 1192 609 1311 600 1446 610 1447 610 1600 605 1634 612 1637 592 1634 547 1602 555 1549 548 1548 548 1507 555 1429 544 1427 544 1390 551 1327 544 1325 544 1324 544 1322 544 1307 554 1122 554 1093 542 1091 542 1090 542 862 551 737 539 669 539 667 539 666 539 630 549 513 541 511 541 479 548 440 538 439 538 438 538 395 545 355 537 354 537 243 539 243 566"/></Shape>
            <String CONTENT="Koͤnig Ludorico, und Barhurico Biſchoffen, wurden viele Guͤter dem"
                    HPOS="243"
                    VPOS="537"
                    WIDTH="1394"
                    HEIGHT="75"
                    WC="0.9962981803850695"></String>
          </TextLine>
          <TextLine ID="eSc_line_919dee25"
                    TAGREFS="LT33"
                    BASELINE="245 616 336 632 412 634 1636 642" 
                    HPOS="243"
                    VPOS="586"
                    WIDTH="1393"
                    HEIGHT="78">
            <Shape><Polygon POINTS="243 644 455 654 456 654 520 649 533 657 534 657 535 657 537 657 596 649 612 659 613 659 615 659 616 659 751 651 805 660 806 660 808 660 835 653 874 660 876 660 877 660 900 650 1019 661 1020 663 1168 663 1168 661 1169 661 1196 654 1249 660 1250 660 1251 660 1269 653 1454 661 1456 661 1505 654 1633 664 1636 642 1634 602 1531 595 1529 595 1480 603 1403 593 1402 593 1400 593 1378 605 1273 605 1210 593 1209 593 1162 602 879 602 833 593 832 593 740 598 723 589 721 589 720 589 718 589 679 599 608 592 606 592 499 598 459 589 457 589 372 595 246 586 245 616 243 644"/></Shape>
            <String CONTENT="ſelligen Emmeramo geſchencket, alleinig Argeſfridus damahliger Abbt"
                    HPOS="243"
                    VPOS="586"
                    WIDTH="1393"
                    HEIGHT="78"
                    WC="0.9761900657148503"></String>
          </TextLine>
          <TextLine ID="eSc_line_a550d66b"
                    TAGREFS="LT33"
                    BASELINE="243 664 350 684 473 688 927 694 1636 688" 
                    HPOS="243"
                    VPOS="640"
                    WIDTH="1393"
                    HEIGHT="72">
            <Shape><Polygon POINTS="1636 688 1633 657 1398 642 1396 642 1395 642 1376 650 1315 644 1314 644 1312 644 1290 656 1219 647 1217 647 1216 647 1192 656 996 649 995 649 931 656 839 644 837 644 785 656 759 643 758 643 757 643 755 643 725 653 706 644 704 644 703 644 638 654 604 642 602 642 601 642 514 651 440 640 439 640 438 640 411 650 381 640 379 640 245 640 243 664 243 698 355 698 412 710 414 710 415 710 416 710 428 702 541 710 543 710 657 698 785 711 786 711 788 711 808 704 1242 711 1243 711 1244 711 1284 700 1338 711 1339 712 1416 712 1416 711 1473 700 1602 710 1603 710 1605 710 1634 700 1636 688"/></Shape>
            <String CONTENT="ante mit denenſeiben nit anordnen, wie er gewolt. Dieſe Donario-"
                    HPOS="243"
                    VPOS="640"
                    WIDTH="1393"
                    HEIGHT="72"
                    WC="0.9852484473958611"></String>
          </TextLine>
          <TextLine ID="eSc_line_7b01a862"
                    TAGREFS="LT33"
                    BASELINE="245 711 294 719" 
                    HPOS="242"
                    VPOS="673"
                    WIDTH="55"
                    HEIGHT="65">
            <Shape><Polygon POINTS="245 711 242 722 289 738 294 719 297 684 250 673 245 711"/></Shape>
            <String CONTENT="ꝛes"
                    HPOS="242"
                    VPOS="673"
                    WIDTH="55"
                    HEIGHT="65"
                    WC="0.9999958276748657"></String>
          </TextLine>
          <TextLine ID="eSc_line_3877a2af"
                    TAGREFS="LT33"
                    BASELINE="320 732 456 741 913 746 1634 742" 
                    HPOS="319"
                    VPOS="695"
                    WIDTH="1315"
                    HEIGHT="70">
            <Shape><Polygon POINTS="320 732 319 755 499 763 500 763 535 756 554 765 555 765 557 765 558 765 584 756 656 765 657 765 697 756 785 765 786 765 883 758 894 765 896 765 897 765 898 765 993 758 1033 765 1035 765 1125 758 1142 765 1144 765 1145 765 1633 761 1634 742 1631 705 1528 695 1527 695 1525 695 1495 704 1468 695 1467 695 1466 695 1406 704 1369 697 1368 697 1366 697 1348 705 1206 705 1141 697 1139 697 1138 697 1118 704 1094 695 1093 695 1091 695 1090 695 1056 705 928 705 876 695 874 695 873 695 872 695 856 705 744 705 655 695 653 695 652 695 650 695 636 704 503 697 501 697 453 704 435 695 433 695 320 695 320 732"/></Shape>
            <String CONTENT="eynd nach ihrer Ordnung zu Ende dieſes Buchs unter denen Bullis"
                    HPOS="319"
                    VPOS="695"
                    WIDTH="1315"
                    HEIGHT="70"
                    WC="0.9862522208501422"></String>
          </TextLine>
          <TextLine ID="eSc_line_5de8b7df"
                    TAGREFS="LT33"
                    BASELINE="241 766 303 776" 
                    HPOS="238"
                    VPOS="719"
                    WIDTH="69"
                    HEIGHT="73">
            <Shape><Polygon POINTS="238 780 299 792 303 776 307 738 297 728 297 727 296 727 294 727 293 727 260 729 248 719 241 766 238 780"/></Shape>
            <String CONTENT="mnd"
                    HPOS="238"
                    VPOS="719"
                    WIDTH="69"
                    HEIGHT="73"
                    WC="0.9999288519223531"></String>
          </TextLine>
          <TextLine ID="eSc_line_f53b0864"
                    TAGREFS="LT33"
                    BASELINE="317 779 391 787 782 793" 
                    HPOS="316"
                    VPOS="744"
                    WIDTH="466"
                    HEIGHT="68">
            <Shape><Polygon POINTS="317 779 316 796 623 810 625 810 660 803 703 812 704 812 781 803 782 793 782 762 754 749 752 749 751 749 693 755 683 748 682 748 680 748 679 748 677 748 642 758 628 751 626 751 625 751 623 751 608 756 596 746 595 746 594 746 592 746 591 746 554 758 541 746 541 745 540 745 538 745 537 745 465 756 423 756 408 745 406 745 405 745 404 745 402 745 401 745 388 753 378 745 378 744 377 744 375 744 374 744 317 744 317 779"/></Shape>
            <String CONTENT="Diplomatibus zu leſen."
                    HPOS="316"
                    VPOS="744"
                    WIDTH="466"
                    HEIGHT="68"
                    WC="0.9993083097717979"></String>
          </TextLine>
          <TextLine ID="eSc_line_c6082ec1"
                    TAGREFS="LT33"
                    BASELINE="245 864 334 890 422 894 1634 898" 
                    HPOS="243"
                    VPOS="841"
                    WIDTH="1391"
                    HEIGHT="81">
            <Shape><Polygon POINTS="439 846 433 846 411 854 377 846 368 846 354 846 353 841 248 841 245 864 243 901 357 902 395 915 397 915 398 915 496 905 568 916 569 916 571 916 592 909 628 916 629 916 747 909 775 916 777 916 952 918 954 918 955 918 979 911 1110 919 1111 919 1206 908 1229 916 1230 916 1232 916 1349 909 1402 921 1403 921 1514 909 1541 921 1542 921 1544 922 1585 922 1585 921 1586 921 1607 909 1631 911 1634 898 1634 863 1592 851 1590 851 1589 851 1588 851 1551 861 1439 854 1437 854 1371 861 1304 853 1303 853 1174 860 1148 850 1147 850 1145 850 1144 850 1127 857 1093 850 1091 850 991 858 949 850 948 850 893 857 813 847 812 847 630 857 537 847 535 847 463 853 445 846 439 846"/></Shape>
            <String CONTENT="satthdaͤngkeit mit dieſem deſchoͤniget, weil ſie in die Eremprion unſe⸗"
                    HPOS="243"
                    VPOS="841"
                    WIDTH="1391"
                    HEIGHT="81"
                    WC="0.9856515896152442"></String>
          </TextLine>
          <TextLine ID="eSc_line_617e6a7a"
                    TAGREFS="LT33"
                    BASELINE="350 844 1634 844" 
                    HPOS="350"
                    VPOS="796"
                    WIDTH="1284"
                    HEIGHT="69">
            <Shape><Polygon POINTS="350 844 350 857 409 865 411 865 412 865 435 858 460 865 462 865 463 865 465 865 493 858 572 865 574 865 575 865 598 858 622 865 623 865 625 865 666 858 693 865 694 865 696 865 777 858 915 865 917 865 1070 858 1488 865 1490 865 1545 858 1583 865 1585 865 1633 857 1634 844 1631 800 1389 803 1341 796 1339 796 1338 796 1304 806 1103 806 1071 796 1070 796 1069 796 1067 796 1043 806 974 806 896 796 894 796 696 804 655 796 653 796 599 804 585 796 584 796 582 796 581 796 503 803 483 796 482 796 350 796 350 844"/></Shape>
            <String CONTENT="Wunderlich iſt, daß Laurentius Hochvvart deren Biſchoͤffen Ge⸗"
                    HPOS="350"
                    VPOS="796"
                    WIDTH="1284"
                    HEIGHT="69"
                    WC="0.9891722048482587"></String>
          </TextLine>
          <TextLine ID="eSc_line_5b945b15"
                    TAGREFS="LT33"
                    BASELINE="262 918 275 921" 
                    HPOS="259"
                    VPOS="873"
                    WIDTH="23"
                    HEIGHT="60">
            <Shape><Polygon POINTS="262 918 259 933 270 933 275 921 282 878 270 873 262 918"/></Shape>
            <String CONTENT=","
                    HPOS="259"
                    VPOS="873"
                    WIDTH="23"
                    HEIGHT="60"
                    WC="0.9999340772628784"></String>
          </TextLine>
          <TextLine ID="eSc_line_5a82b55b"
                    TAGREFS="LT33"
                    BASELINE="307 936 476 946 1633 952" 
                    HPOS="306"
                    VPOS="897"
                    WIDTH="1327"
                    HEIGHT="75">
            <Shape><Polygon POINTS="307 936 306 956 365 965 367 965 455 958 499 966 500 966 653 959 759 967 761 967 866 960 934 969 935 969 1383 963 1398 972 1399 972 1400 972 1402 972 1542 965 1630 970 1633 952 1630 907 947 909 924 899 923 899 921 899 920 899 889 907 836 901 835 901 833 901 832 901 820 908 720 901 718 901 717 901 693 908 670 901 669 901 667 901 571 907 443 898 442 898 401 905 389 897 388 897 387 897 307 897 307 936"/></Shape>
            <String CONTENT="loſters nicht conlentiret. Nun ſtellet man bloß dis hingegen zu"
                    HPOS="306"
                    VPOS="897"
                    WIDTH="1327"
                    HEIGHT="75"
                    WC="0.9964176946216159"></String>
          </TextLine>
          <TextLine ID="eSc_line_cec637dc"
                    TAGREFS="LT33"
                    BASELINE="245 965 351 990 472 997 1639 999" 
                    HPOS="243"
                    VPOS="945"
                    WIDTH="1396"
                    HEIGHT="75">
            <Shape><Polygon POINTS="1375 952 1369 952 1294 965 1271 965 1254 952 1253 952 1251 952 1250 952 991 962 893 953 891 953 805 960 745 950 744 950 742 950 704 960 596 949 595 949 507 959 460 950 459 950 426 956 404 946 402 946 401 946 399 946 370 955 351 945 350 945 245 945 245 965 243 1003 544 1017 545 1017 657 1009 751 1017 752 1017 815 1009 1036 1018 1037 1018 1039 1018 1061 1007 1098 1017 1100 1017 1402 1020 1403 1020 1481 1011 1511 1020 1512 1020 1514 1020 1515 1020 1546 1011 1636 1020 1639 999 1639 965 1612 955 1610 955 1609 955 1607 955 1588 963 1545 956 1544 956 1403 962 1383 952 1375 952"/></Shape>
            <String CONTENT="onbderiren; Ob nit eadem aurhorirate ein Cloſter à jurisdictione"
                    HPOS="243"
                    VPOS="945"
                    WIDTH="1396"
                    HEIGHT="75"
                    WC="0.9847651654854417"></String>
          </TextLine>
          <TextLine ID="eSc_line_2f10a909"
                    TAGREFS="LT33"
                    BASELINE="250 1018 357 1040 470 1047 1637 1052" 
                    HPOS="250"
                    VPOS="994"
                    WIDTH="1387"
                    HEIGHT="80">
            <Shape><Polygon POINTS="1634 1007 1589 1014 1436 1001 1434 1001 1433 1001 1392 1013 1352 1004 1351 1004 1349 1004 1321 1013 1283 1006 1281 1006 1280 1006 1263 1013 1104 1013 1083 1004 1081 1004 1080 1004 1079 1004 1049 1011 1030 1001 1029 1001 1027 1001 989 1009 968 1001 967 1001 965 1001 964 1001 962 1001 948 1010 864 1001 863 1001 755 1009 724 1000 723 1000 721 1000 666 1009 585 1001 584 1001 477 1007 252 994 250 1018 250 1054 397 1054 423 1064 425 1064 499 1067 500 1067 622 1058 640 1067 642 1067 717 1068 718 1068 720 1068 744 1060 862 1070 863 1070 864 1070 890 1060 906 1070 907 1070 908 1070 910 1071 947 1071 947 1070 948 1070 989 1058 1013 1070 1015 1070 1016 1070 1018 1070 1035 1062 1179 1062 1263 1072 1264 1074 1361 1074 1361 1072 1362 1072 1393 1064 1461 1074 1463 1074 1572 1064 1634 1070 1637 1052 1634 1007"/></Shape>
            <String CONTENT="tainarii kan erimiret werden, gnà Avrhoritate gantze Cloͤſter von"
                    HPOS="250"
                    VPOS="994"
                    WIDTH="1387"
                    HEIGHT="80"
                    WC="0.9742652507928702"></String>
          </TextLine>
          <TextLine ID="eSc_line_bddc78d0"
                    TAGREFS="LT33"
                    BASELINE="242 1065 355 1094 470 1099 1634 1102" 
                    HPOS="241"
                    VPOS="1045"
                    WIDTH="1393"
                    HEIGHT="81">
            <Shape><Polygon POINTS="241 1105 439 1109 493 1121 494 1121 594 1115 615 1122 616 1122 618 1122 699 1115 710 1122 711 1122 713 1122 714 1122 822 1116 930 1123 931 1123 992 1113 1104 1125 1105 1125 1186 1118 1206 1125 1208 1125 1209 1126 1375 1126 1375 1125 1457 1113 1488 1121 1490 1121 1491 1121 1493 1121 1521 1113 1631 1119 1634 1102 1634 1058 1483 1058 1481 1058 1419 1068 1381 1058 1379 1058 1378 1058 1376 1058 1352 1067 1311 1060 1310 1060 1308 1060 1278 1067 1260 1057 1259 1057 1257 1057 1256 1057 1233 1062 1191 1055 1189 1055 1103 1067 1059 1054 1057 1054 1056 1054 920 1065 900 1057 898 1057 788 1052 786 1052 785 1052 758 1065 704 1065 684 1055 683 1055 682 1055 680 1055 679 1055 664 1065 561 1065 479 1051 477 1051 409 1055 388 1047 387 1047 243 1045 242 1065 241 1105"/></Shape>
            <String CONTENT="aem Orden genommen, und einem anderen zugelegt, ja was noch"
                    HPOS="241"
                    VPOS="1045"
                    WIDTH="1393"
                    HEIGHT="81"
                    WC="0.9934564030776589"></String>
          </TextLine>
          <TextLine ID="eSc_line_70062a1d"
                    TAGREFS="LT33"
                    BASELINE="272 1126 336 1142 463 1149 1636 1152" 
                    HPOS="270"
                    VPOS="1104"
                    WIDTH="1366"
                    HEIGHT="69">
            <Shape><Polygon POINTS="270 1157 622 1169 623 1169 850 1160 883 1170 884 1170 886 1172 1205 1172 1205 1170 1206 1170 1227 1163 1287 1172 1288 1172 1334 1163 1415 1170 1416 1170 1417 1170 1434 1163 1490 1172 1491 1173 1634 1173 1636 1152 1634 1108 1502 1108 1501 1108 1426 1121 1359 1111 1358 1111 1356 1111 1331 1122 1278 1122 1192 1106 1191 1106 1189 1106 1151 1121 914 1121 823 1105 822 1105 820 1105 778 1118 742 1108 741 1108 740 1108 690 1119 514 1119 448 1104 446 1104 398 1112 381 1104 379 1104 273 1104 272 1126 270 1157"/></Shape>
            <String CONTENT="hdrers, A non eremptis ad eremptos transteriret, oder wohl gar"
                    HPOS="270"
                    VPOS="1104"
                    WIDTH="1366"
                    HEIGHT="69"
                    WC="0.9982922884725756"></String>
          </TextLine>
          <TextLine ID="eSc_line_41c793c9"
                    TAGREFS="LT33"
                    BASELINE="284 1179 360 1196 602 1204 1633 1200" 
                    HPOS="284"
                    VPOS="1153"
                    WIDTH="1349"
                    HEIGHT="71">
            <Shape><Polygon POINTS="284 1213 520 1223 521 1223 632 1213 687 1223 689 1224 828 1224 828 1223 829 1223 854 1214 979 1223 981 1224 1043 1224 1043 1223 1044 1223 1064 1214 1083 1223 1084 1223 1086 1224 1175 1224 1175 1223 1176 1223 1178 1223 1192 1214 1234 1223 1236 1224 1505 1224 1505 1223 1507 1223 1531 1214 1556 1223 1558 1223 1559 1223 1631 1211 1633 1200 1630 1166 1356 1155 1355 1155 1286 1164 1137 1157 1135 1157 1076 1164 1042 1153 1040 1153 1039 1153 979 1164 845 1155 843 1155 700 1163 666 1153 664 1153 604 1153 602 1153 500 1164 477 1153 476 1153 474 1153 365 1160 284 1153 284 1179 284 1213"/></Shape>
            <String CONTENT="ingniret werden? Bey dem man doch nichts entgegen ſtellen, ſon⸗"
                    HPOS="284"
                    VPOS="1153"
                    WIDTH="1349"
                    HEIGHT="71"
                    WC="0.988356782330407"></String>
          </TextLine>
          <TextLine ID="eSc_line_f59eaf80"
                    TAGREFS="LT33"
                    BASELINE="258 1220 300 1228" 
                    HPOS="253"
                    VPOS="1179"
                    WIDTH="53"
                    HEIGHT="69">
            <Shape><Polygon POINTS="258 1220 253 1234 293 1248 300 1228 306 1187 265 1179 258 1220"/></Shape>
            <String CONTENT="err"
                    HPOS="253"
                    VPOS="1179"
                    WIDTH="53"
                    HEIGHT="69"
                    WC="0.9505549470583597"></String>
          </TextLine>
          <TextLine ID="eSc_line_6ad5b59d"
                    TAGREFS="LT33"
                    BASELINE="324 1242 672 1255 1630 1257" 
                    HPOS="323"
                    VPOS="1203"
                    WIDTH="1307"
                    HEIGHT="76">
            <Shape><Polygon POINTS="324 1242 323 1264 684 1275 686 1275 785 1268 867 1276 869 1276 981 1269 996 1276 998 1276 999 1276 1001 1276 1027 1269 1196 1278 1198 1278 1233 1271 1260 1278 1261 1278 1263 1278 1332 1271 1415 1279 1416 1279 1417 1279 1437 1272 1457 1279 1459 1279 1460 1279 1629 1274 1630 1257 1629 1217 1399 1210 1398 1210 1396 1210 1375 1217 1345 1208 1344 1208 1342 1208 1273 1215 1247 1208 1246 1208 1244 1208 1243 1208 1242 1208 1226 1217 1025 1210 1023 1210 941 1215 866 1206 864 1206 863 1206 836 1214 643 1214 612 1206 611 1206 609 1206 482 1213 453 1204 452 1204 450 1204 449 1204 435 1210 358 1203 357 1203 355 1203 324 1211 324 1242"/></Shape>
            <String CONTENT="ſelbſt es approbiren, und hierzu cooperiren, auch nach Moͤglich⸗"
                    HPOS="323"
                    VPOS="1203"
                    WIDTH="1307"
                    HEIGHT="76"
                    WC="0.9925179025158286"></String>
          </TextLine>
          <TextLine ID="eSc_line_7463963e"
                    TAGREFS="LT33"
                    BASELINE="245 1271 294 1282" 
                    HPOS="233"
                    VPOS="1224"
                    WIDTH="69"
                    HEIGHT="105">
            <Shape><Polygon POINTS="245 1271 233 1318 283 1329 294 1282 302 1241 255 1224 245 1271"/></Shape>
            <String CONTENT="n"
                    HPOS="233"
                    VPOS="1224"
                    WIDTH="69"
                    HEIGHT="105"
                    WC="0.9996222257614136"></String>
          </TextLine>
          <TextLine ID="eSc_line_10355630"
                    TAGREFS="LT33"
                    BASELINE="310 1288 347 1296 477 1305 975 1302" 
                    HPOS="309"
                    VPOS="1255"
                    WIDTH="666"
                    HEIGHT="74">
            <Shape><Polygon POINTS="777 1257 775 1257 754 1266 628 1258 626 1258 537 1266 493 1255 492 1255 490 1255 421 1264 310 1255 310 1288 309 1315 411 1315 443 1327 445 1327 446 1329 484 1329 484 1327 486 1327 487 1327 499 1319 619 1323 621 1323 622 1323 639 1315 674 1327 676 1327 677 1327 745 1320 811 1326 812 1326 813 1326 850 1316 872 1327 873 1327 874 1329 940 1329 940 1327 941 1327 974 1313 975 1302 971 1264 897 1266 881 1259 880 1259 879 1259 839 1266 789 1257 777 1257"/></Shape>
            <String CONTENT="mit der Feder es verfechten thnt."
                    HPOS="309"
                    VPOS="1255"
                    WIDTH="666"
                    HEIGHT="74"
                    WC="0.9722394925175291"></String>
          </TextLine>
          <TextLine ID="eSc_line_67c8c16f"
                    TAGREFS="LT33"
                    BASELINE="1010 1296 1046 1295" 
                    HPOS="1008"
                    VPOS="1259"
                    WIDTH="38"
                    HEIGHT="50">
            <Shape><Polygon POINTS="1010 1296 1010 1309 1046 1309 1046 1295 1043 1268 1008 1259 1010 1296"/></Shape>
            <String CONTENT=""
                    HPOS="1008"
                    VPOS="1259"
                    WIDTH="38"
                    HEIGHT="50"
                    ></String>
          </TextLine>
          <TextLine ID="eSc_line_4b5f8a0f"
                    TAGREFS="LT33"
                    BASELINE="1074 1295 1113 1296" 
                    HPOS="1073"
                    VPOS="1261"
                    WIDTH="40"
                    HEIGHT="45">
            <Shape><Polygon POINTS="1074 1295 1073 1306 1111 1306 1113 1296 1110 1261 1074 1271 1074 1295"/></Shape>
            <String CONTENT=""
                    HPOS="1073"
                    VPOS="1261"
                    WIDTH="40"
                    HEIGHT="45"
                    ></String>
          </TextLine>
          <TextLine ID="eSc_line_ea987ea2"
                    TAGREFS="LT33"
                    BASELINE="751 1432 1090 1432" 
                    HPOS="751"
                    VPOS="1370"
                    WIDTH="339"
                    HEIGHT="89">
            <Shape><Polygon POINTS="751 1432 751 1449 777 1459 778 1459 779 1459 825 1452 860 1459 862 1459 863 1459 880 1451 1003 1459 1005 1459 1006 1459 1008 1459 1022 1451 1090 1451 1090 1432 1090 1387 1052 1387 1033 1370 1032 1370 1030 1370 1029 1370 1027 1370 971 1386 869 1373 867 1373 866 1373 832 1386 794 1370 792 1370 751 1370 751 1432"/></Shape>
            <String CONTENT="Incidentia."
                    HPOS="751"
                    VPOS="1370"
                    WIDTH="339"
                    HEIGHT="89"
                    WC="0.9988026564771478"></String>
          </TextLine>
          <TextLine ID="eSc_line_3ed8e10a"
                    TAGREFS="LT33"
                    BASELINE="321 1532 1633 1547" 
                    HPOS="320"
                    VPOS="1483"
                    WIDTH="1313"
                    HEIGHT="83">
            <Shape><Polygon POINTS="1597 1505 1583 1503 1569 1503 1555 1502 1541 1502 1527 1500 1521 1500 1432 1505 1417 1498 1416 1498 1415 1498 1307 1505 1273 1495 1271 1495 1182 1495 1181 1495 1179 1495 1154 1503 1008 1492 1006 1492 840 1499 774 1489 772 1489 730 1496 686 1489 684 1489 440 1495 321 1483 321 1532 320 1551 1630 1566 1633 1547 1631 1509 1597 1505 1597 1505"/></Shape>
            <String CONTENT="Ano 800. wurde Koͤnig Carl, Roͤmiſcher Kayſer, und zu Rom"
                    HPOS="320"
                    VPOS="1483"
                    WIDTH="1313"
                    HEIGHT="83"
                    WC="0.9771977678725594"></String>
          </TextLine>
          <TextLine ID="eSc_line_55f58743"
                    TAGREFS="LT33"
                    BASELINE="333 1584 981 1597 1636 1597" 
                    HPOS="331"
                    VPOS="1543"
                    WIDTH="1305"
                    HEIGHT="79">
            <Shape><Polygon POINTS="333 1584 331 1604 1053 1618 1054 1618 1297 1614 1354 1621 1355 1621 1477 1615 1501 1622 1502 1622 1504 1622 1634 1615 1636 1597 1633 1554 1495 1560 1481 1551 1480 1551 1478 1551 1477 1551 1345 1558 1310 1550 1308 1550 1307 1550 1225 1557 1199 1549 1198 1549 1196 1549 1070 1556 959 1547 958 1547 765 1553 750 1544 748 1544 747 1544 745 1544 623 1551 611 1543 609 1543 608 1543 606 1543 472 1550 333 1543 333 1584"/></Shape>
            <String CONTENT="von Leone Il. am heiligen Weyhnacht⸗Tag ſolemnitlime ge⸗"
                    HPOS="331"
                    VPOS="1543"
                    WIDTH="1305"
                    HEIGHT="79"
                    WC="0.9706003229532923"></String>
          </TextLine>
          <TextLine ID="eSc_line_6ce8265a"
                    TAGREFS="LT33"
                    BASELINE="248 1608 355 1632" 
                    HPOS="245"
                    VPOS="1563"
                    WIDTH="117"
                    HEIGHT="82">
            <Shape><Polygon POINTS="340 1585 338 1584 258 1563 248 1608 245 1619 286 1638 287 1638 351 1645 355 1632 362 1591 341 1585 340 1585"/></Shape>
            <String CONTENT="roͤnet⸗"
                    HPOS="245"
                    VPOS="1563"
                    WIDTH="117"
                    HEIGHT="82"
                    WC="0.9941023503031049"></String>
          </TextLine>
          <TextLine ID="eSc_line_f480d778"
                    TAGREFS="LT33"
                    BASELINE="248 1653 302 1665 354 1685 455 1693 1631 1700" 
                    HPOS="246"
                    VPOS="1643"
                    WIDTH="1385"
                    HEIGHT="83">
            <Shape><Polygon POINTS="1037 1651 1036 1651 1035 1651 1003 1663 959 1656 958 1656 883 1662 845 1652 843 1652 842 1652 840 1652 839 1652 822 1663 731 1665 679 1649 677 1649 676 1649 615 1663 599 1653 598 1653 596 1653 595 1653 594 1653 569 1660 534 1649 533 1649 269 1643 248 1653 246 1702 358 1702 507 1719 509 1719 672 1710 788 1721 789 1721 791 1721 816 1710 845 1719 846 1719 847 1719 924 1712 1018 1721 1019 1721 1084 1714 1113 1724 1114 1724 1115 1726 1169 1726 1169 1724 1171 1724 1172 1724 1188 1714 1206 1724 1208 1724 1209 1724 1328 1717 1352 1726 1354 1726 1355 1726 1356 1726 1389 1716 1629 1724 1631 1700 1629 1669 1527 1669 1484 1658 1483 1658 1481 1658 1379 1668 1345 1659 1344 1659 1342 1659 1341 1659 1317 1669 1200 1669 1139 1658 1138 1658 1074 1666 1039 1651 1037 1651"/></Shape>
            <String CONTENT="adrd. verd. gloria, tol. a7. Corolus M. Romam veniens ad repe;"
                    HPOS="246"
                    VPOS="1643"
                    WIDTH="1385"
                    HEIGHT="83"
                    WC="0.9595999198575174"></String>
          </TextLine>
          <TextLine ID="eSc_line_9f89963d"
                    TAGREFS="LT33"
                    BASELINE="401 1639 1084 1651 1634 1648" 
                    HPOS="399"
                    VPOS="1600"
                    WIDTH="1235"
                    HEIGHT="75">
            <Shape><Polygon POINTS="401 1639 399 1656 540 1658 575 1668 577 1668 578 1668 737 1660 779 1669 781 1669 845 1662 930 1670 931 1670 1039 1663 1105 1672 1459 1675 1460 1675 1461 1675 1481 1668 1571 1675 1572 1675 1633 1666 1634 1648 1631 1615 1459 1605 1457 1605 1303 1612 1283 1604 1281 1604 1280 1604 1278 1604 1277 1604 1267 1612 1165 1612 1148 1604 1147 1604 1145 1604 1105 1611 1010 1602 1009 1602 930 1609 897 1601 896 1601 894 1601 837 1608 812 1601 811 1601 809 1601 808 1601 806 1601 795 1608 740 1600 738 1600 737 1600 721 1608 578 1608 401 1600 401 1639"/></Shape>
            <String CONTENT="Wie ungern er dieſe Dignitaͤt angenommen, ſchreibt Beir-"
                    HPOS="399"
                    VPOS="1600"
                    WIDTH="1235"
                    HEIGHT="75"
                    WC="0.9987718303288732"></String>
          </TextLine>
          <TextLine ID="eSc_line_6574216f"
                    TAGREFS="LT33"
                    BASELINE="270 1709 372 1737 456 1744 996 1751 1634 1747" 
                    HPOS="269"
                    VPOS="1697"
                    WIDTH="1365"
                    HEIGHT="80">
            <Shape><Polygon POINTS="269 1753 404 1754 436 1767 438 1767 439 1767 440 1767 470 1758 507 1770 509 1770 510 1770 587 1760 647 1771 649 1771 748 1761 789 1772 791 1772 792 1772 907 1764 1012 1774 1013 1774 1015 1774 1047 1765 1117 1774 1118 1774 1181 1767 1297 1775 1298 1775 1300 1775 1301 1775 1315 1765 1372 1765 1436 1777 1437 1777 1439 1777 1474 1767 1502 1777 1504 1777 1505 1777 1507 1777 1542 1767 1631 1772 1634 1747 1634 1719 1605 1709 1603 1709 1602 1709 1600 1709 1578 1717 1535 1710 1534 1710 1464 1721 1390 1706 1389 1706 1388 1706 1344 1720 1229 1710 1227 1710 1226 1710 1198 1720 1029 1720 996 1709 995 1709 993 1709 932 1717 898 1707 897 1707 896 1707 819 1713 778 1706 777 1706 663 1716 592 1700 591 1700 509 1707 480 1699 479 1699 477 1699 378 1704 283 1697 270 1709 269 1753"/></Shape>
            <String CONTENT="oum Ecclelia ſtatumn, ibi hvemarit, cogue tempore lmperatoris"
                    HPOS="269"
                    VPOS="1697"
                    WIDTH="1365"
                    HEIGHT="80"
                    WC="0.9887808102076171"></String>
          </TextLine>
          <TextLine ID="eSc_line_f453c2cc"
                    TAGREFS="LT33"
                    BASELINE="255 1804 279 1805" 
                    HPOS="253"
                    VPOS="1757"
                    WIDTH="27"
                    HEIGHT="66">
            <Shape><Polygon POINTS="255 1804 253 1816 275 1823 279 1805 280 1758 256 1757 255 1804"/></Shape>
            <String CONTENT="t"
                    HPOS="253"
                    VPOS="1757"
                    WIDTH="27"
                    HEIGHT="66"
                    WC="0.999970555305481"></String>
          </TextLine>
          <TextLine ID="eSc_line_e43d1550"
                    TAGREFS="LT33"
                    BASELINE="351 1789 859 1802 1647 1797" 
                    HPOS="350"
                    VPOS="1753"
                    WIDTH="1297"
                    HEIGHT="73">
            <Shape><Polygon POINTS="351 1789 350 1812 477 1822 479 1822 667 1815 707 1823 708 1823 710 1823 744 1815 761 1822 762 1822 877 1823 879 1823 880 1823 894 1816 1057 1825 1059 1826 1318 1826 1318 1825 1320 1825 1345 1818 1470 1825 1471 1825 1519 1816 1538 1825 1539 1825 1541 1826 1646 1826 1647 1797 1646 1771 1585 1757 1539 1757 1538 1757 1536 1757 1495 1771 1259 1771 1239 1763 1237 1763 1236 1763 1027 1770 1002 1758 1001 1758 999 1758 998 1758 976 1768 941 1754 940 1754 938 1754 937 1754 918 1761 896 1754 894 1754 893 1754 891 1754 859 1768 815 1761 813 1761 767 1768 744 1754 742 1754 741 1754 740 1754 667 1765 636 1754 635 1754 633 1754 632 1754 601 1765 562 1755 561 1755 560 1755 558 1755 520 1765 476 1754 474 1754 351 1753 351 1789"/></Shape>
            <String CONTENT="zuſti nomen accepit, qnod decus primo in tanrum arerlatus"
                    HPOS="350"
                    VPOS="1753"
                    WIDTH="1297"
                    HEIGHT="73"
                    WC="0.9812267318106535"></String>
          </TextLine>
          <TextLine ID="eSc_line_f732d655"
                    TAGREFS="LT33"
                    BASELINE="353 1832 411 1843 714 1853 1249 1855 1633 1848" 
                    HPOS="353"
                    VPOS="1806"
                    WIDTH="1280"
                    HEIGHT="71">
            <Shape><Polygon POINTS="1630 1816 1572 1809 1571 1809 1569 1809 1548 1819 1504 1809 1502 1809 1501 1809 1451 1822 1329 1809 1328 1809 1257 1819 1195 1808 1193 1808 1138 1821 1035 1814 1033 1814 1032 1814 1030 1814 1020 1821 986 1809 985 1809 984 1809 910 1811 908 1811 889 1822 761 1822 663 1806 662 1806 660 1806 639 1818 574 1811 572 1811 528 1819 499 1809 497 1809 354 1806 353 1832 353 1865 492 1865 520 1873 521 1873 523 1873 604 1865 628 1876 629 1876 630 1876 632 1876 652 1869 710 1876 711 1876 713 1876 748 1866 762 1877 764 1877 765 1877 767 1877 1631 1870 1633 1848 1630 1816"/></Shape>
            <String CONTENT="(afkrmarer ea die, quamris prœcipua eſler feſtiritas, Eccle-"
                    HPOS="353"
                    VPOS="1806"
                    WIDTH="1280"
                    HEIGHT="71"
                    WC="0.9883447696765264"></String>
          </TextLine>
          <TextLine ID="eSc_line_4e4e0023"
                    TAGREFS="LT33"
                    BASELINE="239 1853 307 1866" 
                    HPOS="235"
                    VPOS="1809"
                    WIDTH="76"
                    HEIGHT="75">
            <Shape><Polygon POINTS="239 1853 235 1872 302 1884 307 1866 311 1832 246 1809 239 1853"/></Shape>
            <String CONTENT="aͤau"
                    HPOS="235"
                    VPOS="1809"
                    WIDTH="76"
                    HEIGHT="75"
                    WC="0.8109962344169617"></String>
          </TextLine>
          <TextLine ID="eSc_line_10ba5876"
                    TAGREFS="LT33"
                    BASELINE="338 1880 492 1897 609 1901 1636 1899" 
                    HPOS="337"
                    VPOS="1857"
                    WIDTH="1299"
                    HEIGHT="64">
            <Shape><Polygon POINTS="338 1880 337 1908 601 1920 602 1921 843 1921 843 1920 845 1920 846 1920 860 1911 900 1920 901 1920 1283 1913 1393 1920 1395 1920 1396 1920 1422 1910 1441 1918 1443 1918 1444 1918 1446 1918 1447 1918 1457 1911 1529 1920 1531 1920 1634 1916 1636 1899 1634 1872 1606 1860 1605 1860 1603 1860 1535 1870 1521 1860 1519 1860 1518 1860 1517 1860 1515 1860 1493 1869 1461 1857 1460 1857 1395 1857 1393 1857 1392 1857 1355 1870 1242 1859 1240 1859 1188 1870 1030 1870 1015 1860 1013 1860 1012 1860 1010 1860 1009 1860 985 1872 928 1872 884 1859 883 1859 881 1859 880 1859 853 1872 742 1872 703 1862 701 1862 629 1870 598 1863 596 1863 595 1863 594 1863 579 1869 561 1857 560 1857 558 1857 338 1857 338 1880"/></Shape>
            <String CONTENT="e non tuille intraturum, ſi prœlcire voruiller Pontikicis Leoms"
                    HPOS="337"
                    VPOS="1857"
                    WIDTH="1299"
                    HEIGHT="64"
                    WC="0.9875279683915396"></String>
          </TextLine>
          <TextLine ID="eSc_line_66423d79"
                    TAGREFS="LT33"
                    BASELINE="284 1917 365 1934 584 1952 1637 1957" 
                    HPOS="283"
                    VPOS="1897"
                    WIDTH="1354"
                    HEIGHT="81">
            <Shape><Polygon POINTS="283 1951 470 1952 521 1967 523 1967 639 1971 640 1971 837 1969 839 1969 876 1958 937 1972 1016 1974 1018 1974 1208 1967 1239 1975 1240 1975 1242 1975 1243 1975 1273 1967 1434 1977 1436 1977 1535 1971 1559 1978 1561 1978 1562 1978 1636 1965 1637 1957 1637 1921 1546 1908 1545 1908 1450 1917 1424 1908 1423 1908 1294 1907 1293 1907 1291 1907 1290 1907 1276 1916 1244 1906 1243 1906 1242 1906 1240 1906 1189 1920 1132 1911 1131 1911 1130 1911 1117 1917 1101 1907 1100 1907 1098 1907 1097 1907 1096 1907 1094 1907 1073 1921 989 1921 974 1911 972 1911 971 1911 969 1911 968 1911 944 1918 908 1910 907 1910 906 1910 904 1910 881 1918 791 1911 789 1911 687 1917 666 1907 664 1907 663 1907 662 1907 642 1917 605 1910 604 1910 550 1916 470 1899 469 1899 467 1899 435 1910 406 1900 405 1900 286 1897 284 1917 283 1951"/></Shape>
            <String CONTENT="atilium. Videarur Baronius. Pipinum ſeinen Sohn machte er zum"
                    HPOS="283"
                    VPOS="1897"
                    WIDTH="1354"
                    HEIGHT="81"
                    WC="0.9900389362554081"></String>
          </TextLine>
          <TextLine ID="eSc_line_4a7fa801"
                    TAGREFS="LT33"
                    BASELINE="258 1962 309 1972 341 1986 585 2006 1634 2011" 
                    HPOS="256"
                    VPOS="1943"
                    WIDTH="1378"
                    HEIGHT="90">
            <Shape><Polygon POINTS="1209 1955 1208 1955 1206 1955 1185 1967 999 1967 989 1958 988 1958 986 1958 985 1958 945 1965 920 1954 918 1954 917 1954 915 1954 884 1965 567 1964 494 1947 259 1943 258 1962 256 2005 676 2028 677 2028 802 2020 842 2029 843 2029 938 2023 1001 2030 1002 2030 1171 2020 1193 2032 1195 2032 1196 2033 1251 2033 1251 2032 1253 2032 1254 2032 1281 2016 1339 2016 1368 2025 1369 2025 1371 2025 1424 2022 1447 2033 1449 2033 1450 2033 1535 2018 1578 2033 1579 2033 1580 2033 1633 2022 1634 2011 1633 1967 1602 1960 1600 1960 1556 1968 1470 1961 1468 1961 1392 1967 1338 1958 1337 1958 1242 1964 1210 1955 1209 1955"/></Shape>
            <String CONTENT="vmng uder Italien, und quiurte Rom um das Feſt S. Georgii. Als"
                    HPOS="256"
                    VPOS="1943"
                    WIDTH="1378"
                    HEIGHT="90"
                    WC="0.9751760853875068"></String>
          </TextLine>
          <TextLine ID="eSc_line_a9657fdb"
                    TAGREFS="LT33"
                    BASELINE="317 2026 347 2032" 
                    HPOS="313"
                    VPOS="1986"
                    WIDTH="40"
                    HEIGHT="57">
            <Shape><Polygon POINTS="317 2026 313 2042 343 2043 347 2032 353 1991 324 1986 317 2026"/></Shape>
            <String CONTENT="v"
                    HPOS="313"
                    VPOS="1986"
                    WIDTH="40"
                    HEIGHT="57"
                    WC="0.9999874830245972"></String>
          </TextLine>
          <TextLine ID="eSc_line_8a08d5c7"
                    TAGREFS="LT33"
                    BASELINE="365 2037 629 2060 1634 2062" 
                    HPOS="364"
                    VPOS="2006"
                    WIDTH="1270"
                    HEIGHT="78">
            <Shape><Polygon POINTS="365 2037 364 2064 545 2066 613 2079 811 2080 812 2080 813 2080 846 2071 873 2080 874 2080 876 2080 999 2073 1023 2081 1025 2081 1026 2081 1108 2071 1223 2083 1225 2083 1312 2074 1327 2083 1328 2083 1329 2083 1331 2083 1437 2077 1490 2084 1491 2084 1633 2074 1634 2062 1634 2029 1599 2018 1597 2018 1596 2018 1515 2023 1495 2015 1494 2015 1493 2015 1491 2015 1450 2028 1382 2020 1381 2020 1305 2026 1280 2016 1278 2016 1277 2016 1227 2026 1155 2012 1154 2012 1152 2012 1124 2019 1104 2012 1103 2012 1101 2012 1015 2013 952 2023 893 2022 879 2012 877 2012 876 2012 874 2012 815 2023 779 2016 778 2016 605 2022 535 2008 365 2006 365 2037"/></Shape>
            <String CONTENT="letzten May gen Spoler kame, hats allda, in gantz Jtalien,"
                    HPOS="364"
                    VPOS="2006"
                    WIDTH="1270"
                    HEIGHT="78"
                    WC="0.9947660411226338"></String>
          </TextLine>
          <TextLine ID="eSc_line_0a669ab8"
                    TAGREFS="LT33"
                    BASELINE="248 2069 460 2100 667 2113 1636 2108" 
                    HPOS="246"
                    VPOS="2049"
                    WIDTH="1390"
                    HEIGHT="92">
            <Shape><Polygon POINTS="1110 2062 1103 2062 1084 2071 1002 2063 1001 2063 999 2063 968 2077 904 2077 886 2067 884 2067 883 2067 826 2076 784 2064 782 2064 781 2064 779 2064 740 2074 674 2067 673 2067 633 2074 554 2059 552 2059 492 2069 446 2049 445 2049 249 2049 248 2069 246 2108 476 2111 499 2122 500 2122 501 2122 535 2118 664 2137 666 2137 759 2128 863 2138 864 2138 866 2138 937 2120 1008 2138 1009 2138 1010 2138 1077 2128 1144 2140 1145 2141 1284 2141 1284 2140 1286 2140 1342 2121 1409 2137 1410 2137 1495 2135 1497 2135 1525 2124 1551 2134 1552 2134 1554 2134 1555 2134 1600 2121 1631 2131 1636 2108 1631 2064 1585 2073 1562 2064 1561 2064 1559 2064 1558 2064 1539 2071 1511 2067 1510 2067 1508 2067 1477 2079 1398 2070 1396 2070 1337 2076 1312 2067 1311 2067 1310 2067 1246 2077 1120 2062 1110 2062"/></Shape>
            <String CONTENT="fockreich, und Teurſchland ein erſchroͤckachen, und vrelen Orrden"
                    HPOS="246"
                    VPOS="2049"
                    WIDTH="1390"
                    HEIGHT="92"
                    WC="0.9860169548254747"></String>
          </TextLine>
          <TextLine ID="eSc_line_b7a63f83"
                    TAGREFS="LT33"
                    BASELINE="275 2125 296 2128" 
                    HPOS="272"
                    VPOS="2080"
                    WIDTH="28"
                    HEIGHT="62">
            <Shape><Polygon POINTS="275 2125 272 2138 293 2142 296 2128 300 2083 279 2080 275 2125"/></Shape>
            <String CONTENT=""
                    HPOS="272"
                    VPOS="2080"
                    WIDTH="28"
                    HEIGHT="62"
                    WC="0.9999856948852539"></String>
          </TextLine>
          <TextLine ID="eSc_line_a1731366"
                    TAGREFS="LT33"
                    BASELINE="317 2134 552 2159 856 2168 1342 2166 1631 2155" 
                    HPOS="316"
                    VPOS="2103"
                    WIDTH="1315"
                    HEIGHT="90">
            <Shape><Polygon POINTS="317 2134 316 2165 445 2166 483 2179 484 2179 486 2179 534 2169 560 2181 561 2181 669 2185 670 2185 713 2179 723 2186 724 2186 725 2186 1110 2191 1111 2191 1178 2183 1273 2192 1274 2192 1276 2192 1294 2185 1345 2193 1346 2193 1400 2185 1426 2192 1427 2192 1429 2192 1494 2179 1630 2179 1631 2155 1629 2120 1565 2121 1563 2121 1536 2134 1490 2120 1488 2120 1487 2120 1223 2131 1179 2122 1178 2122 1096 2130 1060 2118 1059 2118 1057 2118 1056 2118 1035 2128 959 2118 958 2118 957 2118 921 2131 819 2131 798 2121 796 2121 795 2121 670 2128 579 2111 578 2111 509 2120 462 2104 460 2104 317 2103 317 2134"/></Shape>
            <String CONTENT="ſchaͤdlichen Erddidem geben. Der Sommer war ſehr kalr, und"
                    HPOS="316"
                    VPOS="2103"
                    WIDTH="1315"
                    HEIGHT="90"
                    WC="0.9513307357656544"></String>
          </TextLine>
          <TextLine ID="eSc_line_5c843774"
                    TAGREFS="LT33"
                    BASELINE="1508 2206 1636 2206" 
                    HPOS="1508"
                    VPOS="2172"
                    WIDTH="128"
                    HEIGHT="51">
            <Shape><Polygon POINTS="1626 2172 1508 2172 1508 2206 1508 2223 1636 2220 1636 2206 1633 2192 1626 2172"/></Shape>
            <String CONTENT="dene1s"
                    HPOS="1508"
                    VPOS="2172"
                    WIDTH="128"
                    HEIGHT="51"
                    WC="0.9915565450986227"></String>
          </TextLine>
        </TextBlock>
        <TextBlock HPOS="39"
                   VPOS="980"
                   WIDTH="55"
                   HEIGHT="27"
                   ID="eSc_textblock_e6b9888e"
                   TAGREFS="BT42">
          <Shape><Polygon POINTS="55 980 94 980 94 1001 39 1007 55 980"/></Shape>
        </TextBlock>
        <TextBlock HPOS="34"
                   VPOS="1026"
                   WIDTH="60"
                   HEIGHT="44"
                   ID="eSc_textblock_9332befa"
                   TAGREFS="BT42">
          <Shape><Polygon POINTS="51 1026 94 1031 89 1070 51 1070 34 1041 51 1026"/></Shape>
        </TextBlock>
        <TextBlock HPOS="22"
                   VPOS="1077"
                   WIDTH="78"
                   HEIGHT="146"
                   ID="eSc_textblock_8eb9cbb6"
                   TAGREFS="BT42">
          <Shape><Polygon POINTS="55 1077 100 1088 83 1223 22 1211 34 1145 68 1138 34 1109 55 1077"/></Shape>
        </TextBlock>
        <TextBlock HPOS="22"
                   VPOS="1282"
                   WIDTH="67"
                   HEIGHT="230"
                   ID="eSc_textblock_09130bb1"
                   TAGREFS="BT42">
          <Shape><Polygon POINTS="83 1282 89 1512 51 1512 22 1439 34 1417 68 1421 73 1377 28 1393 28 1303 83 1282"/></Shape>
        </TextBlock>
        <TextBlock HPOS="28"
                   VPOS="1230"
                   WIDTH="61"
                   HEIGHT="38"
                   ID="eSc_textblock_3e6c367c"
                   TAGREFS="BT42">
          <Shape><Polygon POINTS="79 1230 89 1268 28 1257 77 1241 79 1230"/></Shape>
        </TextBlock>
        <TextBlock HPOS="253"
                   VPOS="1377"
                   WIDTH="34"
                   HEIGHT="21"
                   ID="eSc_textblock_5f0444d5"
                   TAGREFS="BT42">
          <Shape><Polygon POINTS="253 1377 276 1377 287 1387 260 1398 253 1377"/></Shape>
        </TextBlock>
        <TextBlock HPOS="294"
                   VPOS="1383"
                   WIDTH="10"
                   HEIGHT="4"
                   ID="eSc_textblock_9a26d9dc"
                   TAGREFS="BT42">
          <Shape><Polygon POINTS="300 1383 304 1387 294 1387 294 1383 300 1383"/></Shape>
        </TextBlock>
        <TextBlock HPOS="45"
                   VPOS="924"
                   WIDTH="55"
                   HEIGHT="32"
                   ID="eSc_textblock_7eaf6169"
                   TAGREFS="BT42">
          <Shape><Polygon POINTS="77 924 100 935 89 956 45 950 77 924"/></Shape>
        </TextBlock>
        <TextBlock HPOS="28"
                   VPOS="873"
                   WIDTH="72"
                   HEIGHT="38"
                   ID="eSc_textblock_b51b7c28"
                   TAGREFS="BT42">
          <Shape><Polygon POINTS="60 873 100 878 94 911 28 894 60 873"/></Shape>
        </TextBlock>
      </PrintSpace>
    </Page>
  </Layout>
</alto>
