1566 2270
87 83 89 62 ſ08

580 92 43 61 z.

78 133 1380 99 men, aber es iſt niemand ſonders blieden, als des Feinds Obriſter

657 90 309 81 8 (0) 2tt.

80 187 500 72 Wachtmeiſter Corvilleus.

78 238 1375 92 mit ſeinen Voͤlckern in die Stadi begeden. Die Kahſerſich⸗ und

623 205 831 78 Hierauf hat ſich der Hertzog Bernhart

78 281 1370 101 Bayriſche Armeen aber verſahen ſich mit Schiff⸗Brucken unter und ot

78 330 1374 102 der Stadt, belaͤgertens beederſeits. 30. groſſe Sruck plantirte mas

79 375 1368 109 auf das Bergl bey Aumpffmuͤhl, die thaten unſerm Cloſter bald mey.

78 430 1364 99 Hhaden als der Stadt. Der Hertzog erachtete mit vielen Voͤlckere

75 475 1364 102 wurde man in dieſer Veſtung an Proviant bald muͤſſen Norh leydeu

73 528 1330 103 tieſſe zur Beſatzung 2000. Mann, und er begab ſich mit denen uͤbri

70 576 269 67 in Francken.

204 629 1238 91 Es ſetzten beede, die Kayſerlich und Bayriſche Armeen ſtorck an

68 670 1373 104 und brauchten groſſen Ernſt, ſie richteten aber gar wenig aus, dans

69 717 1369 106 die Belaͤgerten, ſonderbar die Burger, thaͤten groſſen Awderſtand,

66 766 1362 105 und gieng ſelten ein Schuß leer ab. Die Bayriſche Voͤlcker wurde

66 814 1357 104 vermehrt mit A. Spaniſchen Regimentern. Man minirte dieſer Seit

65 871 1364 95 gar ſtarck, man contraminirt in der Stadr. Der Koͤnig ueſſe del

66 914 1357 99 Fluß HLaab wohl verwahren. Man muſte aber principaliter auchd.

65 964 1363 97 Thonau verſichern, damit der General Rola von Khelheumnb aus,  ſiͤ

61 1012 1366 100 derſeiben nit bedienen moͤchte, denen Belaͤgerten zu helffen, deßwegel

60 1060 1363 100 man den 26. Julii, ihne von dannen mit 6000. auserleſnen Soldate.

59 1105 228 65 vertrieben.

188 1157 1236 99 Dem anweſenden Chur⸗Fuͤrſten Mazimilian wollte dieſe Lo

56 1205 1368 98 vreſla zu lang hergehen, begabe ſich ſelbſten in das Lager, und er

52 1256 1372 95 fuhren die in der Sradt bald, wer bis Dato denen Unſerigen abgan

51 1302 1374 97 gen⸗ Der Chur⸗Fuͤrſt diſponirte alſobald mit hoͤchſtem Verſtand,

51 1354 1371 97 was die Sach befoͤrdern ſollt.Der Ungariſche Koͤnig eroberte dit

51 1394 1366 104 Stadt am Hof, und obern Woͤrth, und wurden die Burger mit de

50 1442 790 87 nen Soldaten in die Stadt getrieben.

184 1493 1236 99 Immittels hat der Hertzog von veinmar, Forchhaim il

49 1539 1368 100 Francken ſtarck zugeſetzt. Hernach ein Diverſion zumachen in Hayrs

46 1590 1271 97 auf Landshut geruckt, und ſeibe Stadt eingenommen den 20.

46 1635 1313 102 Der General Horn verbliebe allda, und hauſete in der Stadt unchi

1316 1615 101 53 craſti-

42 1682 1376 104 lich. Der General Altringer haͤtte dieſes verwehren ſollen, hat aber

40 1734 1383 99 zu ſpat zur Sach gethan. Dahero dann er auch allida durch einen

41 1783 1368 101 Schuß ( ob er mit Fleiß von dem Feind oder Freund auf ihne ge

39 1837 988 132 Eds)e, dan Nadin eſtebet) ſi Eebe zzna

1299 1954 120 67 Unter
