2047 2486
59 312 43 53 n

111 303 49 60 de.

89 357 31 54 ei

31 470 56 64 cde

26 499 124 82 r Kn⸗

45 559 72 66 entz

64 617 45 56 ni

64 662 28 54 ,

44 720 41 60 r

66 854 70 65 unt

30 915 52 72 ol

743 265 395 76 2t (0) Ebe-

774 379 340 123 Zu ſat.

258 511 1384 82 Oannes Abbt bekame Paͤbſtliche Erlaubnuß, daß er auf der Neis mit ſeinen Moͤr⸗

296 567 1349 68 chen Fleiſch ſpeiſen koͤnnte, und wann fremde fuͤrnehme Gaͤſt in das Cloſter kom⸗

243 610 1400 68 uten, er auſſer den Rekectorio mit 2. Religioſen ſolches thun koͤnnte. Anno

255 642 69 58 15

359 654 1284 75 Originale in Arebivo. NB. Zuvor ware das Fleiſch⸗Eſen in unſeren Eloͤ⸗

241 682 312 77 hern nicht erlaubet.

342 773 1300 79 Eigricm Biſchoff zu Negenſpurg erlaubet dem Cloſter S. Emmerami. das

244 830 1395 77 Chdes dir Einkaͤnfften der Pfarꝛ Boͤhmiſchpruck voͤlig geneſſen koͤnne, mir Vor⸗

248 879 1394 78 Paut anſiaͤndiger Unterhaltung eines beſtaͤndigen Pfar⸗ Vicarii. Anno 1280. In

240 906 309 85 drebivo Originale.

241 1048 1398 76 gorn, die Vogtey zu Kelhamb von dem Cloſter S. Emmerami mt gewiſſen Be⸗

352 994 1290 83 Nach Abſterden Nicolai dc Abenſperg detommet Abertus, Hertzog in

238 1070 50 72 znn

290 1095 534 59 nuſen. 1225. Vide litteras.

341 1176 1301 71 lnocentius PTU. beſtaͤttiget das Pririlegium dem Cloſter S. Emmerami,

243 1215 1395 83 crosft deſſen die Unterthanen allhieſigen Biſchoffens, vor denen Conſervatoribus,

238 1260 1246 83 sder SudConſervatoribus des Cloſters erſcheinen muͤſſen. Anno 1291.

338 1341 1300 81 Unter Abbt ſoanne Tegernteel, vor Ende des XV. Sœculi, lebte bey S.

247 1388 1396 74 dameram R. Fr. Chriſtophorus Hofkmann, (Oſtrofrancus) genannt, von-

245 1430 1395 76 attenburg an der Tander gebuͤrtig. Dieſer ware ein frommer, ſleißiger Religios

295 1473 1344 76 Hrieſter, er durchſuchte viele alte Manuſcripta, ans welchen er verſchiedene

248 1515 1388 73 Sucher geſchrieben, wie in I. Parte Catalogi Bibliorhecz S. Emmerami in

227 1527 43 23 .

241 1555 1397 84 prrkat pag. LXXXIV. zn leſen. Er lebte, und ware Deputatus in dem Elo⸗

241 1581 44 62 er

308 1603 1331 77 . Emmerami, da die Griſtlichkeit Anno 1526. von dem Mlagiſtrat allhier

238 1624 89 69 n der

334 1647 1302 76 Kirchen bey denen RR. PP. Minoritis eingeſperret worden. Welches alles

262 1687 1370 80 celde in ſeiner Hiſtoria de Epilcopis Ratisdonenl. und Abbatidus aa S.

238 1731 1400 81 wer amnum umſtaͤndig erzehlet. Ans Er. Hoſkmanni Buͤchern hat Buretarder

241 1776 1397 76 ntbelt Strwvin in Acis lirtrrariis tom. IL. Falcienlo I. heraus gegeben, Mi.

232 1821 1404 72 ortam de Eypulſione ludaorum er urbe Ratubonenßi, & de edipcio Tenpli ad vir-

234 1843 86 62 rinen

328 1867 1308 66 ſpecioſam, den der ſchenen Maria. Fr. Chriſtophorus Hoskmann lebte

243 1886 58 54 am

320 1910 1319 66 s im Eloſter S Emmerami. R. P. Hieronymus Pez. tom. II. de Seri-

237 1944 1398 76 pioridus Rerum AnLtriacarum, hat das Chronicon Bohemiæ usqne ad an-

237 1970 83 61 num

335 1994 1299 74 220. welche. Fr. Chriſtophorus Hottmann geſchrieben, in Druck gege⸗

237 2003 62 72 den

331 2038 1304 73 Ceine theils von ihme componirte, theils abgeſchriebene Codices werden

236 2046 51 60 den

310 2082 1319 71 ais noch ſleifig autbehalten Er hat vieles geſchrieben, wie in Csraloga

238 2111 1351 113 dliorhess d. E mimerari vorte AU. uner denen Mlennleri pis z tnden d-

1475 2179 161 79 NB. Ei

38 1089 57 46 nd.

1558 270 84 66 371

20 1708 68 73 dat

84 1756 34 56 ei

33 1878 20 66 n

42 1229 32 59 ꝛ.

67 1371 26 59 t
