1978 2545
945 226 338 70 6 (0) Leg-.

353 274 1432 99 Heinrichen im Schlaff erſchienen, in dieſem dabey gehabten Bedun⸗

355 330 1431 92 cken, als waͤre er in S. Emmerami- Kirchen, und verrichtete bey S.

359 378 1426 97 Volfgangi Grab ſein Gebett, und hoͤrte dieſe Wort: Schau mit

355 431 1429 93 Fleiß was bey meinen Grab geſchrieben ſtehet; er ſieht und liſt mehr

350 483 1432 92 nicht dann: Nach Sechs: wie er erwacht bemuͤhet er ſich deſſen Ver⸗

353 534 1429 92 ſtand zu begreiffen, und anfaͤnglich gedachte er, daß er nach s. Fa⸗

353 583 1426 95 gen ſterben ſollte, und gabe denen Armen viel: wie s. Tag fuͤruber,

353 634 1429 94 und er kein Kranckheit empfunden, deutet er auf 6. Monath, und da

352 684 1423 97 in ſolcher Zeit noch nichts dergleichen erfolgte, auf 6. Jahr: nach Vol⸗

350 736 1214 89 lendung derſelben wurde er vom Papſt zum Kayſer geſalbet.

563 810 1011 109 In ein alten Buch finden ſich dieſe Reim;

483 893 903 89 Roͤnig Hainrich in dem Schlaff gedauchr

543 948 751 74 TDie er an dieſer TDand geſchaur.

485 996 942 87 ULach Sechſen: er vermainr nach 6. Tagen

533 1051 867 82 Sollr er zu ſeim Grab werden gerragen

485 1098 809 81 Durch S. Vonarh und Jahr als viel

531 1159 606 68 Gab er Allmoſen ohne Sihl

485 1204 636 72 Da die Seit alſo ward geendr

523 1252 906 88 Rarſerliche VVuͤrdigkeir war ihm geſende.

486 1331 1282 98 Wie oben in dem 10. Capitel vorgemercket worden, als Leo

343 1379 1424 102 der Neundte, von Geſchlecht ein Graf von Dachspurg u Eiſaß auf

342 1437 1422 97 Bitt Kayſer HHeinrichens, und Koͤnigs Stephani in Ungarn nacher Re⸗

343 1490 1419 94 genſpurg kommen, hat er auf genugſame Erfahrung des heiligen Le⸗

343 1536 1418 95 bens, ſeeligen Ends, und unter dieſer Zeit unzahlbarer Wunder⸗

345 1582 1415 100 Werck, den heiligen WVollgang in die Zahl der Heiligen eingeſchrie⸗

342 1631 1413 102 ben, und in die Grufft gegen Niedergang der Sonnen, ſo er Papſt

338 1688 1419 92 Leo ſelbſten geweyhet, den 7. Octob. Anno r052. deyzuſetzen befohlen⸗

338 1741 1417 95 welches geſchehen, und iſt unter dem mittern Altar ſeldiger Capellen

338 1794 372 66 vermaurt worden.

478 1847 1275 90 An dieſem Orth lage das Heylthum bis auf das 1615. Fahr⸗

336 1891 1415 98 in welchem, als ſein alte Andacht und wichtiges Geluͤbd zu verrichten

333 1946 1412 92 allhero kam der Hochwuͤrdige HHerꝛ Vollgangus Seelender, vor die⸗

335 1996 1410 95 ſem Conventual Prior allda, und Erhalter unſer Freyheit, dazumab⸗

331 2047 1413 96 len aber Loͤblicher Abbt der Ersz⸗Abdtey zu Braunau in Boͤhmen, hal

332 2099 1411 120 er Erlanbnns detomwen den alten biternen Altar in ein Honen nens.

1670 2161 84 78 von
