1566 2270
614 112 19 40 .

111 107 82 63 116

651 105 315 71 52S (0) 259

234 158 1255 76 Den y. December rocy. ſtarbe Pabſt Clemens der U. auf

104 211 1036 66 welchen den 29. April 1670. Clemens der X. folgte.

235 261 1255 73 Auf Abſterden Guidobaldi Ertz⸗ Biſchoffens zu Saltzburg ꝛc⸗

107 315 1374 79 Cardinal &c. Biſchoffens zu Regenſpurg, namme allhieſiges .Hochwbͤr

108 365 1369 77 diges Domb⸗Capitel zu ihren Biſchoffen Albertum Sigilinundum Het

111 414 1254 81 tzogen in Bayrn, welcher wuͤrcklich zu Freyſing Biſchoff ware

1408 407 77 63 Ste

109 469 1248 66 ſchrieben nach Rom um die Confirmation den 2. Auguſti 1068.

1385 460 95 64 Die

108 513 1359 78 ſer fuͤrnehme Biſchoff machte verſchiedene Verordnuͤngen Anno r672

108 564 1373 74 welche er in ſeinen Dicaſteriis zu Regenſpurg wolte beobachtet haben

108 614 1345 73 Er lieſſe ſich durch ordentliche Wahl einen Coachutorem waͤhlen,.

105 660 1367 76 ſephum Clementem HHertzogen in Bayrn, einen Sohn Ferdinane

104 710 1371 107 Narie Chur⸗ Fuͤrſten⸗ welcher mit ainhenigen Suͤmnmen den ro. Re.

108 756 400 70 poſtuliret worden.

239 812 1238 85 Den y. Jenner ꝛc77. wurde erwaͤblet Tiel. Maria Thereſia vo

111 868 1318 79 Muggenthal, Fuͤrſtin in Nidermunſter, welche auf Titl. Mar

1430 867 43 53 zn

105 916 1284 96 Margaretham von Sigertshoven, ſo 22. Fahr, A. Monath,,

1441 906 24 68 a

105 968 432 82 regierte, gefolget iſt.

239 1026 1227 78 Unter Alberto Sigilinundo wurde mit dem Abbt Cœleſtino dir

105 1075 1307 81 ſer Vergleich geſchloſſen Anno 1676, daß am Feſt S. Wolkgangl,

1429 1073 42 64 w

109 1124 1303 77 die ſolenne Proceſtion von Hochen Domb⸗Stifft nach der G

1422 1123 39 63 al

108 1171 1297 83 Statt dieſes heiligen Biſchoffs angeſtellet wird, die Predig allezei

1422 1170 58 110 5

108 1222 1290 83 dem Domb⸗ Prediger ſolle gehalten werden. Entgegen an F

102 1269 1311 82 Emmerami, an welchen Tag auch der gantze Hochwuͤrdige C

104 1321 1352 76 Sacularis & Regularis in einer ſolennen Proceſtion nach S. Emmer⸗

109 1368 1361 78 gebet, ſolle ein Prediger von S. Emmeram alle Tag (den Sonota⸗

1436 1404 36 67 die

103 1417 1301 78 ausgenommen, an welchen der Domb⸗Prediger ſolches verrichtet⸗⸗

105 1461 1362 85 Predig halten. Die Proceſſion ſollte auch fleißig ihren Beſtand baben

100 1513 1365 77 durch welche Actus aber dem GOttes⸗Haus S. Emmerami an deſſen Eren,

102 1562 1361 81 ption kein Prujudiz oder Nachtheil zu gehen koͤnne. Geſchehen den 2.

102 1614 1240 75 Septembris 1676. MB. Es wurde vorhero in denen Predigen

1376 1604 87 64 gwe.

100 1659 1373 81 ſen etwas geſast, welches nicht anderſt, als ſeltſam und unlevoengh

1412 1692 65 68 ſtir

105 1710 1276 80 dem Cloſter S. Emmerami vorkommen muͤßte, dahero Abbt Ca

1384 1703 28 52 ⸗

100 1751 1378 88 keinen fremden Drediger an dieſen Tag nicht mehr gedulten wollen.

102 1805 1315 77 ſondern die Predig in eigener Perſohn, oder durch einen anderen

100 1856 1373 73 me Anſtaͤndigen verſehen laſſen. Man hat aber ſolche Abredung mit

100 1901 1370 97 rels des Vez eichs venacht, deß derlied lnconv enenaitn nia

1365 1959 24 54 6
