1918 2545
333 248 99 63 200

862 248 399 68 .628 CO) Etz-

333 294 1418 82 und Schlabonien nit zufrieden, warffe ſich fuͤr einen Koͤnig auf, wi⸗

338 352 1418 72 che ab, und verachtete Koͤnig Ludwigen. Dieſer begegnete ihme aber,

340 401 1409 74 und Rasla wurd mit erlittenen groſſen Schaden in die Weite gejagt,

338 453 1414 75 Anno 876. reririrt er ſich auf ein feſtes Schloß. Koͤnig Ludwig belaͤgert

338 503 1414 78 ihn, aber vergebens, degab ſich alſo wider auf Regenſpurg. Rasla

333 555 1415 75 kam abermal herfuͤr, fiele mit dem Brynno. der ſich lang bey ihm aul⸗

339 607 1406 74 hielt, in Unter⸗Bayrn. Koͤnig Ludwig ſchickt ihm entgegen Rarhobo-

335 657 1410 76 dum Marggraffen in Oeſterreich, der ſchlagte Rasla und Br, nnon

335 709 1411 81 in die Flucht gar hinter den Fluß Sau. Brynnus hat um Perdon ge⸗

330 760 152 65 betten.

473 811 1275 83 Anno 855. hat Kayſer Lorharius ſein Leben beſchloſſen, und iß

332 859 721 68 im Cloſter Prim begraben worden.

478 911 1263 80 In dieſer Zeit erſahen auch die Gelegenheit zu kriegen die Boͤh⸗

332 962 1412 80 men, Maͤhrer, Laußnitzer und Wenden. Den Luſt vertrib ihnen

330 1015 1409 77 aber Koͤnig Ludwig, erſtlich durch ſeinen aͤlteren Sohn Caroloman-

330 1068 1412 82 num, hernach in eigner Perſohn, ſtillete alle Unruhe und kam wide.

329 1118 504 69 allher. Anno 256. & 17.

466 1169 1275 79 Anno 858. haͤtte Koͤnig kudwig ein Krieg wider Carolum il

332 1221 1406 78 Franckreich gefuhrt, wann nit die rebelliſche Soraben (die zwiſchel

332 1269 1154 77 der Elb und Gaal wohnten) ihn zuruck gehalten haͤtten.

468 1319 1271 80 Anno 861. hielt Koͤnig Ludwig allhie das Cammer⸗ und HHoß-

328 1365 1404 82 Gericht. Entſetzt etliche hohe Miniſtros und HHaupt⸗Leurh, ſo unſeit

330 1428 1402 76 ſig, untreu, mainaydig, einander neydig und von Feind durch E chai⸗

325 1474 1406 85 ckungen beſtochen, das ihrige im Krieg nit gethan haben. Desglel

330 1528 1347 79 chen thaͤte Carolomannus an Anglſchalck und VDilbelmen, die,

328 1573 1397 85 beede Ungarn und Kaͤrndten beſtellt waren, aber durch Unſleiß den

328 1624 1397 85 Rasla zum Krieg Anlaß gaben. Dieſe nahmen Urſach Carolomact

328 1675 1390 82 num bey ſeinen Herrn Vattern zu verleumbden, als ſtellete er deu

326 1726 1409 82 ſelden nach der Cron und Regierung, griffe ſchon in allen Sachen vor⸗

325 1780 1402 77 entſetze ohne einigen Befeich jene, ſo die Aembter von ſeinem Deeri

330 1835 1319 79 Vattern bekommen, und machten verſchidene Inzuͤchten ſo grot

1660 1819 71 68 und

328 1881 1401 87 ſcheinbar, daß Ludoriens glauben wott. Carolomannus erfuhr alles,

330 1932 1392 82 Sein Unſchuld zu erweiſen eylete er allhero Anno ꝛ62. Begedrte o.

325 1978 1396 91 Klaͤger zu ſehen, und Klagen anzuboͤren; und weil es nur falſche un

323 2037 1309 79 erdichte Inzuͤchten waren, hat er ſelbe deſto leichter widerlegt,

1656 2020 73 71 dem

326 2086 1311 85 Herrn Vatter alle Subiekion und Gehorſam verſprochen, und.

1656 2077 78 69 von

323 2139 733 94 ihme mit Onaden dimiruirt worden,

1676 2159 56 79 cs
