1934 2551
713 232 395 78 -&S (0) Lg-

1536 249 87 65 181

331 283 1295 86 Nun iſt, lender. durch einen Underninſftigen, und zwar erſt in lebt⸗verſof⸗

224 331 1402 82 ſenen Saculo, vermoͤg des Characteris, ein ziemuiches Spatium in dieſem Ori-

228 372 1403 84 znali (lib. 1. de Miraculis S. Emerami cap. V.) mit einen Enſtrument

235 418 1394 79 usgekratzet worden, an welchen Patz, anſtatt deſſen, was zuvor allda zu leſen wa⸗

296 464 1333 75 die jenige Wort, ſo ich oden aus Henrico Caniſio vorgezeigt, anjeto in leſen

229 488 80 67 eynd

232 545 1392 78 ſandle gantz vernuͤnfftig, wann er das Originale nach dem gedruckten EXemplar

353 508 1274 74 Dieſer unbeſounene und uͤberwitzige Criticus wird vermeiner haden, er

233 588 1394 75 lenrici Canitii corrigirete. Es ſeynd noch zwey Apographa dieſes Manuſeri-

231 630 1395 84 gi, etwann zweyhundert Jahr alt, dey uns zn anden, in welchen ader dieſe Wort,

233 674 1390 78 aͤcht m leſen ſeyno; der Beirug, ſo mit dreſem Originali geſchehen, iſt augen⸗

236 710 136 70 cheinuich.

236 762 1387 79 lcilicet,) ſo das Manuſcriprum, welches Henrico Canilio gezeigr worden,

395 729 1225 70 Ich werde mich nicht irren, wann ich ſage, daß derzenige gnte Freund

241 807 1382 75 richrieden hat, obige Wort hinzu geſetzet hade, weilen er bey Conrado de Mon-

276 851 1348 80 puellarum geleſen wird haben, daß das Cloſter S. Emmerami, unter STM-

276 891 635 85 TO Biſchoſſen erbanet ſeye worden.

235 1020 1388 91 agen unſer Exemption ſtarck berrieben, und fuͤr das Cloſter S. Emmerami der

324 972 1298 92 Der groſſe Streitt, welcher vor den Paͤpſtlichen Stuhl, ſoanne XXIT.

241 1068 1382 79 cntenL geſprochen worden, ware Anno 1522. vollendet. Conradus de Mon-

283 1111 1339 75 aellarum hatte erſt hinnach Anno 1573. ſein Buchlein de limiribus Paro-

243 1150 1377 87 carum geſchrieben, und nach Belieben ſeine kiſtorie gemacht. Es wird die Au-

232 1191 1391 85 oͤruaͤt dieſes Conradi de Nonte Puellarum von denen Gelehrten gar nicht de-

229 1211 88 78 chter

231 1259 78 73 urie.

370 1248 1250 75 vride PP. Bollandian 11. lulii, in Vita S. Hildulki &rc.) Aus

229 1323 1394 89 ertum als einen Aniaͤnger dieſes Cloſters angegeden, und ſolches ihme als Biſchof⸗

340 1288 1277 72 Conrado) haben wiederumen andere das Ihrige entnommen, und Syvm-

232 1342 37 58 rr

282 1370 1338 79 nterthaͤnig vorgeſchrieden, wie ſolches gar leicht von einen ſolchen guren Freund⸗

283 1407 1337 86 das Manuſcriptum Arnoldi abgeſchrieben, har geſchehen koͤnnen. Alleinia

228 1424 39 59 ns

280 1448 1342 86 Zulla Leonis, und Diploma Caroli Magni, der hinnach betriedene Streꝛt

239 1489 1001 86 dem Paͤpnuchen Cinhl brweiſen genugſam das Wideripul⸗

232 1621 1391 95 Frandrrung unter Ada lv ino geſchehen ſenc. Aleinig er meldet, daß die Urſach

328 1574 1295 96 Unnding Metcopol. Falisburg. tom. I. pag. 188. ſchreibet, daß ſolche

228 1639 30 65 .

272 1660 69 63 ꝛchf

231 1693 27 44 21

348 1680 1271 78 nicht z ergruͤnden, warumen ſich Adalwinus bereden habe laſſen, das

225 1729 99 73 Gedas

372 1726 1250 78 Biſchoͤſliche Cloſier ( Monaſterium Cathedrale) welches nr nenen

222 1778 68 58 urt,

350 1774 1269 68 ermehrer, und mit Guͤttern demittler worden, verlaſſen habe. Er vermei⸗

337 1814 1283 73 e dirſes gezwungener Weiſe, durch Majeſtaͤiſcbhen Gewalt, Caroli Magni

228 1845 1388 89 eſcrirn ſene 1. datero nac drn Too Adalovens die anders Biſchoſſ ſolches uch

228 1865 205 87 nederum zui

225 1926 768 100 chrs drnen Beͤcdoͤſſen wirderumrn zugrourden

456 1901 1161 78 ianer haͤnen, wie dann einige nachtolgende Koͤnig nnd Karſer ſeibiten

236 2008 37 76 ⸗

331 2013 1285 95 Ich wil Hunaio cern ugeben, daß es ibme ſeltſam vorkomne, dat Adal-

341 2074 1275 74 dolches gant nen, von Svmperto ſanen Vorrahrer herucher erdames, und

287 2108 1327 91 duden degrutꝛttrs Foſer vertoſen hadr Ateins er daͤrdon nd⸗ das ſolode⸗

879 2172 66 62 2

1518 2179 96 61 durch

18 471 82 60 Adal-

56 515 36 57 es

32 564 62 52 ꝛcu

31 603 66 53 602

38 640 52 60 ob.

25 685 72 61 ſeyno

34 722 63 63 Hie

18 769 79 58 rtra

17 810 83 58 fnfrs

46 890 53 59 ſul

55 1422 25 41 it

25 1449 51 58 Ie

34 1495 39 52 rit

59 1540 20 48 ,

26 1712 47 52 pot

31 1754 52 51 en,

34 1876 38 57 a
