1959 2500
741 265 13 58 .

814 261 314 72 3(0) 299-

1550 268 89 61 321

23 311 140 76 er unſe.

355 315 1287 73 Eodem Anno haben die Juden im gantzen Franckenland, und

79 366 82 75 ocꝛi⸗

241 368 1399 79 denen benachbarten Staͤdten groſſe Verfolgung gelitten, und ſeynd

238 418 1405 79 faſt alle umgebracht worden; welches ein Baur Nahmens Rindfleiſch

241 469 1401 78 perurſacht, der aller Orthen vorgeben, er ſeye von GOrt ermahnet

29 516 89 68 ihie

245 520 1397 78 dorden, deren Untergang zu befoͤrdern.. Den Grimmen dey dem

37 568 106 61 . Laꝛ⸗

243 568 1397 80 Dodel vermehrte ein Gedicht, als haͤtten die Juden das Hochwuͤrdi⸗

62 609 82 68 ꝛit i

241 619 1399 81 Kiſte Gur gar ſpoͤtrlich und laͤſterlich gehalten. Hieſige Stadt brauch⸗

284 673 1358 78 ein Diſererion, und ließ keinen umbringen, als der eines Ubels be⸗

240 720 1206 85 ſuldigt, und convincirt worden, wurden deßwegen gelobt.

244 834 1391 84 odte das Rinſall mit Gewalt von Regenſpurg zur Stadt am Hoff

357 787 1283 76 Anno 1302. brach die Thonau oberhalb der Stadt ab, und

248 869 121 86 ꝛchen.

268 940 1367 76 Sehr⸗Loch genannt) mit Quaterſtucken gemacht; allwo man noch zu

377 891 1256 77 Dieſem vorzukommen, wurde die groſſe Wehr (anjetzo das

272 988 1361 81 ſg mit koſtbaren Schlachten den Lauff verhuͤten, und dey dieſer Staot

258 1029 246 90 halten mut.

348 1106 1237 67 In dirſem Herbſt hat man ein groſſen Comet⸗Stern geſehen.

734 1213 396 128 Zu ſat.

244 1356 1387 82 AUslpbun Palt⸗Graſfe ben Rhein, Hersog in Vayrn nebſt ſeien Bruder Ln-

300 1412 1339 74 dorico ſchencken dem heiligen Emmeramo, das Jus Patronatus der Pfarr

345 1456 655 75 ꝛach 1297. Originale in Archivo.

236 1533 61 71 ie

334 1508 1298 83 corradin Piſchoff zu Negenſpurg, giber Carolo Abbten zn Er. Enmeram a⸗

318 1562 1313 79 uter zu Boͤhmiſchpruck. Carolus Abbr gabe andere Guͤter, zu Huͤrn,

238 1581 56 63 ꝛen

330 1612 1302 78 iſtvtfen. Adbt Carolur bekame auch den Gewalt eine Wehnung vor die

247 1630 105 86 doͤye

361 1661 1235 83 (Moͤnch) in Boͤhmiſchpruck ꝛ dauen. 1299. Littere in Arcbiro.

102 1636 31 62 5

18 1675 54 40 AIte

38 1875 37 33 7T.

1482 2184 135 106 CA-

36 1806 33 57 1,
