<?xml version="1.0" encoding="UTF-8"?>
<alto xmlns:xsi="http://www.w3.org/2001/XMLSchema-instance"
      xmlns="http://www.loc.gov/standards/alto/ns-v4#"
      xsi:schemaLocation="http://www.loc.gov/standards/alto/ns-v4# http://www.loc.gov/standards/alto/v4/alto-4-2.xsd">
  <Description>
    <MeasurementUnit>pixel</MeasurementUnit>
    <sourceImageInformation>
      <fileName>image457.jpg</fileName>
      <fileIdentifier>https://archiv.ub.uni-marburg.de/eb/2010/0168</fileIdentifier>
    </sourceImageInformation>
  </Description>
  <Tags>
    <OtherTag ID="BT1" LABEL="Title" DESCRIPTION="block type Title"/><OtherTag ID="BT2" LABEL="Main" DESCRIPTION="block type Main"/><OtherTag ID="BT3" LABEL="Commentary" DESCRIPTION="block type Commentary"/><OtherTag ID="BT4" LABEL="Illustration" DESCRIPTION="block type Illustration"/><OtherTag ID="BT42" LABEL="text" DESCRIPTION="block type text"/>
    <OtherTag ID="LT33" LABEL="default" DESCRIPTION="line type default"/>
  </Tags>
  <Layout>
    <Page WIDTH="1940"
          HEIGHT="2440"
          PHYSICAL_IMG_NR="457"
          ID="eSc_dummypage_">
      <PrintSpace HPOS="0"
                  VPOS="0"
                  WIDTH="1940"
                  HEIGHT="2440">
        <TextBlock HPOS="368"
                   VPOS="162"
                   WIDTH="1224"
                   HEIGHT="850"
                   ID="eSc_textblock_6c84fd97"
                   TAGREFS="BT42">
          <Shape><Polygon POINTS="416 162 465 178 471 233 801 222 867 184 1186 184 1262 195 1361 260 1592 265 1587 313 1328 318 1316 443 1294 460 1332 477 1310 519 1339 547 1419 569 1403 649 1317 671 1310 714 1343 721 1355 748 1533 764 1554 786 1538 860 1565 893 1480 920 1489 936 1457 952 1300 985 925 1012 742 1007 703 969 531 952 536 585 526 531 477 502 477 260 465 242 368 231 368 184 416 162"/></Shape>
          <TextLine ID="eSc_line_499dd786"
                    TAGREFS="LT33"
                    BASELINE="372 218 456 218" 
                    HPOS="372"
                    VPOS="177"
                    WIDTH="84"
                    HEIGHT="73">
            <Shape><Polygon POINTS="372 181 372 218 374 249 391 244 455 250 456 218 456 180 379 177 372 181"/></Shape>
            <String CONTENT="128"
                    HPOS="372"
                    VPOS="177"
                    WIDTH="84"
                    HEIGHT="73"
                    WC="0.9999433358510336"></String>
          </TextLine>
          <TextLine ID="eSc_line_407a8f9e"
                    TAGREFS="LT33"
                    BASELINE="871 218 886 219" 
                    HPOS="869"
                    VPOS="195"
                    WIDTH="17"
                    HEIGHT="46">
            <Shape><Polygon POINTS="871 218 869 239 882 241 886 219 886 195 873 195 871 218"/></Shape>
            <String CONTENT="."
                    HPOS="869"
                    VPOS="195"
                    WIDTH="17"
                    HEIGHT="46"
                    WC="0.9999070167541504"></String>
          </TextLine>
          <TextLine ID="eSc_line_f9586458"
                    TAGREFS="LT33"
                    BASELINE="928 231 1225 238" 
                    HPOS="927"
                    VPOS="184"
                    WIDTH="298"
                    HEIGHT="73">
            <Shape><Polygon POINTS="1213 188 1199 185 1186 184 1168 187 1164 184 1159 184 1146 184 1137 188 1132 184 1132 184 1118 184 1104 184 1091 184 1079 184 1049 187 1008 184 996 184 982 184 969 184 955 184 942 184 928 184 928 231 927 250 976 246 1018 254 1019 254 1020 254 1022 254 1034 246 1222 257 1225 238 1225 189 1213 188"/></Shape>
            <String CONTENT="13 (00 28."
                    HPOS="927"
                    VPOS="184"
                    WIDTH="298"
                    HEIGHT="73"
                    WC="0.9605316758155823"></String>
          </TextLine>
          <TextLine ID="eSc_line_ba37e119"
                    TAGREFS="LT33"
                    BASELINE="494 283 1298 290" 
                    HPOS="493"
                    VPOS="231"
                    WIDTH="805"
                    HEIGHT="76">
            <Shape><Polygon POINTS="494 283 493 298 763 295 771 302 772 302 774 302 864 303 866 303 947 296 954 302 954 303 955 303 957 303 1056 305 1057 305 1127 298 1145 306 1146 306 1148 307 1252 307 1252 306 1297 298 1298 290 1297 237 1248 248 1152 248 999 246 977 235 976 235 974 235 897 244 886 235 886 234 885 234 883 234 856 234 855 234 854 234 831 244 814 233 813 233 812 233 810 233 717 239 690 233 688 233 687 233 685 233 684 233 684 234 675 242 653 231 652 231 650 231 649 231 622 239 604 231 603 231 568 231 566 231 565 231 563 231 563 233 554 241 494 235 494 283"/></Shape>
            <String CONTENT="S. Auch fur den edlen Furſten werdt"
                    HPOS="493"
                    VPOS="231"
                    WIDTH="805"
                    HEIGHT="76"
                    WC="0.9802781326430184"></String>
          </TextLine>
          <TextLine ID="eSc_line_731e6611"
                    TAGREFS="LT33"
                    BASELINE="1308 290 1485 294" 
                    HPOS="1306"
                    VPOS="253"
                    WIDTH="179"
                    HEIGHT="61">
            <Shape><Polygon POINTS="1484 262 1470 261 1457 261 1443 261 1430 261 1416 260 1403 260 1389 260 1376 260 1362 260 1350 253 1308 253 1308 290 1306 305 1483 314 1485 294 1485 262 1484 262"/></Shape>
            <String CONTENT=""
                    HPOS="1306"
                    VPOS="253"
                    WIDTH="179"
                    HEIGHT="61"
                    WC="0.8019531108438969"></String>
          </TextLine>
          <TextLine ID="eSc_line_6abfddb4"
                    TAGREFS="LT33"
                    BASELINE="554 333 1281 340" 
                    HPOS="553"
                    VPOS="284"
                    WIDTH="728"
                    HEIGHT="71">
            <Shape><Polygon POINTS="673 286 618 295 554 284 554 333 553 348 662 344 680 351 681 351 683 351 756 345 782 352 783 352 784 352 871 347 897 353 898 353 900 355 1279 355 1281 340 1279 300 1237 292 1236 292 1235 292 1233 292 1233 294 1225 300 1167 294 1165 294 1164 294 1150 300 1114 291 1113 291 1111 291 1110 291 1081 299 1069 290 1068 290 1066 290 1065 290 989 299 961 299 948 288 947 288 946 288 944 288 943 288 942 288 942 290 932 298 913 288 912 288 911 288 873 290 871 290 870 290 870 291 862 298 825 290 824 290 738 296 675 286 673 286"/></Shape>
            <String CONTENT="Zu pitten mein Vernunfft mich lert"
                    HPOS="553"
                    VPOS="284"
                    WIDTH="728"
                    HEIGHT="71"
                    WC="0.9941842713776756"></String>
          </TextLine>
          <TextLine ID="eSc_line_54628214"
                    TAGREFS="LT33"
                    BASELINE="1512 295 1568 292" 
                    HPOS="1510"
                    VPOS="264"
                    WIDTH="58"
                    HEIGHT="51">
            <Shape><Polygon POINTS="1512 295 1512 315 1568 315 1568 292 1564 264 1510 273 1512 295"/></Shape>
            <String CONTENT=""
                    HPOS="1510"
                    VPOS="264"
                    WIDTH="58"
                    HEIGHT="51"
                    WC="0.9973484575748444"></String>
          </TextLine>
          <TextLine ID="eSc_line_549f8120"
                    TAGREFS="LT33"
                    BASELINE="604 380 1305 394" 
                    HPOS="603"
                    VPOS="334"
                    WIDTH="702"
                    HEIGHT="80">
            <Shape><Polygon POINTS="874 337 873 337 871 337 852 345 770 345 748 336 740 336 736 336 710 344 679 344 668 334 658 334 652 334 604 338 604 380 603 393 688 402 690 402 691 402 707 397 714 402 714 403 715 403 717 403 718 403 719 403 744 397 774 405 775 405 776 405 826 399 897 408 898 408 900 408 924 401 943 408 944 408 946 408 947 408 948 408 948 406 954 401 969 409 970 409 972 409 1024 402 1302 414 1305 394 1305 352 1206 345 1205 345 1168 352 1156 342 1155 342 1153 342 1152 342 1103 348 1094 341 1092 341 1091 341 1089 341 1034 349 982 340 981 340 908 347 875 337 874 337"/></Shape>
            <String CONTENT="Von Regenſpurg den Biſchoff gut"
                    HPOS="603"
                    VPOS="334"
                    WIDTH="702"
                    HEIGHT="80"
                    WC="0.9878039629228653"></String>
          </TextLine>
          <TextLine ID="eSc_line_875fab16"
                    TAGREFS="LT33"
                    BASELINE="596 432 1141 439" 
                    HPOS="595"
                    VPOS="386"
                    WIDTH="546"
                    HEIGHT="73">
            <Shape><Polygon POINTS="596 432 595 445 612 452 614 452 615 452 700 447 756 455 757 455 967 451 1138 459 1141 439 1141 402 1111 393 1110 393 1108 393 1107 393 1080 399 1058 393 1057 393 1056 393 1054 393 1035 402 1014 395 1012 395 1011 395 976 401 962 393 961 393 959 393 958 393 957 393 955 393 942 401 917 390 916 390 915 390 913 390 912 390 900 399 813 391 812 391 810 391 787 398 775 389 774 389 772 389 771 389 770 389 740 398 706 387 704 387 703 387 702 387 675 397 661 387 660 387 658 387 596 386 596 432"/></Shape>
            <String CONTENT="Maria halt in deiner Hut"
                    HPOS="595"
                    VPOS="386"
                    WIDTH="546"
                    HEIGHT="73"
                    WC="0.9888402571280798"></String>
          </TextLine>
          <TextLine ID="eSc_line_4a5440c2"
                    TAGREFS="LT33"
                    BASELINE="483 483 1148 489" 
                    HPOS="482"
                    VPOS="433"
                    WIDTH="666"
                    HEIGHT="76">
            <Shape><Polygon POINTS="483 483 482 502 648 497 669 506 671 506 672 506 810 498 881 508 882 508 883 508 885 508 885 506 893 500 984 509 985 509 1146 505 1148 489 1146 452 1028 444 1027 444 1026 444 1000 451 980 441 978 441 977 441 976 441 955 448 932 439 931 439 930 439 928 439 902 450 810 450 803 443 803 441 802 441 801 441 799 441 764 448 748 436 746 436 745 436 744 436 687 444 633 435 631 435 630 435 611 444 592 435 591 435 589 435 534 441 483 433 483 483"/></Shape>
            <String CONTENT="S. Zu lezt ich armer Diener pit"
                    HPOS="482"
                    VPOS="433"
                    WIDTH="666"
                    HEIGHT="76"
                    WC="0.9944987739286115"></String>
          </TextLine>
          <TextLine ID="eSc_line_7d015b3f"
                    TAGREFS="LT33"
                    BASELINE="542 531 1251 540" 
                    HPOS="540"
                    VPOS="490"
                    WIDTH="711"
                    HEIGHT="68">
            <Shape><Polygon POINTS="542 531 540 544 546 550 546 551 547 551 549 551 550 551 639 544 657 553 658 553 660 553 741 546 752 554 753 554 755 554 756 554 799 547 816 554 817 554 948 557 950 557 951 557 953 557 963 550 992 557 993 557 995 557 1037 550 1061 557 1062 557 1248 558 1251 540 1249 501 542 490 542 531"/></Shape>
            <String CONTENT="Du kenſt mich wol, du woͤlleſt nit"
                    HPOS="540"
                    VPOS="490"
                    WIDTH="711"
                    HEIGHT="68"
                    WC="0.9991689920425415"></String>
          </TextLine>
          <TextLine ID="eSc_line_cc45c8a3"
                    TAGREFS="LT33"
                    BASELINE="587 584 1407 597" 
                    HPOS="585"
                    VPOS="538"
                    WIDTH="822"
                    HEIGHT="77">
            <Shape><Polygon POINTS="1400 563 1386 559 1373 557 1359 553 1347 549 1320 555 1310 547 1309 547 1308 547 1306 547 1258 554 1207 546 1206 546 1146 553 1136 546 1134 546 1133 546 1132 546 1130 546 1102 553 1079 544 1077 544 1076 544 1075 544 1073 544 1062 553 1001 553 980 542 978 542 977 542 976 542 958 551 915 551 825 549 816 539 814 539 813 539 812 539 770 547 751 538 749 538 748 538 746 538 711 546 587 539 587 584 585 595 688 605 690 605 691 605 710 599 719 605 721 605 722 605 723 605 831 600 939 610 940 610 986 603 1016 611 1018 611 1019 611 1020 611 1038 604 1069 611 1070 611 1099 605 1106 611 1106 612 1107 612 1108 612 1110 612 1152 605 1180 614 1182 614 1183 614 1217 607 1241 615 1243 615 1244 615 1405 611 1407 597 1407 565 1400 563"/></Shape>
            <String CONTENT="Dein Gnad von mir zu keynr Zeyt ziehen"
                    HPOS="585"
                    VPOS="538"
                    WIDTH="822"
                    HEIGHT="77"
                    WC="0.9906192563082042"></String>
          </TextLine>
          <TextLine ID="eSc_line_bb5f0429"
                    TAGREFS="LT33"
                    BASELINE="593 634 1279 645" 
                    HPOS="592"
                    VPOS="586"
                    WIDTH="687"
                    HEIGHT="76">
            <Shape><Polygon POINTS="593 634 592 649 1277 662 1279 645 1279 608 1230 607 1220 597 1218 597 1217 597 1216 597 1214 597 1213 597 1198 607 1178 596 1176 596 1175 596 1114 605 1099 595 1098 595 1096 595 1095 595 1094 595 1072 603 1062 595 1061 595 1060 595 1058 595 938 603 900 593 898 593 897 593 896 593 894 593 882 601 869 592 867 592 866 592 864 592 802 600 793 592 793 591 791 591 790 591 759 589 757 589 756 589 755 589 755 591 745 600 681 600 660 588 658 588 593 586 593 634"/></Shape>
            <String CONTENT="Wann ich allain zu dir thu ſliehen"
                    HPOS="592"
                    VPOS="586"
                    WIDTH="687"
                    HEIGHT="76"
                    WC="0.9991426818511066"></String>
          </TextLine>
          <TextLine ID="eSc_line_77d42ee5"
                    TAGREFS="LT33"
                    BASELINE="539 683 1159 691" 
                    HPOS="538"
                    VPOS="637"
                    WIDTH="621"
                    HEIGHT="74">
            <Shape><Polygon POINTS="539 683 538 692 639 694 653 704 654 704 656 704 657 704 744 696 774 706 775 706 776 706 835 698 854 707 855 707 856 707 986 703 1054 710 1056 711 1136 711 1136 710 1137 710 1157 700 1159 691 1159 656 1137 645 1136 645 1134 645 1133 645 1111 656 1056 656 1016 647 1015 647 860 652 844 641 843 641 841 641 840 641 839 641 820 652 782 652 760 641 759 641 757 641 756 641 732 649 711 639 710 639 709 639 622 646 539 637 539 683"/></Shape>
            <String CONTENT="Durch in den du geporen haſt"
                    HPOS="538"
                    VPOS="637"
                    WIDTH="621"
                    HEIGHT="74"
                    WC="0.998251810669899"></String>
          </TextLine>
          <TextLine ID="eSc_line_5832e808"
                    TAGREFS="LT33"
                    BASELINE="538 733 1225 742" 
                    HPOS="536"
                    VPOS="691"
                    WIDTH="689"
                    HEIGHT="73">
            <Shape><Polygon POINTS="538 733 536 745 562 755 563 755 565 755 634 748 685 755 687 755 794 750 832 759 833 759 886 752 900 759 901 759 902 759 932 753 940 760 942 760 943 760 1081 761 1083 761 1125 755 1146 763 1148 763 1149 764 1224 764 1225 742 1225 703 1211 696 1210 696 1148 696 1146 696 1145 696 1126 704 1092 696 1091 696 1089 696 1005 702 986 694 985 694 984 694 930 702 863 702 854 692 852 692 851 692 850 692 848 692 836 698 832 692 831 692 831 691 829 691 828 691 826 691 780 699 538 692 538 733"/></Shape>
            <String CONTENT="Der vnns erloͤſt am Crewzes Laſt"
                    HPOS="536"
                    VPOS="691"
                    WIDTH="689"
                    HEIGHT="73"
                    WC="0.9765129834413528"></String>
          </TextLine>
          <TextLine ID="eSc_line_72e7a618"
                    TAGREFS="LT33"
                    BASELINE="595 786 1526 799" 
                    HPOS="593"
                    VPOS="740"
                    WIDTH="933"
                    HEIGHT="73">
            <Shape><Polygon POINTS="1517 763 1503 761 1489 760 1483 759 1445 761 1424 753 1422 753 1408 752 1405 750 1363 757 1301 749 1300 749 1298 749 1279 757 1061 757 1041 746 1039 746 1038 746 1037 746 1011 755 909 755 893 744 892 744 890 744 889 744 789 752 760 752 749 742 749 741 748 741 746 741 745 741 692 750 679 740 677 740 676 740 595 740 595 786 593 797 764 799 779 807 780 807 782 807 833 802 967 810 969 810 970 810 995 805 1061 811 1062 811 1094 806 1523 813 1526 799 1525 763 1517 763"/></Shape>
            <String CONTENT="Vnd Gnad mir wenn mein Herz zerbricht"
                    HPOS="593"
                    VPOS="740"
                    WIDTH="933"
                    HEIGHT="73"
                    WC="0.9945953665552912"></String>
          </TextLine>
          <TextLine ID="eSc_line_a6184f31"
                    TAGREFS="LT33"
                    BASELINE="589 832 1369 845" 
                    HPOS="588"
                    VPOS="788"
                    WIDTH="781"
                    HEIGHT="76">
            <Shape><Polygon POINTS="589 832 588 843 612 852 614 852 615 852 667 845 745 856 746 856 856 849 901 859 902 859 991 852 1057 862 1058 862 1099 854 1137 862 1138 862 1187 855 1211 864 1213 864 1214 864 1252 858 1366 859 1369 845 1369 806 930 803 896 794 894 794 893 794 835 801 825 793 824 793 822 793 821 793 746 799 726 791 725 791 589 788 589 832"/></Shape>
            <String CONTENT="Vnd ſo mein Zungen nit mer ſpricht"
                    HPOS="588"
                    VPOS="788"
                    WIDTH="781"
                    HEIGHT="76"
                    WC="0.9731387513525346"></String>
          </TextLine>
          <TextLine ID="eSc_line_1a2a4dee"
                    TAGREFS="LT33"
                    BASELINE="538 878 1331 893" 
                    HPOS="536"
                    VPOS="836"
                    WIDTH="795"
                    HEIGHT="72">
            <Shape><Polygon POINTS="538 878 536 891 1328 908 1331 893 1331 856 1205 856 1187 847 1186 847 1184 847 1183 847 1149 855 1129 847 1127 847 1126 847 1125 847 1103 854 898 852 864 841 863 841 862 841 802 848 794 841 794 840 793 840 791 840 790 840 789 840 765 848 698 848 681 837 680 837 679 837 538 836 538 878"/></Shape>
            <String CONTENT="Auch ſo mein Angen nyemandt kennen"
                    HPOS="536"
                    VPOS="836"
                    WIDTH="795"
                    HEIGHT="72"
                    WC="0.980007611653384"></String>
          </TextLine>
          <TextLine ID="eSc_line_2c72490c"
                    TAGREFS="LT33"
                    BASELINE="536 935 1325 947" 
                    HPOS="535"
                    VPOS="886"
                    WIDTH="790"
                    HEIGHT="79">
            <Shape><Polygon POINTS="536 935 535 955 618 951 662 959 664 959 709 952 886 963 887 965 1324 965 1325 947 1325 908 1157 906 1144 896 1142 896 1141 896 1140 896 1087 904 1042 904 1030 894 1028 894 1027 894 1026 894 820 900 798 890 797 890 795 890 756 898 662 898 654 890 654 889 653 889 652 889 536 886 536 935"/></Shape>
            <String CONTENT="O Mutter Gotz thu mich auff nemen"
                    HPOS="535"
                    VPOS="886"
                    WIDTH="790"
                    HEIGHT="79"
                    WC="0.9990317117084156"></String>
          </TextLine>
          <TextLine ID="eSc_line_b0f9bb93"
                    TAGREFS="LT33"
                    BASELINE="732 990 904 990" 
                    HPOS="732"
                    VPOS="944"
                    WIDTH="172"
                    HEIGHT="75">
            <Shape><Polygon POINTS="732 990 732 1008 789 1008 818 1018 820 1018 821 1019 881 1019 881 1018 882 1018 904 1008 904 990 904 954 732 944 732 990"/></Shape>
            <String CONTENT="Amen."
                    HPOS="732"
                    VPOS="944"
                    WIDTH="172"
                    HEIGHT="75"
                    WC="0.9992976307868957"></String>
          </TextLine>
        </TextBlock>
        <TextBlock HPOS="303"
                   VPOS="1073"
                   WIDTH="1458"
                   HEIGHT="1062"
                   ID="eSc_textblock_dbd63227"
                   TAGREFS="BT42">
          <Shape><Polygon POINTS="904 1073 1024 1100 1267 1111 1263 1160 1582 1160 1538 1186 1636 1214 1664 1306 1739 1317 1739 1728 1761 1793 1739 1848 1744 2069 1723 2135 303 2107 325 1285 427 1263 466 1176 833 1160 840 1127 904 1073"/></Shape>
          <TextLine ID="eSc_line_28758d58"
                    TAGREFS="LT33"
                    BASELINE="881 1168 1183 1175" 
                    HPOS="879"
                    VPOS="1096"
                    WIDTH="304"
                    HEIGHT="111">
            <Shape><Polygon POINTS="1180 1107 1167 1106 1153 1106 1145 1104 1065 1112 1016 1103 1015 1103 993 1107 970 1096 969 1096 967 1096 881 1098 881 1168 879 1186 904 1184 928 1196 930 1196 931 1196 932 1196 972 1186 1009 1199 1011 1199 1012 1199 1014 1199 1015 1199 1033 1187 1047 1201 1049 1201 1050 1201 1052 1201 1053 1201 1079 1188 1121 1206 1122 1206 1123 1207 1182 1207 1183 1175 1182 1107 1180 1107"/></Shape>
            <String CONTENT="Suſat"
                    HPOS="879"
                    VPOS="1096"
                    WIDTH="304"
                    HEIGHT="111"
                    WC="0.9892502188682556"></String>
          </TextLine>
          <TextLine ID="eSc_line_762fed40"
                    TAGREFS="LT33"
                    BASELINE="459 1252 1626 1275" 
                    HPOS="458"
                    VPOS="1184"
                    WIDTH="1168"
                    HEIGHT="130">
            <Shape><Polygon POINTS="459 1252 458 1270 581 1272 599 1285 600 1285 601 1285 603 1285 604 1285 627 1278 744 1278 753 1286 755 1286 756 1286 757 1286 759 1286 786 1279 817 1291 818 1291 820 1291 821 1291 822 1291 843 1279 936 1279 950 1290 951 1290 953 1290 954 1290 1035 1283 1088 1309 1089 1309 1624 1314 1626 1275 1626 1221 1563 1221 1477 1203 1476 1203 1388 1214 1329 1201 1328 1201 1263 1213 1241 1202 1240 1202 1239 1202 1188 1211 1150 1205 1149 1205 1087 1210 1066 1196 1065 1196 1064 1196 1007 1192 1005 1192 939 1207 879 1205 859 1194 858 1194 856 1194 855 1194 831 1203 787 1188 786 1188 711 1187 710 1187 709 1187 669 1202 604 1191 603 1191 547 1199 512 1184 511 1184 509 1184 459 1188 459 1252"/></Shape>
            <String CONTENT="Von der Echoͤnen Caria zu Regenſpurg."
                    HPOS="458"
                    VPOS="1184"
                    WIDTH="1168"
                    HEIGHT="130"
                    WC="0.9661822459987692"></String>
          </TextLine>
          <TextLine ID="eSc_line_6dec1923"
                    TAGREFS="LT33"
                    BASELINE="446 1351 1294 1369 1652 1369 1702 1362" 
                    HPOS="446"
                    VPOS="1297"
                    WIDTH="1256"
                    HEIGHT="92">
            <Shape><Polygon POINTS="1700 1327 1591 1327 1544 1309 1542 1309 1541 1309 1465 1324 1428 1313 1427 1313 1377 1308 1376 1308 1342 1314 1300 1305 1156 1305 1155 1305 1153 1305 1136 1312 1117 1306 1115 1306 1114 1306 1113 1306 1085 1313 1033 1301 1031 1301 947 1309 932 1299 931 1299 930 1299 818 1297 817 1297 816 1297 814 1297 790 1313 755 1313 466 1308 447 1299 446 1351 446 1365 494 1365 520 1374 521 1374 523 1374 524 1374 557 1366 569 1374 570 1374 572 1374 573 1374 574 1374 595 1369 679 1377 680 1377 728 1370 782 1378 783 1378 784 1378 786 1378 799 1370 848 1379 850 1379 909 1371 991 1382 992 1382 1058 1374 1076 1384 1077 1384 1079 1384 1117 1375 1161 1385 1163 1385 1366 1381 1386 1389 1388 1389 1389 1389 1460 1382 1578 1389 1579 1389 1701 1384 1702 1362 1700 1327"/></Shape>
            <String CONTENT="wlre uandchig von dieſer Andachr zu der ſchoͤnen Maris ꝛ. i, Nc.."
                    HPOS="446"
                    VPOS="1297"
                    WIDTH="1256"
                    HEIGHT="92"
                    WC="0.9710162777167101"></String>
          </TextLine>
          <TextLine ID="eSc_line_215a7d88"
                    TAGREFS="LT33"
                    BASELINE="441 1393 1247 1413 1615 1412 1710 1398" 
                    HPOS="440"
                    VPOS="1355"
                    WIDTH="1270"
                    HEIGHT="77">
            <Shape><Polygon POINTS="441 1393 440 1411 730 1420 732 1420 794 1415 824 1423 825 1423 826 1423 882 1415 917 1424 919 1424 920 1424 1039 1419 1057 1427 1058 1427 1060 1427 1155 1421 1165 1428 1167 1428 1168 1428 1267 1431 1268 1431 1308 1423 1378 1432 1380 1432 1381 1432 1407 1424 1485 1432 1487 1432 1709 1428 1710 1398 1705 1378 1597 1386 1553 1375 1552 1375 1550 1375 1499 1382 1487 1374 1485 1374 1484 1374 1423 1374 1422 1374 1420 1374 1397 1382 1376 1373 1374 1373 1291 1371 1290 1371 1213 1379 1107 1367 1106 1367 1104 1367 1103 1367 1087 1378 1047 1378 942 1367 940 1367 825 1373 791 1365 790 1365 789 1365 787 1365 761 1371 738 1362 737 1362 736 1362 734 1362 717 1370 654 1363 653 1363 624 1369 600 1360 599 1360 597 1360 531 1367 441 1355 441 1393"/></Shape>
            <String CONTENT="purg, etwas mehrers zu melden, maſſen ſowohl Abdt Cœleſtinus in de"
                    HPOS="440"
                    VPOS="1355"
                    WIDTH="1270"
                    HEIGHT="77"
                    WC="0.9966698957212043"></String>
          </TextLine>
          <TextLine ID="eSc_line_d48fc666"
                    TAGREFS="LT33"
                    BASELINE="328 1432 1079 1454 1671 1453 1689 1458" 
                    HPOS="326"
                    VPOS="1398"
                    WIDTH="1363"
                    HEIGHT="79">
            <Shape><Polygon POINTS="328 1432 326 1449 573 1453 588 1461 589 1461 591 1461 778 1457 813 1465 814 1465 816 1465 932 1459 973 1468 974 1469 1430 1469 1530 1477 1531 1477 1533 1477 1556 1470 1632 1477 1633 1477 1687 1470 1689 1458 1689 1420 1546 1426 1517 1416 1515 1416 1514 1416 1380 1423 1370 1416 1369 1416 1367 1416 1366 1416 976 1416 817 1415 795 1404 794 1404 793 1404 737 1412 723 1405 722 1405 721 1405 639 1409 572 1400 570 1400 508 1405 482 1398 481 1398 479 1398 478 1398 463 1405 328 1398 328 1432"/></Shape>
            <String CONTENT="vorgehenten Capitel vieles darvon erzehlet, auch in denen gleich jetzo vorgelt⸗"
                    HPOS="326"
                    VPOS="1398"
                    WIDTH="1363"
                    HEIGHT="79"
                    WC="0.9994594439675536"></String>
          </TextLine>
          <TextLine ID="eSc_line_0c342e4b"
                    TAGREFS="LT33"
                    BASELINE="1702 1434 1721 1431" 
                    HPOS="1697"
                    VPOS="1398"
                    WIDTH="26"
                    HEIGHT="48">
            <Shape><Polygon POINTS="1702 1434 1704 1446 1723 1446 1721 1431 1713 1398 1697 1403 1702 1434"/></Shape>
            <String CONTENT="a"
                    HPOS="1697"
                    VPOS="1398"
                    WIDTH="26"
                    HEIGHT="48"
                    WC="0.999995231628418"></String>
          </TextLine>
          <TextLine ID="eSc_line_2471df7e"
                    TAGREFS="LT33"
                    BASELINE="1694 1459 1723 1464" 
                    HPOS="1689"
                    VPOS="1440"
                    WIDTH="35"
                    HEIGHT="61">
            <Shape><Polygon POINTS="1694 1459 1689 1501 1717 1500 1723 1464 1724 1443 1695 1440 1694 1459"/></Shape>
            <String CONTENT="e"
                    HPOS="1689"
                    VPOS="1440"
                    WIDTH="35"
                    HEIGHT="61"
                    WC="0.9997856020927429"></String>
          </TextLine>
          <TextLine ID="eSc_line_58fa16bd"
                    TAGREFS="LT33"
                    BASELINE="325 1474 1134 1499 1670 1496" 
                    HPOS="324"
                    VPOS="1442"
                    WIDTH="1346"
                    HEIGHT="84">
            <Shape><Polygon POINTS="1098 1454 1091 1454 1064 1461 948 1451 948 1451 947 1450 932 1450 931 1450 832 1457 753 1446 752 1446 623 1453 574 1443 573 1443 572 1443 570 1443 557 1451 528 1442 527 1442 526 1442 325 1443 325 1474 324 1491 385 1499 386 1499 516 1495 566 1507 568 1507 569 1507 623 1499 711 1507 713 1507 763 1499 855 1512 1043 1516 1045 1516 1046 1516 1077 1508 1114 1518 1115 1518 1117 1518 1249 1514 1461 1525 1462 1525 1464 1525 1503 1514 1536 1526 1537 1526 1538 1526 1668 1515 1670 1496 1667 1464 1531 1470 1508 1461 1507 1461 1506 1461 1449 1466 1367 1459 1366 1459 1365 1459 1339 1466 1182 1465 1107 1454 1098 1454"/></Shape>
            <String CONTENT="trutſchen Verſen dieſe Hiſtorie zu leſen iſt. In denen zwey Baͤchlein, ſo de;"
                    HPOS="324"
                    VPOS="1442"
                    WIDTH="1346"
                    HEIGHT="84"
                    WC="0.9961019166104206"></String>
          </TextLine>
          <TextLine ID="eSc_line_92b2377f"
                    TAGREFS="LT33"
                    BASELINE="325 1520 680 1538 1094 1546 1565 1548 1686 1539" 
                    HPOS="324"
                    VPOS="1487"
                    WIDTH="1362"
                    HEIGHT="85">
            <Shape><Polygon POINTS="325 1520 324 1539 469 1542 485 1550 486 1550 488 1550 489 1550 512 1545 523 1553 524 1553 526 1553 527 1553 580 1545 612 1557 614 1557 615 1557 616 1557 634 1550 691 1558 692 1558 737 1553 771 1560 1220 1568 1221 1568 1317 1560 1336 1568 1338 1568 1339 1568 1374 1562 1457 1572 1458 1572 1525 1562 1590 1572 1591 1572 1592 1572 1617 1564 1685 1564 1686 1539 1683 1510 1541 1516 1515 1507 1514 1507 1512 1507 1511 1507 1489 1519 1453 1519 1335 1507 1334 1507 1297 1515 1249 1504 1248 1504 1193 1512 906 1510 798 1507 763 1496 761 1496 760 1496 707 1504 653 1492 652 1492 551 1499 538 1491 536 1491 535 1491 325 1487 325 1520"/></Shape>
            <String CONTENT="liche Magiſtrar zu Regenſpurg Anno 1519, und Anno 1522. von der ſchoͤt"
                    HPOS="324"
                    VPOS="1487"
                    WIDTH="1362"
                    HEIGHT="85"
                    WC="0.9787127750260489"></String>
          </TextLine>
          <TextLine ID="eSc_line_3333dc5c"
                    TAGREFS="LT33"
                    BASELINE="325 1571 826 1588 1304 1595 1614 1595 1691 1587" 
                    HPOS="324"
                    VPOS="1533"
                    WIDTH="1367"
                    HEIGHT="89">
            <Shape><Polygon POINTS="325 1571 324 1586 501 1588 526 1599 527 1599 528 1599 530 1599 549 1592 669 1600 671 1600 672 1600 698 1594 737 1607 738 1607 740 1607 847 1602 860 1610 862 1610 863 1610 943 1611 944 1611 992 1603 1019 1613 1020 1613 1022 1613 1056 1607 1069 1614 1070 1614 1210 1617 1211 1617 1408 1609 1437 1619 1438 1619 1554 1622 1556 1622 1557 1622 1579 1613 1690 1611 1691 1587 1690 1558 1606 1557 1605 1557 1554 1568 1489 1556 1488 1556 1442 1565 1321 1552 1320 1552 1319 1552 1297 1562 1205 1554 1203 1554 1142 1560 1114 1552 1113 1552 1111 1552 1110 1552 1081 1558 1041 1552 1039 1552 939 1556 902 1546 901 1546 900 1546 866 1552 755 1542 753 1542 695 1549 654 1542 653 1542 620 1549 601 1541 600 1541 599 1541 486 1546 469 1535 467 1535 466 1535 325 1533 325 1571"/></Shape>
            <String CONTENT="Faria zum Druck deſoͤ deret, werden die Beneſicia, ſo die andaͤchtige Verel"
                    HPOS="324"
                    VPOS="1533"
                    WIDTH="1367"
                    HEIGHT="89"
                    WC="0.9966576464970907"></String>
          </TextLine>
          <TextLine ID="eSc_line_2c6adadf"
                    TAGREFS="LT33"
                    BASELINE="321 1621 605 1625 1110 1642 1628 1648" 
                    HPOS="319"
                    VPOS="1579"
                    WIDTH="1309"
                    HEIGHT="91">
            <Shape><Polygon POINTS="848 1590 847 1590 845 1590 844 1590 820 1602 738 1602 680 1598 654 1586 653 1586 652 1586 546 1591 508 1583 321 1579 321 1621 319 1633 403 1634 414 1642 416 1642 417 1642 418 1642 671 1641 715 1651 717 1651 755 1644 851 1655 852 1655 893 1648 925 1657 927 1657 928 1657 1062 1651 1119 1661 1285 1664 1286 1664 1348 1657 1370 1667 1371 1667 1500 1670 1502 1670 1626 1660 1628 1648 1626 1619 1575 1609 1573 1609 1512 1615 1495 1604 1493 1604 1492 1604 1491 1604 1419 1614 1335 1600 1334 1600 1332 1600 1313 1610 1301 1604 1300 1604 1298 1604 1244 1611 1030 1607 966 1595 965 1595 963 1595 925 1604 873 1604 850 1590 848 1590"/></Shape>
            <String CONTENT="der ſchoͤ nen WVariaͤ erlanget zu haben bekennet, weitlaͤuffig beſchreben-"
                    HPOS="319"
                    VPOS="1579"
                    WIDTH="1309"
                    HEIGHT="91"
                    WC="0.9799445198999869"></String>
          </TextLine>
          <TextLine ID="eSc_line_08da8dd2"
                    TAGREFS="LT33"
                    BASELINE="1666 1625 1714 1623" 
                    HPOS="1664"
                    VPOS="1588"
                    WIDTH="50"
                    HEIGHT="67">
            <Shape><Polygon POINTS="1666 1625 1667 1655 1714 1641 1714 1623 1710 1588 1664 1594 1666 1625"/></Shape>
            <String CONTENT="ſfte."
                    HPOS="1664"
                    VPOS="1588"
                    WIDTH="50"
                    HEIGHT="67"
                    WC="0.9079601764678955"></String>
          </TextLine>
          <TextLine ID="eSc_line_000a7356"
                    TAGREFS="LT33"
                    BASELINE="1689 1660 1725 1656" 
                    HPOS="1686"
                    VPOS="1629"
                    WIDTH="41"
                    HEIGHT="54">
            <Shape><Polygon POINTS="1689 1660 1691 1683 1727 1672 1725 1656 1719 1629 1686 1637 1689 1660"/></Shape>
            <String CONTENT="on"
                    HPOS="1686"
                    VPOS="1629"
                    WIDTH="41"
                    HEIGHT="54"
                    WC="0.8019939363002777"></String>
          </TextLine>
          <TextLine ID="eSc_line_90294c94"
                    TAGREFS="LT33"
                    BASELINE="318 1667 604 1670 1157 1686 1658 1684" 
                    HPOS="317"
                    VPOS="1630"
                    WIDTH="1341"
                    HEIGHT="79">
            <Shape><Polygon POINTS="1100 1642 1099 1642 1030 1652 999 1641 997 1641 996 1641 923 1651 893 1636 892 1636 890 1636 889 1636 852 1647 765 1634 764 1634 725 1642 695 1633 694 1633 692 1633 645 1640 610 1632 608 1632 607 1632 569 1637 318 1630 318 1667 317 1678 337 1689 338 1689 340 1689 417 1680 456 1693 458 1693 459 1693 517 1682 652 1691 653 1691 771 1686 824 1698 825 1698 826 1698 855 1687 908 1695 909 1695 967 1689 997 1701 999 1701 1000 1701 1037 1695 1287 1705 1289 1705 1397 1695 1416 1705 1418 1705 1595 1709 1597 1709 1656 1698 1658 1684 1658 1653 1634 1647 1633 1647 1632 1647 1630 1647 1587 1660 1371 1659 1327 1647 1325 1647 1324 1647 1323 1647 1283 1656 1182 1656 1123 1655 1102 1642 1100 1642"/></Shape>
            <String CONTENT="hat Hagecius in ſeiner Boͤhmiſchen Chronick, die er Anno 151. geendet"
                    HPOS="317"
                    VPOS="1630"
                    WIDTH="1341"
                    HEIGHT="79"
                    WC="0.9895589757656705"></String>
          </TextLine>
          <TextLine ID="eSc_line_e3e89efd"
                    TAGREFS="LT33"
                    BASELINE="324 1718 1592 1736 1716 1712" 
                    HPOS="322"
                    VPOS="1675"
                    WIDTH="1394"
                    HEIGHT="81">
            <Shape><Polygon POINTS="324 1718 322 1728 387 1740 389 1740 439 1733 496 1744 497 1745 568 1745 568 1744 569 1744 591 1733 690 1747 691 1747 740 1737 814 1744 816 1744 882 1736 925 1744 927 1744 992 1737 1056 1751 1057 1751 1114 1743 1188 1752 1190 1752 1283 1744 1374 1755 1376 1755 1435 1748 1446 1755 1447 1755 1449 1755 1602 1756 1603 1756 1605 1756 1639 1745 1714 1745 1716 1712 1712 1691 1636 1691 1634 1691 1579 1702 1489 1695 1488 1695 1335 1699 1313 1689 1312 1689 1310 1689 1309 1689 1278 1698 1072 1690 1070 1690 1034 1697 902 1682 901 1682 763 1691 681 1679 680 1679 589 1690 547 1690 528 1678 527 1678 526 1678 524 1678 479 1687 409 1676 408 1676 406 1676 378 1687 324 1675 324 1718"/></Shape>
            <String CONTENT="der Andacht zu der ſchonen Faria geſchrieben, we in der tentſchen Faitio,"
                    HPOS="322"
                    VPOS="1675"
                    WIDTH="1394"
                    HEIGHT="81"
                    WC="0.984995326767229"></String>
          </TextLine>
          <TextLine ID="eSc_line_62c18f82"
                    TAGREFS="LT33"
                    BASELINE="330 1769 1579 1787 1727 1766" 
                    HPOS="329"
                    VPOS="1725"
                    WIDTH="1398"
                    HEIGHT="84">
            <Shape><Polygon POINTS="330 1769 329 1778 441 1782 504 1796 505 1796 582 1789 612 1797 614 1797 615 1797 616 1797 646 1786 671 1797 672 1797 673 1797 802 1793 881 1800 882 1800 883 1800 908 1790 981 1797 982 1797 1068 1789 1087 1798 1088 1798 1089 1798 1133 1790 1161 1804 1163 1804 1164 1804 1217 1797 1233 1805 1235 1805 1236 1805 1237 1805 1260 1796 1315 1805 1316 1805 1361 1800 1371 1806 1373 1806 1374 1806 1517 1809 1518 1809 1725 1796 1727 1766 1723 1743 1420 1752 1389 1739 1388 1739 1386 1739 1263 1750 1237 1737 1236 1737 1235 1737 1233 1737 1210 1744 1156 1737 1155 1737 1106 1748 1023 1735 1022 1735 976 1745 934 1733 932 1733 931 1733 930 1733 890 1745 844 1733 843 1733 841 1733 840 1733 817 1743 789 1731 787 1731 786 1731 688 1736 607 1729 605 1729 604 1729 577 1741 394 1737 368 1725 367 1725 330 1725 330 1769"/></Shape>
            <String CONTENT="Anno 1718. Leiptzig) pag 853. &amp;c. zn leſen iſt. Rachdeme aber die Herrr."
                    HPOS="329"
                    VPOS="1725"
                    WIDTH="1398"
                    HEIGHT="84"
                    WC="0.9877130140860876"></String>
          </TextLine>
          <TextLine ID="eSc_line_a9983698"
                    TAGREFS="LT33"
                    BASELINE="318 1811 1365 1830 1592 1830 1647 1823" 
                    HPOS="317"
                    VPOS="1775"
                    WIDTH="1330"
                    HEIGHT="73">
            <Shape><Polygon POINTS="318 1811 317 1824 446 1835 653 1838 654 1838 656 1838 685 1831 866 1842 867 1842 869 1842 893 1835 985 1843 986 1843 988 1843 1005 1836 1022 1844 1023 1844 1024 1844 1087 1838 1178 1847 1179 1848 1645 1848 1647 1823 1643 1794 1565 1802 1488 1802 1479 1794 1477 1794 1476 1794 1474 1794 1381 1798 1365 1790 1363 1790 1362 1790 1277 1794 1197 1787 1195 1787 1194 1787 1168 1794 1152 1786 1150 1786 1149 1786 1042 1790 920 1782 919 1782 917 1782 900 1792 847 1792 740 1789 726 1779 725 1779 723 1779 722 1779 672 1786 646 1778 645 1778 643 1778 642 1778 607 1786 318 1775 318 1811"/></Shape>
            <String CONTENT="Regenſpurger, da ſie die neue, und in ihrer Stadt niemahl zuvor gepredigte"
                    HPOS="317"
                    VPOS="1775"
                    WIDTH="1330"
                    HEIGHT="73"
                    WC="0.9774644745362772"></String>
          </TextLine>
          <TextLine ID="eSc_line_8d7e3b9f"
                    TAGREFS="LT33"
                    BASELINE="328 1862 1251 1877 1523 1878 1656 1872" 
                    HPOS="326"
                    VPOS="1821"
                    WIDTH="1330"
                    HEIGHT="80">
            <Shape><Polygon POINTS="328 1862 326 1874 340 1882 341 1882 342 1882 398 1876 532 1886 534 1886 535 1886 554 1878 591 1888 592 1888 882 1892 883 1892 938 1884 1008 1893 1009 1893 1052 1885 1091 1893 1092 1893 1142 1886 1193 1896 1194 1896 1195 1896 1229 1888 1302 1888 1316 1897 1317 1897 1319 1897 1320 1897 1432 1891 1462 1900 1464 1900 1465 1900 1466 1900 1491 1892 1561 1901 1563 1901 1655 1892 1656 1872 1655 1839 1518 1838 1517 1838 1473 1847 1389 1847 1366 1835 1365 1835 1243 1834 1241 1834 1240 1834 1214 1843 1201 1835 1199 1835 1198 1835 1197 1835 1144 1840 1129 1834 1127 1834 1126 1834 1125 1834 1108 1842 1080 1834 1079 1834 1077 1834 1041 1839 1016 1831 1015 1831 1014 1831 955 1832 954 1832 934 1839 854 1828 852 1828 851 1828 821 1838 797 1831 795 1831 794 1831 455 1832 440 1825 439 1825 437 1825 399 1832 379 1821 378 1821 328 1821 328 1862"/></Shape>
            <String CONTENT="(Lutheri) angenommen, ſolche Hiſtorie von der ſchoͤnen HHaria,"
                    HPOS="326"
                    VPOS="1821"
                    WIDTH="1330"
                    HEIGHT="80"
                    WC="0.9972675490763879"></String>
          </TextLine>
          <TextLine ID="eSc_line_a8ecf89b"
                    TAGREFS="LT33"
                    BASELINE="1675 1866 1723 1855" 
                    HPOS="1667"
                    VPOS="1816"
                    WIDTH="58"
                    HEIGHT="65">
            <Shape><Polygon POINTS="1675 1866 1678 1881 1725 1872 1723 1855 1712 1816 1667 1831 1675 1866"/></Shape>
            <String CONTENT="unl"
                    HPOS="1667"
                    VPOS="1816"
                    WIDTH="58"
                    HEIGHT="65"
                    WC="0.9801912903785706"></String>
          </TextLine>
          <TextLine ID="eSc_line_c44751ec"
                    TAGREFS="LT33"
                    BASELINE="315 1908 798 1923 1565 1928 1632 1924 1702 1909" 
                    HPOS="314"
                    VPOS="1869"
                    WIDTH="1388"
                    HEIGHT="81">
            <Shape><Polygon POINTS="315 1908 314 1922 539 1933 540 1933 542 1933 554 1927 629 1939 630 1939 707 1933 721 1941 722 1941 723 1941 848 1942 850 1942 851 1942 869 1933 916 1943 917 1943 919 1943 939 1937 954 1943 955 1943 1096 1945 1098 1945 1099 1945 1122 1937 1148 1946 1149 1946 1150 1947 1255 1947 1255 1946 1256 1946 1279 1938 1294 1945 1296 1945 1297 1945 1298 1945 1310 1939 1477 1950 1479 1950 1701 1938 1702 1909 1697 1885 1590 1896 1378 1895 1367 1886 1366 1886 1365 1886 1363 1886 1214 1891 1138 1878 1137 1878 1031 1889 993 1877 992 1877 991 1877 805 1886 761 1878 760 1878 759 1878 741 1885 664 1878 662 1878 599 1884 557 1872 555 1872 554 1872 553 1872 509 1882 466 1870 465 1870 379 1870 378 1870 376 1870 356 1880 340 1869 338 1869 337 1869 336 1869 315 1870 315 1908"/></Shape>
            <String CONTENT="dero Verehrung ꝛc. (welche ihre CatholiſcheVorfahrer, und unzahlbar andereM"
                    HPOS="314"
                    VPOS="1869"
                    WIDTH="1388"
                    HEIGHT="81"
                    WC="0.9897238337993621"></String>
          </TextLine>
          <TextLine ID="eSc_line_0fc85569"
                    TAGREFS="LT33"
                    BASELINE="315 1956 816 1966 1529 1972 1640 1965 1700 1952" 
                    HPOS="315"
                    VPOS="1919"
                    WIDTH="1385"
                    HEIGHT="72">
            <Shape><Polygon POINTS="1279 1927 1278 1927 1277 1927 1262 1937 1175 1930 1174 1930 1172 1930 1155 1937 1114 1926 1113 1926 1111 1926 1110 1926 1108 1926 1094 1935 885 1935 748 1934 706 1920 704 1920 703 1920 650 1931 582 1919 581 1919 315 1920 315 1956 315 1969 471 1969 520 1977 521 1977 554 1970 610 1983 611 1983 794 1977 847 1984 848 1984 850 1984 875 1977 889 1985 890 1985 892 1985 1155 1988 1156 1988 1252 1979 1348 1989 1350 1989 1388 1981 1426 1991 1427 1991 1428 1991 1698 1980 1700 1952 1695 1930 1591 1931 1590 1931 1564 1941 1352 1931 1351 1931 1350 1931 1325 1937 1281 1927 1279 1927"/></Shape>
            <String CONTENT="riaͤ derJungfraͤnlichenMutter bezenget,) nichr gleichgiltig anſehen wollten, als haben ſe⸗"
                    HPOS="315"
                    VPOS="1919"
                    WIDTH="1385"
                    HEIGHT="72"
                    WC="0.9883993943532308"></String>
          </TextLine>
          <TextLine ID="eSc_line_381a8b38"
                    TAGREFS="LT33"
                    BASELINE="309 1999 852 2010 1538 2013 1628 2008 1675 1998" 
                    HPOS="307"
                    VPOS="1962"
                    WIDTH="1368"
                    HEIGHT="71">
            <Shape><Polygon POINTS="1362 1972 1361 1972 1348 1977 1328 1970 1325 1970 1312 1970 1298 1970 1285 1970 1283 1970 1062 1979 997 1972 996 1972 915 1977 882 1968 878 1968 867 1968 824 1976 798 1966 797 1966 795 1966 726 1975 656 1966 654 1966 614 1975 558 1962 557 1962 309 1964 309 1999 307 2014 353 2022 355 2022 356 2022 386 2015 448 2023 450 2023 592 2017 1062 2029 1064 2029 1178 2022 1191 2029 1193 2029 1194 2029 1277 2023 1287 2030 1289 2030 1290 2030 1291 2030 1331 2023 1370 2031 1371 2031 1373 2031 1392 2025 1525 2033 1526 2033 1674 2025 1675 1998 1670 1972 1542 1983 1416 1983 1363 1972 1362 1972"/></Shape>
            <String CONTENT="dieſe Erzehlungen, ſo ihre Vor⸗Elteren in denen zwey Buͤchlein, auch anderen Bl"
                    HPOS="307"
                    VPOS="1962"
                    WIDTH="1368"
                    HEIGHT="71"
                    WC="0.9948077269747287"></String>
          </TextLine>
          <TextLine ID="eSc_line_ddca09de"
                    TAGREFS="LT33"
                    BASELINE="1633 2052 1706 2041" 
                    HPOS="1626"
                    VPOS="2003"
                    WIDTH="82"
                    HEIGHT="60">
            <Shape><Polygon POINTS="1633 2052 1634 2063 1708 2052 1706 2041 1698 2003 1626 2017 1633 2052"/></Shape>
            <String CONTENT="Eini"
                    HPOS="1626"
                    VPOS="2003"
                    WIDTH="82"
                    HEIGHT="60"
                    WC="0.9999478459358215"></String>
          </TextLine>
          <TextLine ID="eSc_line_0a77df96"
                    TAGREFS="LT33"
                    BASELINE="309 2055 650 2050 958 2059 1602 2059" 
                    HPOS="309"
                    VPOS="2011"
                    WIDTH="1293"
                    HEIGHT="67">
            <Shape><Polygon POINTS="1389 2013 1388 2013 1386 2013 1385 2013 1371 2022 1321 2013 1310 2013 1297 2013 1283 2013 1270 2013 1256 2013 1243 2013 1239 2013 1237 2013 1194 2022 1126 2015 1125 2015 1123 2015 1103 2023 962 2023 885 2013 883 2013 843 2021 798 2013 797 2013 738 2021 692 2011 691 2011 639 2018 629 2011 627 2011 626 2011 403 2011 402 2011 401 2011 382 2022 309 2022 309 2055 309 2068 728 2065 761 2074 763 2074 764 2074 837 2067 851 2076 852 2076 854 2076 855 2078 982 2078 982 2076 984 2076 1004 2068 1033 2076 1034 2076 1035 2076 1081 2068 1132 2076 1133 2076 1179 2069 1565 2076 1567 2076 1568 2076 1601 2065 1602 2059 1601 2023 1420 2023 1390 2013 1389 2013"/></Shape>
            <String CONTENT="ren offentlich drncken laſſen, vor falſch, und aberglaubiſch ansgetuffen."
                    HPOS="309"
                    VPOS="2011"
                    WIDTH="1293"
                    HEIGHT="67"
                    WC="0.9852020797664172"></String>
          </TextLine>
          <TextLine ID="eSc_line_d66ca656"
                    TAGREFS="LT33"
                    BASELINE="307 2097 818 2097 1384 2106 1575 2102 1681 2088" 
                    HPOS="306"
                    VPOS="2055"
                    WIDTH="1375"
                    HEIGHT="77">
            <Shape><Polygon POINTS="1094 2060 1080 2060 1070 2060 1023 2069 996 2063 995 2063 993 2063 992 2063 976 2069 841 2069 798 2056 797 2056 795 2056 763 2063 531 2055 530 2055 528 2055 489 2067 459 2056 458 2056 456 2056 455 2056 424 2067 383 2056 382 2056 380 2056 379 2056 361 2065 336 2056 334 2056 333 2056 307 2059 307 2097 306 2111 336 2125 337 2125 338 2125 406 2117 429 2125 431 2125 432 2125 466 2118 500 2125 501 2125 502 2125 549 2113 580 2120 581 2120 751 2114 765 2122 767 2122 768 2122 770 2122 864 2114 1008 2128 1009 2128 1119 2120 1145 2129 1146 2129 1148 2129 1264 2122 1409 2130 1411 2130 1412 2130 1432 2122 1460 2130 1461 2130 1462 2132 1597 2132 1597 2130 1598 2130 1622 2118 1679 2118 1681 2088 1676 2060 1411 2072 1244 2072 1225 2061 1224 2061 1222 2061 1146 2071 1098 2060 1094 2060"/></Shape>
            <String CONTENT="m Lupter geſtochene Biudnuſſen, mit einer Hiſtoriſchen (aber verfaͤlſchren gror"
                    HPOS="306"
                    VPOS="2055"
                    WIDTH="1375"
                    HEIGHT="77"
                    WC="0.9755589965778061"></String>
          </TextLine>
          <TextLine ID="eSc_line_f22bf6f4"
                    TAGREFS="LT33"
                    BASELINE="1689 2118 1721 2114" 
                    HPOS="1685"
                    VPOS="2084"
                    WIDTH="38"
                    HEIGHT="53">
            <Shape><Polygon POINTS="1689 2118 1690 2137 1723 2135 1721 2114 1714 2084 1685 2091 1689 2118"/></Shape>
            <String CONTENT="es"
                    HPOS="1685"
                    VPOS="2084"
                    WIDTH="38"
                    HEIGHT="53"
                    WC="0.9999976754188538"></String>
          </TextLine>
        </TextBlock>
        <TextBlock HPOS="1805"
                   VPOS="244"
                   WIDTH="133"
                   HEIGHT="1337"
                   ID="eSc_textblock_dec5b5ae"
                   TAGREFS="BT42">
          <Shape><Polygon POINTS="1836 244 1938 265 1938 307 1907 314 1918 340 1902 347 1938 379 1938 416 1853 509 1938 553 1938 567 1881 562 1858 580 1865 607 1923 612 1864 622 1912 628 1930 661 1938 634 1938 687 1860 703 1847 742 1860 764 1918 775 1865 790 1870 807 1938 818 1918 845 1918 887 1938 900 1938 1007 1918 1003 1938 1093 1925 1083 1880 1116 1918 1127 1925 1160 1938 1127 1938 1359 1912 1350 1919 1388 1938 1366 1938 1484 1858 1480 1896 1516 1847 1523 1847 1581 1832 1576 1822 1214 1805 1207 1827 1159 1836 244"/></Shape>
          <TextLine ID="eSc_line_4c188e30"
                    TAGREFS="LT33"
                    BASELINE="1841 281 1927 287" 
                    HPOS="1839"
                    VPOS="248"
                    WIDTH="88"
                    HEIGHT="55">
            <Shape><Polygon POINTS="1922 261 1910 258 1896 256 1883 253 1869 250 1860 248 1841 249 1841 281 1839 291 1861 300 1862 300 1864 300 1865 300 1877 295 1925 303 1927 287 1927 261 1922 261"/></Shape>
            <String CONTENT="en Ne"
                    HPOS="1839"
                    VPOS="248"
                    WIDTH="88"
                    HEIGHT="55"
                    WC="0.9921048879623413"></String>
          </TextLine>
          <TextLine ID="eSc_line_9aa5cb86"
                    TAGREFS="LT33"
                    BASELINE="1842 366 1854 368" 
                    HPOS="1830"
                    VPOS="284"
                    WIDTH="39"
                    HEIGHT="138">
            <Shape><Polygon POINTS="1830 420 1841 422 1845 406 1854 368 1869 291 1860 284 1842 366 1830 420"/></Shape>
            <String CONTENT=""
                    HPOS="1830"
                    VPOS="284"
                    WIDTH="39"
                    HEIGHT="138"
                    ></String>
          </TextLine>
          <TextLine ID="eSc_line_8afcc942"
                    TAGREFS="LT33"
                    BASELINE="1842 408 1873 410" 
                    HPOS="1841"
                    VPOS="364"
                    WIDTH="33"
                    HEIGHT="56">
            <Shape><Polygon POINTS="1845 367 1842 408 1841 418 1870 420 1873 410 1874 374 1845 364 1845 367"/></Shape>
            <String CONTENT="e"
                    HPOS="1841"
                    VPOS="364"
                    WIDTH="33"
                    HEIGHT="56"
                    WC="0.9999978542327881"></String>
          </TextLine>
          <TextLine ID="eSc_line_c9f40215"
                    TAGREFS="LT33"
                    BASELINE="1835 455 1850 456" 
                    HPOS="1835"
                    VPOS="414"
                    WIDTH="18"
                    HEIGHT="57">
            <Shape><Polygon POINTS="1835 455 1835 471 1849 467 1850 456 1853 418 1838 414 1835 455"/></Shape>
            <String CONTENT=","
                    HPOS="1835"
                    VPOS="414"
                    WIDTH="18"
                    HEIGHT="57"
                    WC="0.9955370426177979"></String>
          </TextLine>
          <TextLine ID="eSc_line_b11f5594"
                    TAGREFS="LT33"
                    BASELINE="1838 654 1858 654" 
                    HPOS="1838"
                    VPOS="605"
                    WIDTH="20"
                    HEIGHT="66">
            <Shape><Polygon POINTS="1838 654 1838 662 1855 671 1858 654 1858 607 1838 605 1838 654"/></Shape>
            <String CONTENT=","
                    HPOS="1838"
                    VPOS="605"
                    WIDTH="20"
                    HEIGHT="66"
                    WC="0.9997511506080627"></String>
          </TextLine>
          <TextLine ID="eSc_line_a5e73828"
                    TAGREFS="LT33"
                    BASELINE="1835 689 1868 694" 
                    HPOS="1832"
                    VPOS="656"
                    WIDTH="37"
                    HEIGHT="51">
            <Shape><Polygon POINTS="1839 656 1835 689 1832 702 1864 707 1868 694 1869 664 1845 656 1839 656"/></Shape>
            <String CONTENT="ꝛei"
                    HPOS="1832"
                    VPOS="656"
                    WIDTH="37"
                    HEIGHT="51"
                    WC="0.9501556754112244"></String>
          </TextLine>
          <TextLine ID="eSc_line_cb7d65bb"
                    TAGREFS="LT33"
                    BASELINE="1860 835 1918 839" 
                    HPOS="1858"
                    VPOS="794"
                    WIDTH="60"
                    HEIGHT="62">
            <Shape><Polygon POINTS="1915 814 1902 811 1888 810 1874 807 1866 794 1861 794 1860 835 1858 845 1877 856 1878 856 1880 856 1916 849 1918 839 1918 814 1915 814"/></Shape>
            <String CONTENT="die"
                    HPOS="1858"
                    VPOS="794"
                    WIDTH="60"
                    HEIGHT="62"
                    WC="0.9991892576217651"></String>
          </TextLine>
          <TextLine ID="eSc_line_b2deca5d"
                    TAGREFS="LT33"
                    BASELINE="1851 885 1912 890" 
                    HPOS="1849"
                    VPOS="835"
                    WIDTH="63"
                    HEIGHT="73">
            <Shape><Polygon POINTS="1911 847 1854 835 1851 885 1849 900 1908 908 1912 890 1912 852 1911 847"/></Shape>
            <String CONTENT="ſen"
                    HPOS="1849"
                    VPOS="835"
                    WIDTH="63"
                    HEIGHT="73"
                    WC="0.9932337204615275"></String>
          </TextLine>
          <TextLine ID="eSc_line_e97838f4"
                    TAGREFS="LT33"
                    BASELINE="1839 920 1861 925" 
                    HPOS="1835"
                    VPOS="885"
                    WIDTH="31"
                    HEIGHT="57">
            <Shape><Polygon POINTS="1839 920 1835 931 1854 942 1861 925 1866 894 1847 885 1839 920"/></Shape>
            <String CONTENT="r."
                    HPOS="1835"
                    VPOS="885"
                    WIDTH="31"
                    HEIGHT="57"
                    WC="0.9997683465480804"></String>
          </TextLine>
          <TextLine ID="eSc_line_ce09aa90"
                    TAGREFS="LT33"
                    BASELINE="1850 977 1929 981" 
                    HPOS="1849"
                    VPOS="938"
                    WIDTH="80"
                    HEIGHT="70">
            <Shape><Polygon POINTS="1850 977 1849 986 1925 1008 1929 981 1929 944 1851 938 1850 977"/></Shape>
            <String CONTENT="Sau"
                    HPOS="1849"
                    VPOS="938"
                    WIDTH="80"
                    HEIGHT="70"
                    WC="0.9999889532725016"></String>
          </TextLine>
          <TextLine ID="eSc_line_945adc0d"
                    TAGREFS="LT33"
                    BASELINE="1845 1064 1916 1068" 
                    HPOS="1843"
                    VPOS="1026"
                    WIDTH="73"
                    HEIGHT="55">
            <Shape><Polygon POINTS="1845 1064 1843 1074 1914 1081 1916 1068 1915 1038 1887 1042 1872 1030 1872 1028 1870 1028 1869 1028 1846 1026 1845 1064"/></Shape>
            <String CONTENT="77.1"
                    HPOS="1843"
                    VPOS="1026"
                    WIDTH="73"
                    HEIGHT="55"
                    WC="0.9619217067956924"></String>
          </TextLine>
          <TextLine ID="eSc_line_dc04016a"
                    TAGREFS="LT33"
                    BASELINE="1838 1096 1868 1100" 
                    HPOS="1830"
                    VPOS="1066"
                    WIDTH="40"
                    HEIGHT="90">
            <Shape><Polygon POINTS="1838 1096 1830 1148 1857 1156 1868 1100 1870 1070 1841 1066 1838 1096"/></Shape>
            <String CONTENT=","
                    HPOS="1830"
                    VPOS="1066"
                    WIDTH="40"
                    HEIGHT="90"
                    WC="0.9998297691345215"></String>
          </TextLine>
          <TextLine ID="eSc_line_61014c18"
                    TAGREFS="LT33"
                    BASELINE="1835 1184 1911 1192" 
                    HPOS="1832"
                    VPOS="1144"
                    WIDTH="82"
                    HEIGHT="67">
            <Shape><Polygon POINTS="1835 1184 1832 1198 1907 1211 1911 1192 1914 1164 1839 1144 1835 1184"/></Shape>
            <String CONTENT="ort;u"
                    HPOS="1832"
                    VPOS="1144"
                    WIDTH="82"
                    HEIGHT="67"
                    WC="0.8575175642967224"></String>
          </TextLine>
          <TextLine ID="eSc_line_ba773454"
                    TAGREFS="LT33"
                    BASELINE="1832 1228 1902 1236" 
                    HPOS="1831"
                    VPOS="1187"
                    WIDTH="72"
                    HEIGHT="62">
            <Shape><Polygon POINTS="1832 1228 1831 1237 1899 1249 1902 1236 1903 1202 1835 1187 1832 1228"/></Shape>
            <String CONTENT="kried"
                    HPOS="1831"
                    VPOS="1187"
                    WIDTH="72"
                    HEIGHT="62"
                    WC="0.9983230471611023"></String>
          </TextLine>
          <TextLine ID="eSc_line_a0859e26"
                    TAGREFS="LT33"
                    BASELINE="1832 1268 1860 1272" 
                    HPOS="1830"
                    VPOS="1232"
                    WIDTH="34"
                    HEIGHT="59">
            <Shape><Polygon POINTS="1830 1283 1854 1291 1860 1272 1864 1240 1838 1232 1832 1268 1830 1283"/></Shape>
            <String CONTENT="2"
                    HPOS="1830"
                    VPOS="1232"
                    WIDTH="34"
                    HEIGHT="59"
                    WC="0.6374890804290771"></String>
          </TextLine>
          <TextLine ID="eSc_line_61945155"
                    TAGREFS="LT33"
                    BASELINE="1838 1462 1918 1470" 
                    HPOS="1835"
                    VPOS="1416"
                    WIDTH="84"
                    HEIGHT="80">
            <Shape><Polygon POINTS="1838 1462 1835 1477 1860 1493 1861 1493 1862 1493 1896 1496 1897 1496 1899 1496 1915 1487 1918 1470 1919 1440 1842 1416 1838 1462"/></Shape>
            <String CONTENT="hoͤn⸗"
                    HPOS="1835"
                    VPOS="1416"
                    WIDTH="84"
                    HEIGHT="80"
                    WC="0.99067302942276"></String>
          </TextLine>
          <TextLine ID="eSc_line_0f7d1c89"
                    TAGREFS="LT33"
                    BASELINE="1885 1421 1931 1424" 
                    HPOS="1884"
                    VPOS="1397"
                    WIDTH="47"
                    HEIGHT="43">
            <Shape><Polygon POINTS="1885 1421 1884 1440 1930 1438 1931 1424 1931 1397 1885 1397 1885 1421"/></Shape>
            <String CONTENT="un"
                    HPOS="1884"
                    VPOS="1397"
                    WIDTH="47"
                    HEIGHT="43"
                    WC="0.999957263469696"></String>
          </TextLine>
          <TextLine ID="eSc_line_759431eb"
                    TAGREFS="LT33"
                    BASELINE="1835 1546 1842 1548" 
                    HPOS="1832"
                    VPOS="1506"
                    WIDTH="14"
                    HEIGHT="55">
            <Shape><Polygon POINTS="1846 1506 1842 1506 1835 1546 1832 1561 1838 1561 1842 1548 1845 1516 1846 1506"/></Shape>
            <String CONTENT=""
                    HPOS="1832"
                    VPOS="1506"
                    WIDTH="14"
                    HEIGHT="55"
                    WC="0.9997885823249817"></String>
          </TextLine>
        </TextBlock>
        <TextBlock HPOS="1827"
                   VPOS="1729"
                   WIDTH="111"
                   HEIGHT="107"
                   ID="eSc_textblock_5fd801c9"
                   TAGREFS="BT42">
          <Shape><Polygon POINTS="1836 1729 1929 1751 1912 1777 1938 1773 1938 1836 1934 1820 1874 1836 1827 1820 1836 1729"/></Shape>
          <TextLine ID="eSc_line_3c1ec141"
                    TAGREFS="LT33"
                    BASELINE="1838 1762 1873 1764" 
                    HPOS="1836"
                    VPOS="1729"
                    WIDTH="37"
                    HEIGHT="53">
            <Shape><Polygon POINTS="1866 1736 1853 1733 1839 1729 1838 1762 1836 1770 1869 1782 1873 1764 1873 1736 1866 1736"/></Shape>
            <String CONTENT="6."
                    HPOS="1836"
                    VPOS="1729"
                    WIDTH="37"
                    HEIGHT="53"
                    WC="0.9999898672103882"></String>
          </TextLine>
          <TextLine ID="eSc_line_8de1348c"
                    TAGREFS="LT33"
                    BASELINE="1845 1816 1911 1821" 
                    HPOS="1843"
                    VPOS="1771"
                    WIDTH="68"
                    HEIGHT="73">
            <Shape><Polygon POINTS="1843 1827 1884 1844 1885 1844 1887 1844 1908 1843 1911 1821 1911 1793 1883 1793 1849 1771 1845 1816 1843 1827"/></Shape>
            <String CONTENT="doͤr"
                    HPOS="1843"
                    VPOS="1771"
                    WIDTH="68"
                    HEIGHT="73"
                    WC="0.998618483543396"></String>
          </TextLine>
        </TextBlock>
        <TextBlock HPOS="1832"
                   VPOS="1670"
                   WIDTH="75"
                   HEIGHT="25"
                   ID="eSc_textblock_c05b9f71"
                   TAGREFS="BT42">
          <Shape><Polygon POINTS="1838 1670 1885 1675 1907 1684 1832 1695 1838 1670"/></Shape>
        </TextBlock>
        <TextBlock HPOS="1306"
                   VPOS="1116"
                   WIDTH="276"
                   HEIGHT="21"
                   ID="eSc_textblock_2a8bd36b"
                   TAGREFS="BT42">
          <Shape><Polygon POINTS="1348 1116 1544 1122 1582 1137 1306 1137 1348 1116"/></Shape>
        </TextBlock>
        <TextBlock HPOS="1805"
                   VPOS="1165"
                   WIDTH="4"
                   HEIGHT="4"
                   ID="eSc_textblock_c160a06d"
                   TAGREFS="BT42">
          <Shape><Polygon POINTS="1809 1167 1809 1169 1805 1169 1805 1165 1809 1167"/></Shape>
        </TextBlock>
        <TextBlock HPOS="1935"
                   VPOS="422"
                   WIDTH="3"
                   HEIGHT="21"
                   ID="eSc_textblock_7db9128b"
                   TAGREFS="BT42">
          <Shape><Polygon POINTS="1938 424 1938 443 1935 443 1935 422 1938 424"/></Shape>
        </TextBlock>
        <TextBlock HPOS="1935"
                   VPOS="1507"
                   WIDTH="3"
                   HEIGHT="15"
                   ID="eSc_textblock_261153f9"
                   TAGREFS="BT42">
          <Shape><Polygon POINTS="1938 1510 1938 1522 1935 1522 1935 1507 1938 1510"/></Shape>
        </TextBlock>
        <TextBlock HPOS="1935"
                   VPOS="1740"
                   WIDTH="3"
                   HEIGHT="26"
                   ID="eSc_textblock_58252ed6"
                   TAGREFS="BT42">
          <Shape><Polygon POINTS="1938 1743 1938 1766 1935 1766 1935 1740 1938 1743"/></Shape>
        </TextBlock>
      </PrintSpace>
    </Page>
  </Layout>
</alto>
