1935 2499
394 211 92 58 236

918 216 390 68 21Z (O) Lag-

388 263 1405 82 deburg. (e) Gebbardus war ein Lobwuͤrdiger, keuſcher, und den

388 319 1399 78 GOttes⸗ Dienſt vor anderen Tugenden ergebner Herr, handlete mit

387 370 1392 78 unſerm Cloſter um einen gewiſſen Grund, auf welchen er ſambt ſei

388 422 1391 76 nem Bruder Raporto Anno 9 7. das Cloſter Druͤel ( ſo die Carthaͤu

391 470 1392 82 ſer Anno 1282. von Hertzog Alberto bekommen, und bißhero beſitzen,

386 523 1397 76 fuͤr die Benedictiner geſtifft; uch das Cloſter Chirhanbten, widet

387 573 1397 76 verbeſſert, und aufgericht. Er bemuͤhete ſich hart, was S. Vollgans

386 624 1392 77 mit unſern Cloſter gut gemacht, wieder umzukehren, und unter oen

387 673 1392 78 Biſchoͤfflichen Gewalt zu bringen. Aber vergebens, wie oben am 18

387 727 1393 72 Capitel erwehnt worden. Anno 1001. als der ſeelig Abbt namoolde⸗

387 777 1393 75 geſtorden, hat er mit naſſen Augen, deſſen Begraͤbnuß deygewohnt⸗

384 827 1387 82 entweder ſein Schuld, oder ſein Lreb, die er ſonſt zu ihme getragen,.

384 874 189 65 bezeigen.

519 923 1253 82 Gemelter Gebbardus, ſorgte es doͤrffte ſein Stifftung des Clo⸗

384 975 1387 80 ſters Druͤel, nach ſeinen Ableiben auch callirt werden, (wie mit ſolchei

386 1028 1385 77 Stifftungen vilmahl geſchehen,) hat in ſeinen Fundations⸗Brieff mi

381 1078 1391 77 dieſen Worten ſeinen Succelloribus zugeſprochen: Dahero wann d.

377 1127 1389 83 mir kuͤuffrig ſuccediren wirſt, ich birre dich, ich erſuche dich, id

377 1180 1381 76 ermahne, und beſchwoͤhre dich durch den heiligen Geiſt, den d

377 1227 1381 78 im Cauff empfangen, und in deſſen Ehren diß Gauß ſonderbal⸗

381 1277 1381 79 geweyher iſt; lafſe das geiſtliche Leden nir zu Grund gehen, no-

381 1332 1370 75 in etwas gemindert werden, ſondern vergwiſt der ewigen Verge

380 1385 1378 71 tung, mache daß ſelbes vermebrt werde, und in Guten zunebme

383 1432 1361 75 Dieſe Claulul haben die nachfolgende 2. Gebbardi denen Pruͤeliſch⸗

377 1482 1324 82 Privilegien oder Conkirmationen in gleichem angehaͤngt. Starb

377 1528 1332 83 Gebbardus nach 29. jaͤhriger Regierung, und wurde neben ſeinen2

379 1578 628 78 fahren in unſer Kirch degraben.

865 1690 17 70 ,

1023 1699 38 57 ꝛ

1184 1690 48 87 ,

980 1779 24 64 ,

1070 1858 27 71 ,2

405 2138 1350 79 ( Ven Tꝛgniner etur Lgin⸗ Hreltauh uner Arnoldur. Vidr Dunꝛre. wn. H. errr..

1647 1904 114 79 CA-
