1935 2499
415 222 90 73 270

965 222 350 72 28 (0) EAg--

550 273 1254 72 Den nachfolgenden Sommer raͤſtet ſich der Kayſer zu einen un

413 327 1383 70 gariſchen Feldzug, der gieng wohl ab; bekam vil Veſtungen, und ge

412 379 1384 65 wan zwo Schlachten. Dieweilen aber die Ungarn zu ihren geweie

416 430 1335 68 nen Koͤnig Petro kein Magen hatten, hat ihnen der Kayſer ein Boͤt

1758 473 36 62 lt

412 481 1311 70 ſchen Hertzog zu einem Koͤnig geſetzt, und weil ein rechter Fried

1744 523 56 62 en

411 533 1312 66 geſchloſſen werden, ſeynd die Ungarn gar gen Paderborn zu

412 583 1371 70 Kayſer detwegen gereiſt, man hat ſie nacher Regenſpurg gewiſen, a

412 635 1379 68 wo man ſich aber nit vergleichen koͤnnen. Der Kayſer ſchafft die G

415 685 1358 68 ſandten ab, folgt ihnen mit einer Armee, aber die Ungarn begehri

408 735 1381 68 dald Fried, und kam Ciſala Koͤnigs Kephani Gemahl wieder an dd

409 787 1380 86 Eiecht⸗ zu Ehren, und ihrem Schat, deſſen ales ſie der Koͤnig Peh-

405 838 295 60 beraubt hatte.

543 873 1240 83 Anno 1oga. den 2. Februaril iſt Kaoſer HHeinrich uL. alhel

408 938 1357 71 kommen, und verblieben biß nach Oſtern. Diß Jahr gabs ein h

409 991 1331 73 ten Winter, ungeſunden Sommer, und unfruchtdar, worauf

411 1042 668 68 ſechs Jahr groſſer Hunger folgte.

551 1088 1156 74 Anno 1019. zu Anfang des Febr. hat er das Hertzog

408 1143 1324 67 Bayrn, Conrado dem Erſten diß Nahmens verlyhen. Aber m

416 1193 1330 70 Zeit entſtund ein groſſe Uneinigkeit zwiſchen gedachten Hertzog Cor

412 1245 1334 60 den, und Gebharden Biſchoffen allhie, ſo des Kayſers Varters 2

411 1292 1343 67 der war; Dann der Biſchoff ſahe, wie ubel das kand durch ga

411 1346 1287 64 erceſliv Geldbegierige Miniſtros, und Ofhcier (denen der.

409 1395 1321 68 alle Diſpoſition uberließ) verwaltet wurde, das Recht zu Voder

409 1448 1309 68 cke, und niemand heiffen wolte. Diß verwiſe er umſtaͤndig, un

418 1495 1369 73 ferig dem Fuͤrſten, und erinnerte ihn ſeines von GOtt empfanse,

411 1553 1285 65 Gewalts und Hochheit. Dem HHertzog geſiel dieſes Capitel nit.

1764 1574 16 58 o

409 1596 1289 71 Beſchuldigte waren offendirt, und auf dieſer Rath zoge der.

409 1647 1314 71 fuͤr des Biſchoffen feſte Schloß Parckſtain in der Obern Pfals

408 1702 1025 61 kams mit Liſt, ruinirts und verbrennts in Grund.

544 1750 1157 70 Der Kayſer erfuhr dieſe Unruhe, und weilen dardurch der

1744 1768 49 70 ha

409 1802 1300 70 Frieden gebrochen war, und der Schuldig ſolte das Leben laſſen,

1730 1820 59 70 irt

407 1854 1266 71 er ein Reichs⸗Tag angeſetzt, beede den Hertzog, und Biſchot

408 1904 1272 71 und jenem das Land genommen. Der entſetzte Hertzog didimi

409 1954 1281 72 les. Kam in Bayrn, ſuchte, und fande mit Geld, und Verſp

408 2004 1283 70 gen ein groſſen Anhang, unter denenſelben auch die Graffe

408 2054 1290 71 Scheuren. Machte Verbindnuß mit dem Koͤnig in ungarn,

405 2104 1285 89 mit ſeinen Voͤlckern in Naͤrnren und hauſete ubel. Dabero de

1754 2114 36 80 e
