1571 2270
619 112 117 72 22z

784 114 225 73 0) Ze--

1418 121 73 55 732

135 167 1362 71 ſchoͤnen Paramentis und Kirchen⸗Zierde. Sein unermudeter Fleiß vor

137 218 1360 70 Berſtellung des GOttes⸗Hauß hat verſchiedene Schanckungen deren

133 267 1358 68 Gutthaͤtern veranlaſſet. Wie dann Herr Fohann Georg Fartmann,

136 317 1352 62 I. U. Doctor und Nieder⸗Oeſterreichiſcher Landſchafft Syndicus,

128 365 1359 65 nebſt ſeiner Gemahlin verſchiedene ſilberne Schanckungen, (unter an⸗

124 412 1368 59 dern die aroſſe ſilberne Statuam der ſeeligiſten Mutter GOttes mit den

122 457 1369 66 ZEſus Kindlein,) Item ſchoͤne Ornamenta allhero ubermacht, und

118 506 1372 66 eine ewige Stifftung vor zwey taͤgliche Meſſen, nebſt a. Quatember⸗Aemb⸗

116 556 1372 65 tern aufgerichtet haben. An ſolchen Quatember⸗Zeiten wird von unſe⸗

114 604 1366 64 rem Stifft, faͤhrlich zehen armen Studenten, (welche ſonſt aller Hulft

113 654 1373 61 beraubt ſeyno, doch mit guten Gitten begabt ſeyn muͤſſen) ein ge⸗

111 698 1375 68 wiſſe Summa Geld, laut der Harrmanniſchen Stifftung verreichet⸗

108 751 1377 63 Abbt Cœleſtinus aber, hat mittls dieſer von Herrn HHartmann gemach⸗

108 800 1377 58 ten Stifftung, oder hergeſchoffenen Gelo, und was ſonſten darzu

107 844 1375 66 kommen, die HHoffmarch Schambach, und Sterren nebſt Strau⸗

105 891 1373 67 bing erkaufft, ſo geſchehen Anno 1659. Item hat Abdt Cœleſtinus

103 938 1373 68 Anno 1666. den 29. ſunii von HHerrn Ludwig Erdtinger, Stadt⸗ Ge⸗

102 988 1371 67 richts Aſleſſore zu Regenſpurg, und Maria Elifaberha ſeiner Hauß⸗

99 1037 1376 67 frauen erkaufft, das Schloͤffel und Hoff zu Hochen⸗Gebraching, wel⸗

99 1090 1373 57 ches vorhin ſchon nach S. Emmeram gehoͤrig ware. Herr Ludwia

98 1133 1369 65 Erdtinger entgegen bekame auf ſeine funff Cheliche Leibs⸗Erben die Leibs⸗

95 1182 1373 61 Gerechtigkeit, auf des Cloſters frey eigenthumtichen Garten am Pre⸗

93 1234 1372 58 prun. Der letzte Leib iſt Anno 1727. abgeſtorben, und alſo dieſer

92 1276 1369 67 Garten dem Cloſter wider heimgefailen Unter Abbt Cœleſtino ſeynd

92 1327 1366 64 auch die Glocken in den groſſen Thurn widerumen hergeſtellet worden.

222 1377 1235 63 Anno 1666. den 22. April legte Cœleſtinus den erſten Stein,

89 1425 1367 66 zu den neuen Schlaff⸗cHauß, oder Wohnung deren Geiſtlichen, allwo

92 1475 1359 68 ſelbe anjetzo wohnen. Er dauete auch dte ſehr baufaͤlrge Capellen S.

89 1520 1362 72 Michaelis, naͤchſt an den Loͤwen⸗Saal, welche Anno 1682. an Do-

85 1568 1363 72 minica in Albis, von Titl. Herrn Franciſco Weinhard Suftraganeo

87 1620 1361 63 Ratisdonenc eingeweyhet worden. Das neue Gebaͤu, wo von vielen

85 1668 1361 67 Jahren her, die Tirl. Chur⸗Mayntziſche HHerrn Abgeſandten zu wohnen

84 1718 1362 66 pflegen, wurde auch unter ihne angefangen: an dieſem Orth wohnte

87 1769 1352 67 vor dieſen ein zeirlicher Pfarrer ad S. Ruperrum, mit ſeinen Zugehoͤ⸗

84 1816 336 65 rigen Capellanen.

200 1853 1235 84 Unter dieſen enfrigen Abbten ſeynd allhero kommen die bee⸗

82 1911 1353 86 de heilige Leider SS. Marimiani & Calcidonii MM. von weichen oden

720 1969 96 81 Dyy

1366 1962 68 84 im
