2111 2572
55 337 72 67 ne

74 407 53 75 er

87 472 30 73 e

773 240 124 70 993

936 242 88 66 o,

1047 242 127 86 Zèt-

710 965 523 119 APUTI

258 1064 1402 150 Von dem Urſprung der Teutſchen, und der

363 1163 1203 121 Stadt Regenſpurg, ſo des Teurſchlands eine

511 1245 882 95 grofſe Zierd, und Haupt⸗ Stadt iſt.

683 1503 966 104 Leichwie einem adelichen Geſchlecht der Urſprung,

707 1563 946 93 das Alter, und vile der Annaten einen groſſen

708 1616 945 92 Vorzug, und Prœrogatir gibt; alſo ſolle ein

713 1666 942 88 Stadt auch billich eſtimirt, und andern vorgezo⸗

703 1717 946 84 gen werden, welche von einem ſonderbarem Alter,

703 1764 947 89 and vortrefiichen⸗Herkomens, ſich zuberuͤhmen hat.

997 1820 42 64 2l

1535 1838 114 79 Das

311 1943 1336 91 Pon dvem Urſyrung deren Teuſchen haben vile geſchrieben. Deſhe Bibliotbecam biſtorieani

314 1984 1326 90 Struvio-Buderianam. tom. 1. de Scriptoribus Hiſtor. Germ. Univerſ. vag. 651.

313 2021 1329 90 &c. &c. Dahero der Leſer, welcher von diſer Materie ein mehrers Piecht zu haben verlanget, ſich

313 2060 1327 89 einige Aurnorer auda auserwoͤhlen tan. Cbriſtian Ludvvig Scbeidins. I. C. har gand neu⸗

310 2100 1327 94 erlich are viſlertauon, wuche der beruhmte und gelehrte ſoann Georg ab Eccaraunterlaſſen,

305 2139 937 101 (de Orizine Gervonorun &c. Coruinga 1750. ) herautgrgeden,

264 2144 21 52 .
