1939 2441
948 200 324 79 18 (00 Eh8-

367 260 1418 98 Corl berwieſe denen Praͤdcanten Nie Stadt, ſie wurden aber giaͤs

371 313 444 78 wieder eingenommen.

512 343 1269 92 Rachdeinte die Anlaſfung und Reſtirution obgedacht alhieſis⸗

367 412 1413 77 alſo genannt drey Bettl⸗Cioͤſter, dey Cammerer und Rarh alhie⸗

369 467 1405 72 ungeacht der vorig ergangenen Kayſerlichen Geſchaͤfften, nicht erfolgel

374 520 1396 71 wollte. Iſt von Allerhoͤchſt gedacht Kayſer Carl den Fuͤnfften .

366 570 1407 67 dieſem 15aoſten Jahr den 5. Junu zu Bruſſel ad inſtantiam, des Loͤbl

366 621 1400 69 Biſchoffs Georgens von Pappenbeim Hochſeel. Gedaͤchtnuß ein Ab

373 672 1388 71 ſchied ergangen, vermoͤg deſſen abermahlen von Sr. Majeſtaͤt geg⸗

366 725 1391 68 beſagten Cammerer und Rath erkennet, und denſelben geſchafft wol

367 772 1391 70 den, gedachte z. Cloͤſter Bettl⸗Ordens, ſamt deme was an Kirchel

369 825 1400 68 Ornaren, Brieflichen Urkunden, Buͤcher ꝛc. in der von Regenſput⸗

367 873 1388 78 Handen kommen, denen Ordens⸗ Perſohnen wiederum einzuraumen⸗

510 924 1251 75 Anno 1750. hat Hoch⸗ gedachter Biſchoff die von Regenſpu⸗

362 969 1357 79 der eingenommenen Kirchen, und anders Gewalts halder, deſſei

369 1029 1344 70 ſich in Geiſtlichen Sachen immerzu unterſtanden, vor Kayſer Car

362 1082 1327 69 Reichs⸗Tag zu Augſpurg verklagt, allda ihnen gebotten worden,

1720 1068 37 60 a

365 1132 1328 70 ſie ſich der Carholiſchen Kirchen allhie nichts anmaſſen, ermeldt

367 1183 1352 68 genommene Cloͤſter wieder geden, und keine neue ſonderbare Begt

363 1234 1352 78 nus oder Freytboͤff anſtellen ſollten; ſie habens ader wenig geacht.

530 1284 1170 73 in dieſem Jahr vereinigte ſich Chur⸗Fuͤrſt Moritz aus Sa

362 1334 1321 72 mit Heinrico Koͤng in Franckreich, und Aiderro Maragrafen

1704 1319 57 64 pol

365 1390 1291 70 Brandendurg, die gaben ſich aus fuͤr Beſchuͤtzer der teurſchen

1694 1366 60 70 reo

362 1440 1324 70 heit, und wollte der aus Gachſen, dem Kayſer wegen der Re.

365 1491 1354 69 Leges prœlcridiren, da man ihm aber nicht willfahrte, dilponire

367 1541 1287 71 ſich mit ſeinem Conkœderirten zu einem offenen Krieg, den et

1654 1526 76 68 An

367 1588 1349 80 1552. angefangen. Kayſer Carl namm hieſige Stadt wieder in oda

362 1642 1275 70 verordnete allhero fur einen Hauptmann und Krieas⸗Obriſten⸗

360 1691 1389 76 richen von Pfanen. Da man nun wolt Kayſerliche Voͤlcker einlede.

359 1743 1312 72 habens die Burger nicht wollen einnemmen, man geb ihnen dant

1701 1718 60 59 me

359 1791 1346 79 das Evangelium frey. 2do. Der Biſchoff thu ibnen dadey keinen.

363 1847 1244 73 trag. Und zrio. Daß man denen Gentuchen ſowobl, als,

1643 1822 123 71 raern,

366 1899 1229 68 Soldaten einquartiere: und waren dabey ſehr inlolent, uni

363 1948 1259 71 rhig, das, wanns m ihren Maͤchten geſtanden waͤre, ſie gew

1662 1925 31 64 .

1705 1908 58 66 die

365 1989 1396 80 Catholiſche gans verrnor haͤtten. Der fromme Biſchonf⸗ der nunmnes

363 2045 1318 75 auch alt war, und unvermoͤgtich, muͤßte alles dedulten und zul,

1678 2019 88 69 zſen

1705 2061 64 119 .

359 2089 1314 120 kunn nuch nich Nerwvedrtn, das ance Deſiunche udre Eirchen,
