1571 2270
1447 103 76 53 159

659 102 40 72 a

731 100 249 70 2 (00 2.

275 147 1250 78 Den 21. May 1719. iſt von dem Cloſter Peuͤffling das ſechſte

150 201 1371 67 Sœculum ſolenniter celebrirt worden. Eben das VL. Szculum (von

148 250 1368 67 ſeiner Fundation) hat vorgegangenes Fahr (Anno 1718.) den 15.

146 298 1301 66 Auguſt. das Cloſter Reichenbach am Regen, herrlich begangen.

276 348 1243 70 Cemens Augulſt Hertzog in Bayrn, Churfuͤrſtens Marimſani

141 402 1378 65 Emmanuelis Sohn wurde Anno 1779. Biſchoff zu THuͤnſter und Da⸗

138 448 1378 66 derborn, entlieſſe alſo das Biſtumb Regenſpurg. Worauf den 20.

141 498 1375 64 ſuli 1779. ſein Herr Bruder Titl. Titl. Theodorus HHertzog in Bayrn

137 544 1378 71 zu einen Biſchoffen von dem allhieſigen hohen Thumb⸗Capitul poſtu,

132 593 268 61 liret worden.

262 633 1249 75 Den 20. Auguſt. 1718. wurde zu Wienn das Beylager des

131 689 1380 68 Chur⸗Printzens aus Gachſen mit der aͤltern Ertz⸗cHertzogin aus Deſter⸗

128 740 1382 60 ſterreich, ſolephi L. Roͤmniſchen Kayſers Tochter gehalten, dahero

129 788 1375 67 Geine Eminenz Herr Cardinal von Sachſenzeiz allhier groſſes Soupe

128 837 379 64 und Baal gegeben.

261 877 1240 76 Den 12. Octobris 1719. ſtarbe Tie. Fran Frau Maria The-

122 937 1378 65 reſia von Sandizell Fuͤrſtin, und Abbtißin zu Ober⸗Muͤnſter. Hat

123 984 1376 66 regiert 26. Jahr. Iſt oben ſchon gemeldet worden, daß unter dero⸗

124 1035 1368 98 ſelden Regiedung, der ſchdͤne Chor i dero Siſfts Eindhen don Fon-

124 1090 563 86 dament aug erbanet worden-

482 1349 695 74 Ab 122.

219 1455 1258 68 TOIfgangus Mohr von Amberg in der Oberen Pfaltz gebuͤrtig,

137 1505 1344 73 W der rsſte Abbt, wird erwaͤhlt den 29. OCobris 1710. Con-

261 1553 1219 71 ſirmirt den go. Octobris. Benedicirt den F. Novembris.

108 1601 1372 68 Empfangt von Kayſer Carl den VL. die Regalien Anno 1720. Er

108 1653 1373 67 war ein Liebhaber Cloͤſterlieher Diſciplin, und ein guter Religios, wie

108 1702 1372 66 defſen vorhandene haͤuffige Notata, ſo er aus verſchiedenen heiligen

117 1749 1356 70 Voͤttern, und Aſceten ihme zuſamm geſchrieben, bezeugen. Ehe der⸗

111 1799 1362 71 ſeibe zur Abbteylicher Wuͤrde erwaͤhlet worden, verrichtete er lange

111 1845 1361 73 Jahr vorher das Ambt eines Oeconomi (oder Groß⸗Kellers.) Vor

104 1894 1367 88 allen ſorgte er als Abdr fuͤr Erhaitung Cloͤſterlicher Dileiplin. Nech

772 1959 146 75 Eee.

1352 1942 115 85 dieſer
