1991 2551
686 243 410 74 a8ꝛ8 ( o) 855-

184 287 1415 92 lich, bon Nerone gefaͤllt, der erſtere durch das Creutz, der andere mit

184 341 719 78 dem Schwerdt hingerichtet worden.

316 398 1276 78 Indeme kommt unſer Heil. Diony lus nacher Rom, erkundigt

182 447 1407 83 des Heil. Petri Nachfahrer den HHeil. Pabſt Clementem pflogen bee⸗

181 500 1407 82 de groſſe Freundſchafft, und berathſchlagten ſich mit einander in Glau⸗

178 549 1411 80 bens⸗Gachen. Weilen aber Clementi nichts angelegners ware, als

180 598 1409 82 die Heerd Chriſti zu mehren, und deſſen Nahmen und Glauben ab⸗

174 650 1410 84 ſonderlich in Franckreich bekannt zu machen, hat er Diony lium darzu

174 700 1407 87 erkiſſet in Hoffnung, weil er in Orienr zuvor gluͤͤckſeelig in dem Wein⸗

175 749 1403 91 derg Chriſti gearbeitet, er werde in Occident nit weniger Frucht ſchaf⸗

171 803 1407 84 ten; darzu lieſſe ſich der heilige Vatter gern brauchen, als der ſich

174 853 1404 89 BOtt ſchon laͤngſten zu einen Diener und Schlacht⸗Opffer voͤllig erge⸗

173 907 1405 83 den haͤrte, mit Begierd bey denen in Frrthum verwildeten Leuten die

173 955 1401 90 Chriſtliche Lehr einzufuͤhren, und folgenos durch die Marter zum Sieg⸗

171 1007 1405 88 Lraͤntzlein zu kommen: nahme derentwegen von dem heiligen Pabſt

171 1057 1401 89 den Befelch mit demuthigen Willen an, empfieng den Seegen, und

173 1109 1399 87 teiſete ſammt etlichen zugegebnen Gefaͤhrten, und Mit⸗Arbeitern

167 1160 1402 84 Franckreich zu. Als ſie gen Arleß kommen, theilet er etliche ſeiner

167 1210 1402 89 Mit⸗Geſpanen aus an Drth und Ende, wo ers fuͤr nothduͤrfftig befan⸗

165 1248 60 58 de.

260 1265 1309 87 Er aber verfuͤgte ſich in die Koͤnigliche Stadt Dariß, an wel⸗

161 1312 1403 89 chem Orth die Heydniſchen Irrthumen am meiſten in dem Schwung

158 1361 1403 95 giengen, erzeigte ſich alſobald anſehentlich und evfferig in der Lehr,

158 1411 1404 84 fuͤrtrefflich in Wunderwercken, und was er von HHeil. Paulo erlehrnet,

160 1461 1402 88 lrug er mit ſeiner Arhenienliſchen Wohlredenheit denen Frantzo⸗

158 1503 1401 101 ſen vor; foͤrchtete nit des unglaubigen Volcks wilde Art, ſonder mit dem

158 1560 1404 99 Blauben, und deſſen unendlicher Bekanntnuß gewaffnet, gieng er un⸗

160 1614 1401 96 erſchrocken allen Gefahren entgegen, wo er auch nur kunte, predigte

214 1670 1344 87 SEſum Chriſtum, bekehrte alſobald unter vielen, Lisbium ein vor⸗

153 1714 1404 98 nehmen, und hochgelehrten Mann, welcher auf Anfinnen des heiligen

161 1764 1396 93 Oiſchoffs ſein Luſt⸗Hauß mit froͤlichem Gemuͤth hergeden, damt auda

151 1802 168 75 die neue

351 1825 1207 88 hriſten moͤchten unterwieſen, getaufft, und das Opffer der

150 1867 1404 98 Heil. Meß verrichtet werden, ſo hernach von ihm zu einer Kirchen ge⸗

154 1918 1401 104 anet, und denen Geiſtlichen auch anderen Dieneren GOttes zu einer

155 1958 376 87 Wohnung worden.

269 2019 1280 101 Weil dann er Dionylius ſahe, daß ſein Muͤhe und Arbeit durch

154 2069 1395 105 Aitwuͤrckung der Gnad GOttes, ſowohl verfeng, und der in Beſu⸗

154 2124 1395 116 Cang ſo vieler herꝛlichen Staͤdt ansgeworffene Saamen reichuich aut⸗

901 2196 78 80 5.

1413 2205 135 97 giens,
