1978 2545
370 347 1419 91 Von Abwechslung deren Moͤnchen, und Canoni-

516 419 1140 85 corum in Regierung des Biſtumbs Regenſpurg.

391 520 1398 72 rAy voriger Anmerckung habe ich gemeldet, was unſer Arnoldus von der Lebens⸗

379 571 1412 63 IcU Art deren Maͤnchen in St. Emmeram erzehlet. Er meldet auch, wie ſelbe

376 617 1413 63 mit denen Canonicis, in Negierung des Biſtumds Regenſpurg, abgewechslet haben.

376 661 1412 60 Ceine Wort ſennd ſolgende: (a) IIn hujus Epiſcopatn (Ratisbonenſi) Mo-

379 704 1412 56 nachi atque Canonici viciſlim ſibi ſuccedebant, ita, ut ſi Anteceſlor eſlet

376 745 1413 56 Canonicus, ſieret Succeſlor Monachus, & iterum huic Anteceſlori ſucce-

374 791 1414 71 deret Canonicus.) In dem Regenſpurgeriſchen Biſtumb ware An⸗

377 849 1412 61 fangs dieſer Brauch, daß die Canonici mir denen Woͤnchen in

374 893 1414 69 defſen Regierung abwechsleten. Auf einen Canonicum folgte ein

374 950 1412 60 THonch, und auf die ſen wiederum ein Canonicus. Hec conſuetudo

373 992 1412 68 urque ad noſtra permanſit tempora. Und dieſe Gewohnheir dauerte biß

370 1042 1416 72 auf die Jeiten F. Wolfgangi. Der Biſchoͤfliche Sis ware bey St.

372 1097 1413 69 Emmeram biß auf die deiten Caroli Magni, Sc. qui hane reſtitir

372 1146 844 58 in civitatem ubi prius erat. Alſo Arnoldus.

490 1191 1295 61 Das Wort CANONICI wurde verſchiedentlich gebrancht. Anfangs nennte

372 1231 1410 59 man Canonicos, alle Prieſter und Clericos, die der Matrieul, vder Canoni

373 1272 1415 59 einer Kirchen einverleibt waren, mithin die Stipendia und Ausrheilungen deren

370 1314 1409 61 Gaben von ſolcher Kirchen zu empfangen hatten. Jene, ſo den denen Hoͤffen und

372 1361 1406 57 Koͤnigen, oder Fuͤrſten ſich aufhielten, wurden keine Canonici benatunſet; dann

369 1399 1405 65 ſie genuͤſſeten ihren Unterhalt von ihrem Koͤnig oder Herrn. Auch die Minores

370 1444 1404 60 Clerici, Lectores, &c. hatten dieſen Rahmen Canonici. Der Biſchoff ſorgte

369 1488 1405 60 vor diejenige, welche der Haupt⸗Kirchen zugeſellet waren; dieſen gabe er verſchie⸗

374 1532 1100 55 dene Einkuͤnfften ans denen Aeckern und Gaͤtern der Kirchen. (b)

490 1570 1287 54 Zu denen Zeiten Pipini und CAROLIMAGNT wurden CANONTUT be⸗

370 1607 1404 62 nahmſer, welche nach der Regel Crodogangi Mettenſiſchen Biſchoffens, (die er aus

367 1652 1407 60 denen Canonibus fuͤr ſeinen Clero zuſamm geſchrieben,) lebten. (e) Carolus

369 1693 1401 67 Magnus, und deſſen Sohn Ludoricus, beeyfferten ſich ſehr, nit nur die Cloͤ⸗

367 1739 1403 62 Lerliche Diſciplin deren Moͤnchen, ſondern auch die Lebens⸗Art des Cleri zu ver⸗

366 1780 1402 73 deſſern, dahero in dem Concilio zn Achen Anno 799. (d) denen Clericis das

1639 1822 131 74 gemein

895 227 392 76 -12 (0) 829-

396 1979 1296 57 c2 Arnold. vide Darnage Antiquarum Icetionum Henriei Caniſii tom. 171. pag. 122.

394 2007 1378 68 (H) Thomatlinus de vereri & nova Dilciplina ciren Benekicin & Beneſiciarios. varts L. lib.

435 2055 157 48 2. cap. 8.

410 2086 676 54 e) Idem part. L. lb. 2. cap. 9. num. 2. K9.

394 2112 1373 68 (a) Idem. zbid. vide eruam cspirulere Auͤ granenle earic. ra. & 72. ton. IX. Coneil

423 2157 469 72 Nicolai Folrni ad arnun 129.
