1566 2270
107 80 79 57 722

628 80 336 75 18 (0 2eꝛ

90 127 1391 87 im XXL Capitel. Durch ſein gut angeſtellte Hauß⸗Wirthſchafft, und

94 177 1381 86 geſparſames Cloͤſterliches Leben, bemuͤhete er ſich den groſſen Schul

89 230 1388 84 den⸗Laſt, welcher in den vergangenen Krieg, und durch hefftigt

88 283 1392 80 Brunſt dem Cloſter auferladen worden, zu verringern, wie er dann

87 327 1385 84 ein groſſe Summam abbezahlet hat, worzu die Gutthaͤter und Vereh

90 377 1380 83 rer des heiligen Emmerami vieles bengetragen Er erneuerte die hin

88 419 1385 101 und wider ſchadhafft befundene Gebaͤn zu Lautterbach, Hainſpach.

93 476 927 73 Inning, Schambach, und anderen Orthen.

222 524 1246 85 Er ware ein beſonderer Eyfferer vor die Wiſſenſchafften, dahere

87 571 1379 88 er theils durch ſtarcke maͤchtige Patronen, theils durch gute Haußhal

88 622 1382 82 tung, verſchiedener ſeiner Religioſen einige nach Rom, andere nac

92 667 1370 102 Soltburs⸗ Dilingen⸗ Ingolſtart, um allda denen Wiſſenſchaffte

87 716 461 74 obzuligen geſchicket hat.

218 762 1249 87 Er glaudte aber vor allen, das Ambt eines Abbtens keineswees

88 815 1370 85 zu erfuͤllen, wann er nit vor allen auf die Cloͤſterliche Diſlciplin all

92 862 1369 86 Sorg wendete. Dahero er ſelbſten ſeine Anordnungen zu Erhalt⸗ un

88 911 1370 89 Befoͤrderung der Diſciplin ſchrifftlich aufgezeichnet, und ſorgfaͤltig dat

87 960 1365 87 ob gehalten. Er vermehrte die Anahl deren Religiolen, und, da A

90 1012 1364 82 kangs ſeiner Regierung nur 12. in dem Cloſter waren, befindeten ſi⸗

89 1063 1355 79 bey der Wahl ſeines Herrn Succeſſloris wurcklich 28. RR. Patress

89 1111 1369 76 gegen. Unter anderen Befelchen, welche er R. P. Hieronymo nas

87 1156 1367 86 Rom mitgegeben, ware auch dieſer, daß er trachten ſolte, daß Ceil

92 1205 1361 82 Paͤbſtliche Heiligkeit gernhen moͤchten, eine Viſitationem des Fioſter

97 1254 1345 84 S. Emmerami vornehmen zu laſſen, um ſowohl den Geiſt⸗ als zeitt

88 1302 1327 83 chen Zuſtand deſſelben einzuſehen, welches auch Alerander VIL Roͤ

90 1350 1322 83 ſcher Pabſt, dem damahlig Paͤbſtlichen Nuncio an Kayſerlichen.H

89 1398 1319 88 Scipioni Archi-Epiſcopo Pilano aufgetragen, daß er bey Gelegen

85 1447 1325 85 der nach Regenſpurg zum Reichs⸗Tag, anzuſtellenden Reiß, das &

87 1500 1323 76 ſter S. Emmerami vilitiren ſolte. Da aber indeſſen Scipio den E

89 1546 1294 80 dinals⸗ Huth bekommen und nach Rom verreiſet, iſt ſolches unte.

83 1592 1370 84 den, biß Anno 1670. im Monath May Rdͤlsus Preſes und Viſitato

90 1643 1334 83 der Schwaͤbiſchen Benedictiner Congregation, mit welcher das e

87 1689 1367 86 ſter S. Emmerami Anno 1666. ſich vereiniget, ſolche Viliration vo.

85 1741 1069 82 genommen, wie der Receſſus in Originali es bezenget.

218 1789 1244 78 Indeme durch das allgemeine Tridentiniſche Conciltum Seu

83 1831 1361 87 XXV. de Regularibus Cap. VIII. denen Cloͤſtern und Aebbten autgt

82 1885 1374 102 iaen nntbeL⸗ Lep in derniniden, and ard nnſche Epinle Eeoe;

1422 1932 31 55 .
