1940 2440
386 189 95 61 212

896 191 386 66 n&AS CO) EM

383 237 1388 82 werde er benoͤthigt, ſelben mit Gewalt zu holen. Ceye auch de ſaco

380 296 1382 74 dem HHertzog in Bayrn die Ezecution anbefohlen. Welches die um

379 345 1377 76 ligende vom Adel, denen ſchon aufzuſitzen befohlen worden, bekraͤfftt

376 397 1317 76 get. Die Stadt muͤſte dle Bayriſche Macht foͤrchren, und den

1706 395 46 64 e

371 445 1391 78 ſpect gegen Koͤnig Ferdinand tragen. Entſchueſſen derentwegen den

374 497 1362 76 Moͤnch bey der Nacht hinaus zubringen, und wendeten damit die a

372 546 482 76 getrohete Gefahr ab

1834 608 70 67 allen

496 643 1256 82 NB. Unter die Ecidentia muß auch bilich alhero geſeter werden, wos ꝛ

370 696 1380 69 P. Chriſtophorus Hofkmann, in ſeiner Hiſtorie de Evilc. Ratisb. & Abba

1843 706 17 46 e

371 740 1327 76 tibus ad S. Emmeramum auf das 1531. Jahr, wo er noch gelebt, eri⸗

1723 740 23 53 ,

370 786 1327 69 Wie nemlichen die Herren von Regenſpurg Anno 1551. vor aller Heiligen 5

368 826 1374 74 Aobten Ambrohium geſchickt, mit Bitte und Erianonuz, daß ſie von unſe

371 872 1376 74 Bronnen an der Groͤde mittls eines Rohrs, das Wager in das Vruder⸗ Her

370 923 1320 65 hinab leithen koͤnten, ſo auch Abbt Ambroſius erlanbt, jedoch, damit die

1695 921 43 60 52

367 966 1342 64 ren von Regenipurg kein Recht zu ſolchen Bronnen dehaupten koͤnten, kat et

366 1007 1339 61 Unkoſten darzn ſelbſten beſtruten. Die Wort Chriſtophori Hodmanni ſernd

366 1055 1336 59 gende ꝛc. (Eodem Anno MDXXXI. paulo antc Omnium Sanctorum

361 1092 1345 71 itum, Conſules Ratisbonenſes Dominum Abbatem Ambroſium reqnit

367 1140 1349 65 runt pro amicabili conſenſu luper gnadam fontis, ſive Canne (Cann

364 1180 1330 63 traductione in porta junta Cretam Eccleſie S. Emmerami anneXam i1

364 1221 1334 62 mum ſive Xenadocium Fratrum Veteranorum (quod vocant, adì

364 1264 1345 67 Conlules Pleno jure pertinentium. Quam quidem traductionem um

366 1305 1331 68 bus & impenſis dicte Urbis Ratisbon. ad pranominatum volebant tri

363 1350 1326 69 cere locum. Enimvero D. Abbas prorida prospiciens cautela ver.

360 1396 1312 69 ne Conſules, ſi id ſunis, kive Ciritatis prœfatz entruerent ſuamr

363 1440 1330 67 & impenlis, hujus fonticuli ſinorem deinceps ad ſe pertinere vertina

366 1478 1315 74 deſenſarent, rem iplam, & laborem ad nutum & voluntatem Dicte

366 1522 1319 78 Conlulum Monaſterii S. Emmerami impenſis perhcere malnit, per.

364 1573 475 60 gne. Anno, guo lupra.

479 1644 1165 82 Es findet ſich auch in denen Actis, daß die Herren Regenſpurger

360 1694 1266 70 dem Cloſter die Erinnerung gethan, wie der Herr Thummer, ſo in den

368 1740 1273 72 Hol, (anjetzo Frenſinger Hof) wohnte, in der Stille nach dieſen Waſſer:

367 1783 678 70 dabr, um ſolches mn ſrinen Hof ꝛn lrurn.

871 1899 425 80 HSbS. 26 5E

997 1954 158 68 ꝛidE

1601 2079 139 114 Zuſaͤl
