1934 2551
35 283 61 58 wi⸗

29 331 73 64 der⸗

38 385 58 68 iot-

51 433 42 57 er.

52 487 47 62 la

52 531 40 69 uf⸗

794 243 43 80 3

917 245 40 62 0

971 246 18 68 )

1015 246 44 72 2.

1546 260 87 48 202

357 294 1282 90 Es ſeyerten Anno 882. aber die Nend⸗Haͤls nit, ſonder lagen

232 348 1404 89 continuirlich Ludorico in den Ohren, er ſoll ſeinem Sohn nit trauen,

226 402 1413 84 ſange neue Haͤndel in Kaͤrndten an, der Vatter ſtehe nit ſicher. Ln-

229 456 1408 78 ſoricus vermeynt alles wahr zu ſeyn, erzuͤrnt ſich aͤber Caroloman-

229 501 1405 85 zum, declarirt ihme ungehoͤrter, Reum Criminis lulæ Majeſtatis,

231 552 1406 90 ntrſetzt ihn ſeiner Verwalrung, und macht ihn unfaͤhig zu kuͤnfftiger

259 610 1380 78 legierung. Es war noch nit genug, ſonder nahme ſein Kriegs⸗

245 659 1394 83 Soick, und, als wann er wider Rasla ein Zug thun wolt, gieng er ge⸗

232 691 102 75 raden

355 712 1284 77 Weeg wider ſeinen Sohn. Carolomannus muͤſte ſehen, daß

241 739 41 65 le

299 763 1341 81 kaug ihm gegoſſen waͤre, zweifflete, ob er ſeines Vatters Zorn

236 812 1400 85 dehen, oder ſich zur Gegenwehr richten ſol, beſchlieſt, auf ſein Un⸗

238 843 93 78 chulo

343 868 1297 80 ſich verlaſſend, dieſelbe werd bey dem Vatter Plat finden, wot⸗

284 915 1353 86 eck ſich vor ihme ſtelen. Man berichtet ihne, der Zorn ſey zu groß⸗

287 969 1354 79 arffte ſein Leben koſten; reririrt ſich deswegen in Karndten, und

232 993 99 81 zellet

344 1024 1299 75 ſich mit dem Land⸗Volck in ein Delenhion: Graff Gundacker

246 1070 1391 80 ste Hbriſter ſeyn, und den Einfall verhuͤten, wurd aber von Ludorico mit

249 1098 77 76 deld

337 1123 1306 77 deſtochen, gab ihm freyen Paß; ſiotzte mit ſeinem Volck zu des

250 1170 1393 88 Aͤdoriei Armee, und machte wider die gegebene Pfiicht ſeinen Herrn

279 1221 1362 82 ehr⸗ und HHaͤlffloß. Carolomannus erhielt gleichwohl durch aute

243 1269 1397 92 sreund ſicher Gelait fuͤr ſeinen Vatter zu kommen, und ſein Unſchuld

290 1326 1347 85 utragen, die dann in folgenden Anbringen beſtunde: Ein groſſe

311 1377 1326 84 ehung iſt dem menſchlichen Geſchlecht geſchehen, daß die bloſſe

250 1424 1387 81 ndag und Aufſailung der Laſter niemand ſchuldig macht. Der un⸗

248 1469 1388 92 nduache GOtt hat mir in dieſen wohl gewoͤllt, daß er mir einen Rich⸗

300 1520 1339 97 zeden, der gerecht in ſeinem Amt, weiß im Nachforſchen, und Ge⸗

248 1554 80 77 lts

341 1578 1298 92 halbder den ſchaͤrffiſten und guͤtigiſten Vatter, ich haͤrte Scheuh

238 1625 1401 92 Anraden, Vatter, vor ſemem Richterſtuhl zu erſcheinen, wann mich

239 1651 48 61 ur

316 1683 1323 84 hender mein Unſchuld ablolvirt haͤrte, als ſeine Augen mich ge⸗

235 1697 95 75 ehen

238 1748 157 95 zetranen

394 1738 1243 78 Ich ſihe zwar keine Klaͤger, verwundere mich aber nit, ſie

236 1801 70 71 ꝛon

406 1792 1233 81 mit ihrer Sport⸗Klag nit aufzuziehen; ich wuſte nichts da⸗

347 1840 1293 84 wann nit das Geſchreo und neue Kriegs⸗ Verfaſfung mr zeige⸗

334 1886 1306 92 s muß ein ſchwaͤhre Sach ſeyn, welche einen ſo uedreichen Vat⸗

310 1935 1329 94 pider ſeinen Sohn, der doch nit einmahl daruͤder gehoͤrt iſt wor⸗

248 1954 49 66 en

337 1985 1299 98 ſu ſolcher Rclolurion bewegt hat. Wann ich recht vernommen,

299 2037 1341 95 znmen die Imicht voriges Jahr berfuͤr. Sonſten haben zu meinen

236 2052 190 100 Antergang

241 2131 1396 111 zàs neuts vorhanden ſeyn, wil ichs dern vernemmen, und leucht wi⸗

440 2097 1197 85 meine Feind nichts anders erdichten koͤnnen. Soul dann

954 2216 79 85 Ee

1447 2212 189 82 derlegen.

65 823 24 41 1

49 1156 44 52 tit

43 1403 40 56 ne

49 1716 31 41 1,

34 1808 43 52 nl

32 1904 48 54 die
