1571 2270
614 124 40 55 erd

670 121 326 71 28 (0) Lbe-

1423 121 64 63 56,

121 172 1369 71 heim genommen. Er bekame den 19. Decembris 1775. einen Coadu-

122 225 1368 65 corem des Biſtums Regenſpurg, nemlichen Tirl. Tirl. Cementem

118 273 1369 66 Auguſtum, Hertzogen in Bayrn, Marimibiani Emmanuelis Chur⸗

119 315 1371 73 Fuͤrſten und Hertzogens in Bayrn Sohn, welcher aldann den 16⸗

117 359 1371 81 Mertz Anno 1776. das Biſtum Regenſpurg voͤllig bekommen, maſſen,

114 412 1377 73 bermoͤg der Paͤyſtlichen Bullæ ein Biſtum von ſoſepho Cemente

113 457 1377 68 Chur⸗FFuͤrſten zu Coͤlln hat muͤſſen abgetretten werden. Dieſer kbr⸗

111 508 1376 68 krefliche Chur⸗ Fuͤrſt ſoſephus Cemens Hertzog in Bayrn hinterlieſfe

111 553 1375 72 der Regenſpurgeriſchen Domb⸗ Lirchen ein ſchoͤnes Angedencken, in⸗

107 604 1378 66 deme derſelbe den koſtbaren Altar S. ſoſephi, nebſt den ſchoͤnen Ta-

105 649 1377 69 bernacul darauf, hat machen laſſen. Waͤhrender Zeit, da ſoſephur

103 696 1378 75 Clemens Chur⸗Fuͤͤrſt, und zugleich Biſchoff zu Regenſpurg, in Franck⸗

103 747 1378 72 reich ſich aufgehalten, iſt von dem allhieſigen Hoch⸗ Stifft die ſchon

104 797 1368 71 von langer Zeit dem Haus Bayrn verſetzte HHerſchafft Donauſtauft

104 846 571 63 wiederum ausgeloͤſet worden.

234 892 1248 70 Den 1. Septembris 1715. ſtarbe Ludovicus XIV. Koͤnig in

102 940 1378 68 Franckreich, welchem Ludovicus XV. in der Regierung folate.

103 988 1372 77 Weilen er aber noch minderjaͤhrig, ſo regierte indeſſen Phihpp Hertzog

103 1042 269 67 von Orleans.

233 1088 1245 70 Den 9. Octobris 1715. verlieſſe dieſes Zeitliche Tirl. Albreche

94 1137 1382 68 Ernſt Graf von Warttenberg ꝛc. ꝛc. Biſchoff zu Laodicœa, Suttra-

97 1185 1376 71 ganeus Ratisbonenl. &c. Auf dieſen folgte in dreſer Wuͤrde, Titl.

95 1232 1377 70 Godetridus Langwertus de Simmern &c. Src. Canonicus Eccleſia

93 1277 1378 77 Cathedralis Ratisbonenlis, welcher Anno 1717. Epilcopus Teutra-

92 1326 1039 73 ni und Suttraganeus Ratisbon. conſecriret worden.

220 1377 1251 72 Anno 1715. geſchahe dey S. Paul allbier, oder bey denen Her⸗

90 1426 1380 69 ren PP. Societatis IESU, der Anfang zur Renovation des GOttes⸗

94 1475 1373 74 Dauß allda, welches nach zwey Jahren in dieſen noch Sehens⸗wuͤr⸗

92 1523 639 74 digen Stand hergeſtellet worden.

222 1577 1245 62 Anno 1776. wurde von gleich ſetzt gedachten RR. DD. Patri-

90 1623 1372 74 bus Socieratis (ESU bey S. Paul allhier, das Jus Canonicum zu doci-

92 1665 311 80 ren angetangen.

219 1713 1240 80 Da den 15. April 1716. der Kayſerliche Printz Leopoldus,

95 1761 1370 81 ſoannes, ſoſephus, gebohren worden, als hat Titl. Titl. Fuͤrſt von

97 1816 1369 76 Loͤwenſtein, Kayſerlicher Principal⸗Commillarius auf den Reichs⸗

118 1866 1348 77 Cag allhier zu Regenſpurg ꝛc. den 26. April Abends um z. Uhr ein

98 1919 1364 87 olennes Le DElA Laedanes in unſerer Stiffis⸗Kirchen S. Emmera-

719 1963 190 80 Bbbb;

1399 1974 64 65 mt
