1566 2270
122 60 91 68 772

784 70 220 77 2) Pa

251 118 1239 82 Der Chur⸗ Fuͤrſt Marimilign hat in dem Zullio Ein Reis na

117 167 1372 86 cher Wienn fortgeſetzet, und zallda mit Kayſers Ferdinandi. I. Fraͤull

123 215 1366 88 Tochtern und Koͤniglichen Printzetin Maria Anna, Hochzeit gemacht,

113 267 1222 89 mit geziemender Solennitaͤt und deeder HHaͤuſer groſſer Freud.

254 314 1231 94 Anno 1626. geſlele zwar bielen im Reich der Prageriſche Fne,

111 359 1372 95 den⸗Schiuß, vermeinten, aber,ꝛer mutte von gnswendigen Crone,

111 409 1374 90 auch approbiret werden.. Wril ſelbe preteritet wurden, geſchahet

109 464 1369 79 wieder grofſe Kriegs⸗Pruparatoria, und gab dis Jahr wieder pie

107 506 1369 99 Bint⸗ Vergieſſens deederſeyts.. Doch hoͤrten die Catholiſche wasMe

105 553 212 76 ſer Giuick.

227 586 1239 111 Dis HZabr betans Rezenſpurswieder ein,nenen commerdel

103 657 1312 85 ten, als FLiclas Herman von Midrumb,⸗ deraber wegen, bau,

108 704 1312 84 ger Geſundheit, und ubler Leibs⸗ Dilpolition von Ihrer Mait

102 750 1354 89 dem damahligen Kayſer Anno 1629. ſeiner Charge entlafſen worden

238 800 1218 91 Den 10. Julil kam allihero Kayſer Ferdinand zu dem ausgeſchr.

99 849 1305 91 denen Chur⸗ Fuͤrſten⸗ Tag. Zwey Tao hernach erſchiene ana

100 895 1304 89 Chur⸗Fuͤrſt Mazimitian mit ſeiner ſchon rob ſchwangeren, Gema

98 944 1305 87 deſſen ſich der Kayſer hoch erfreuet. Noch mehr, da ſie an St. D

99 995 1287 88 gangs⸗ Tag gluͤcklich auf die Welt gebohren den Durchlaͤuchti

104 1045 1337 84 Fuͤrſten und Herm, Herm Ferdinand Maria Franciſcum Ignatio

100 1085 1337 97 Voltgangum, hinnach regierend Chur⸗ und Land⸗ Fuͤrſten, well

94 1140 1319 87 nach fuͤnff und zwaintzig⸗ ſaͤhriger Regierung den 26. May 1612

93 1186 1315 90 Dero Luſt⸗Haus zu Schleißheim todtes verdlichen, und den Nat

93 1238 1321 87 Paciſici, oder friedſamen, Chur⸗Fuͤrſten hinterlaſſen. GOtt ver

97 1285 1312 90 Sr. Churfuͤrſtlichen Durchlaͤucht die ewige Ruhe, und an jenem9

92 1332 719 76 ten Tag eine froͤhliche Auferſtehung

230 1384 1156 86 Der Kaoſer erwarrhete der Chur⸗Fuͤrſten Ankunfft. Za

89 1426 1319 91 des Oetobers erſchiene althie ſein Herr Sohn Ferdinand, Koͤnis

87 1471 1289 97 Ungarn und Boͤhm. Die Chur⸗Fuͤrſten, Mayntz und Coͤlln. 1

90 1525 1293 90 Saͤchſiſche, und Brandenburgiſche Legari. Trier wurde wedei

87 1572 1289 92 ruffen, noch admirtiret. Der Chut⸗Faͤrſt Marimitian. kam, t

1420 1582 32 47 ei

88 1624 1331 82 von Munchen den 20. December⸗ Den 22. erwaͤhlten ſie ſammel

84 1668 1374 87 uch in dem Domd⸗ Stifft allhie zun Roͤmiſchen Koͤnig Ferdioandag

84 1717 1365 102 A. deme man den 20. hernach mit hoͤchſter Solennitaͤt die Eron altr

82 1760 152 83 seſrtet,

218 1784 1201 117 An ſden aatt⸗dag talr er dts Zordnung zeslat, sat.

79 1852 1286 115 anſer hebin Fraren Kirchlein ꝛu Drchberten, ein halbe Stunt

1324 1913 84 94 pteſ
