1991 2551
809 238 23 73 8

1015 240 110 78 zèB-

1568 256 47 65 6,

209 287 1417 97 Cilalbert biettet an ſeine Dienſt, ſchlagt vor ein wunderlichen Eiſt,

205 347 1418 85 nemlich er wolle ſich ſtellen, als wurde er ſeinem allergnaͤdigiſten Kay⸗

208 396 1415 88 ſer meineydig, und wollte ihne den Feind verrarhen, dann ſein Zu⸗

207 446 1415 85 ſiucht bey ſeinem Vettern Ebulone, Abbten bey S. Dionys ſuchen,

205 503 1417 83 und durch ihne bey ſeinem Convent erwerben, auf daß er allda in dem

204 547 1422 90 beiligen Orden, als einer von der Welt Verworffener aufgenommen

204 596 1415 91 wurde; und dieſes aber deſto leichter zu erhalten, ware noͤthig, daßz

204 649 1418 85 ſeine Majeſtaͤt kemn Geld ſparreten, dann er muſte mit Geld, Kleino⸗

204 698 1419 89 dien, und Zieraten den heiligen Dionvhium begaben, wordurch er

204 749 1412 85 den rechten Orth und Behaltnuß (der ſonſten niemand gezeiat werde,)

207 803 1413 84 erfahren, und den heiligen Leib mt Augen ſehen, alſo auch ſein Vor⸗

202 851 1417 92 baben deſto ſicherer werckſtellig machen kunte, welches dann mit des

202 901 512 79 Kayſers Gunſt geſchehen.

328 955 1288 86 Cilaldert wegen unterfangenen falſchen, doch nur erdichten Brie⸗

199 1003 1416 89 fen an den Feind, wird fuͤͤr einen Verraͤrher bey Hof und gantzen Kay⸗

201 1055 1414 90 ſerlichen Kriegs⸗ Heer ausgeſchryen, und als ob es aus Gnaden ge⸗

199 1104 1414 86 ſchehe, vom Kayſer bloß ins Elend geiagt, der ſonſten, wann er

207 1156 1402 86 ucht Geiſtlich geweſt, haͤrte ſollen das Leden laſſen: kommt nach Pa⸗

199 1204 1414 94 ris in obgemeldtes S. Dionyſii- Cloſter, ſtellte ſich, als ware er von

201 1257 1412 87 SOtt in diſen Orth und Orden beruffen, verſpricht gegen ſeiner Auf⸗

195 1308 1420 93 namm, dem Cloſter, zuforderiſt aber S. Dionykio groſſe Schaͤt; er⸗

192 1357 1420 94 halt diſes, und was noch mehr, wegen der mitgebrachten koͤſtlichen

190 1404 1419 91 Kleinodien ſo viel, daß ihme nicht allein die rechte Behaltnuß S. Dio-

188 1451 1420 99 ny lii, ſonder der heilige Leib ſelbſt vertraut, und gezeigt wurde, den

191 1503 1415 98 er dann andaͤchtig verehrt, und anſehnlich mit den Klemnodien geziert,

190 1550 1418 105 hiette darauf allen Cloſter⸗Leuthen ein koſtbare Collation, und da

191 1602 1414 105 nemand was doͤſes traumte, macht ſich Gilaldert bey eitler Nacht in

195 1656 1408 101 die Airchen, eroͤffnet durch mitgenommenen Werckzeug alle Schloͤſ⸗

191 1692 72 68 ſer,

290 1720 1315 91 entfuͤhrt den Leib, und dringt ihn vermittels der Poſt ſelde Nacht

190 1750 92 62 noch

293 1765 1306 94 Arnolpho ins Laͤger. Niemand war freudiger als der Kayſer,

192 1792 196 81 doch viſer

191 1846 135 74 derrun

399 1822 1204 84 Schatz beſſer zu verſichern, ſchickt er mit denſelben Gilal-

348 1869 1255 86 ſamt dem Tag ins Teutſchland, behielte von dem heiliaen

192 1910 1417 103 Dedeinern mehr nicht dey ſich, aufſer ein einiges Bein der rechten-

192 1961 1410 105 Hand, vor welches er hernach das koſtbare Evangeli⸗Buch empfan⸗

190 2005 80 64 Zen.

304 2022 1298 91 Wie er, der Kanſer, wieder aus Franckreich kommen, hat er mehr⸗

194 2064 1407 104 tnannten heiliaen Diony Eium mit groſſer Andacht verehrt, aller Or⸗

194 2114 1405 116 den mit ſch gefaͤhrt, und endlich, als Eem Sterd⸗ Stuͤndlein herzu na⸗

1491 2205 105 71 hete,
