1571 2270
620 118 47 59 as

702 116 39 60 2

762 118 147 64 (0),

1417 118 89 54 788

136 162 1376 72 Kayſerlichen Principal- Commiſlari, ſuccedirte Tidl. Tir. Aerander

136 215 854 67 Ferdinandus Fuͤrſt von Thurn und Taris.

264 264 1243 67 Unter dieſer Zeit iſt das dritte Gaden oder Stockwerck auf die

132 310 1372 68 bisherige Reſidenz deren Titl. Kayſerlichen HHrn. Hrn. Principal-

132 356 1369 70 Commiſfarien in unſerem Stifft aufgeſetzet, und Anno 1722. im Mo⸗

126 408 1376 67 nath ſulio der Thurn am Ende dieſes Gebaͤu, gegen Mittag aufge⸗

123 455 1379 62 fuͤhret worden. Dieſes Jahr haben die Maͤuſe in denen Feideren ſehr

122 504 1377 59 groſſen Schaden verurſachet, wie man dann die groſſe Maͤnge deren

119 551 1378 64 von ihnen in die Loͤcher gezohenen Getrayd⸗Aehern haͤuffig gefunden.

249 600 1245 62 Anno 1722. den 12. Octobris celebrirten allhier die HHerren Lu⸗

118 648 1376 62 theraner das Jubilœum, oder zweyte Sœculum, der von der Stade

116 694 1372 66 Regenſpurg angenommenen ſo genannten Reformation. Die Feſti-

117 745 1374 65 vitaͤt dauerte z. Tag lang. NB. Dieſes Jubel⸗Feſt gienge nur die

114 790 1372 62 Stadt Regenſpurg an, welche Anno 1522. ihre vorige beſtaͤndige Re-

112 843 1376 63 ligion veraͤnderet hat; dann das Jubel⸗ Feſt, ſo ſie den 22. ſunii

114 889 1369 63 1720. begangen, wurde gehalten wegen der von Martino Luthero

109 937 1373 68 neu⸗gepredigten Lehre, zu welcher ſie hinnach Anno 1522. ſich erklaͤret.

241 981 1240 69 Damit ein beſſerer Zuſammenhang der Hiſtorie ſeye, als habe

107 1030 1374 69 ich die zu verſchiedenen Zeiten von 1727. bis 1720. ſich anbegebene

103 1079 1374 66 Incidentia allhero nacheinander ſetzen wollen. Nach geſchloſſenen Wien⸗

102 1126 1374 74 ner⸗und .Hannoberiſchen Tractaten hatte es Anno 1727. das Anſehen, datt

102 1177 1373 65 der Krieg zwiſchen denen Wienneriſchen Tractats-Alliirten, und denen Al-

100 1222 1375 65 liirten der HHannover⸗Tractaten entſtehen wurde. Die GSpanier fang⸗

97 1269 1378 74 ten an, giengen vor Gibraltar, Carl der VI. hatte Anſtand Theit

95 1319 1376 72 darann zu nehmen. Unter dieſen Zeiten wurden einige Friedens⸗Prœ-

93 1368 1377 70 liminaria abgeredet, und Carl der Sechſte erklaͤrte ſich die Oſtendi⸗

95 1422 1373 67 ſche Commercie-Compagnie ſieben Jahr lang beruhen zu laſſen. Die

94 1467 1369 69 Prœliminaria wurden hernach von Spanien unterzeichnet, ein allge⸗

93 1514 1373 77 meiner Friedens⸗Congreſs das folgende Fahr darauf nacher Aachen

94 1561 1369 82 angeordnet, welcher aber auf Verlangen des Frantzoͤſiſchen Miniſters

131 1614 1328 74 Cardinals Fleury) zu Soiſlons angeſtellet worden, aber ohne ein⸗

95 1662 1364 77 tigen Frucht. Franckreich, Spanien, Engelland ſchlieſſeten Anno

94 1713 1365 73 1729. den beruͤhmten Sevilianiſchen Tractat, welcher Carolo VI. nicht

92 1759 1366 83 Sefiele; dann vermoͤg dieſes Tractats Don Carlos mit 600o. Mann

97 1802 1357 88 Spaniſchen Tronppen in dem Hertzogthum Toſcana &c. eingeſetzet

92 1855 1357 82 ſollte werden ꝛc. ꝛc. ꝛc. Der Kayſer lieſſe einige Trouppes in Welſch⸗

93 1906 1361 96 and einrucken. Schloſſe nit engeland ein nenen Tractar, Kroſtt

691 1968 165 87 Eree ꝛ

1327 1947 124 74 deſſen
