1940 2440
401 201 91 79 222

913 206 30 46 ur

966 200 327 73 i8 (0) Eꝛt-

605 254 693 71 DDie Mer den Fuden gfiel nit wol

607 307 679 69 Ir aller Herz was Trawrens vol

650 359 784 69 Bey Leib vnd Leden thet man in ſagen

654 406 688 69 Daß ſie allſambt in Syben Tagen

604 458 744 69 Regenſpurg die Stat verlaſſen ſolten

607 509 743 61 Vnd nemen mit inen was ſie wolten

652 559 654 64 Als ir Gut hat man in gelaſſen

657 603 813 74 Vnd hats belaydt bys auff die Straſſen

603 653 758 69 Do fiengens allſambt an zw ſchreyen

600 704 780 68 Laſt vnns vmb Gottes Willen bleiben

649 753 675 69 Gold vnd Sylber wir euch geben

648 810 587 52 Oder laſt vnns gar nit leben

600 852 626 65 Jamer vnd Not waren ſie voll

599 902 606 68 Sve ſahen allſam werens doll

645 958 659 62 Emer ſprach ich ließ mich henken

648 1004 755 68 Der annder laſt vnns gar ertrencken

604 1049 742 72 Soͤlch Vateyl die Zuden ſelbs theten

595 1100 673 69 Es verdroß fie auch daß ſie lebten

641 1150 772 71 Etlicher wolt groß Schanck her reken

645 1201 668 67 Erlicher mit Trauwort erſchreken

597 1245 713 72 Das was doch alles ſambt vmſonſt

593 1297 713 73 Es halff ſie weder Gelt noch Kunſt

639 1347 690 76 Zuhandt man die Synagog zerritz

645 1404 668 65 Vor Laydt mancher in die Hoſen

595 1446 760 74 Ir Heylthumb ſelbs heraus ſie namen

592 1500 739 68 Mit laydigem Gſang, darein kamen

530 1548 71 62 S.

634 1549 735 70 Nachmals theten ſie ſich weg ruͤſten

646 1596 789 78 Des frewten ſich die frummen Chriſten

589 1642 673 79 Sye treten ſich all auß der Stat

587 1694 687 68 Auff klauben mags ders gern hat

633 1743 699 77 Die Synagog wardt dald zerſtoͤrt

629 1793 610 77 Die ſchoͤn Maria darinn geert

581 1843 716 73 Ein Capell pawt man an die Stat

582 1896 593 70 Darvon ir oben gehoͤrt habt.

523 1938 55 64 S-

630 1942 671 76 All Gach beſchreiben ich nit mag

630 1988 679 98 Nur was im erſten Anfang olag)
