1554 2270
672 116 45 63 ucs

853 118 207 63 6) E2za

1461 131 66 35 121

170 216 1366 69 Eremtion, anzufuͤhren nicht umgehen, was maſſen HHoͤchſtr ermeldte

300 157 1236 76 Ich kan auch dis Orrhs wegen meines mir anvertrauten Cloſters

172 266 1363 64 Sr. Eminenz mit nicht geringen Zuthuen und Einrathen eines, dero

172 310 1352 68 Weſtphaͤliſchen mit ſich herauf gebraucht, und ad Conſiia genom

169 358 1350 68 menen, nunmehr auch todt verblichenen Caplans, und eines dero welt

166 403 1347 71 lichen Miniſter (wie ich es von gewiſſen glaubwuͤrdig⸗ auch dieſer Se

167 452 1354 66 chen wohl wiſſenden Perſohnen vernommen) erwente Exemnprion mit

162 500 1364 66 tels einer Anno ꝛ667. vorgehabten Viſitation angefochten, welche ſon⸗

160 549 1375 63 ſten dieſem Cloſter wegen deren Heitigen daſelbſt ruhend⸗ des gantzen

161 599 1375 56 Biſtums Patronen ſehr und gnaͤdigiſt afkectioniret waren. Man kun⸗

156 648 1377 62 te aber à parte des Cloſters nicht anderſt, als omni modo die Privi-

156 691 1379 70 legia, und alte HHerkommen Hand zu haben, und ſich zu verwahren.

153 742 1379 66 In dieſem Vorhaben ſeynd Se. Eminens erkranckt, und hat dero zeit⸗

155 793 1380 63 liches Ableiben, ſo Anno 1661. den 10. Decembris geſchehen, den

160 841 1372 59 Streitt aufgehebt. Dero Hertz iſt nacher Muͤnchen in Se. Durch⸗

156 887 1370 61 laͤucht dero Herꝛn Vatters Hertzog Ferdinand in Bayrn Capellen,

156 934 1374 61 die Inteſtina in den Creutz⸗Gang bey denen PP. Reformaten zur

157 981 1371 68 Stadt am Hof, und der Leichnam nacher Alten⸗Oetting, allwo Sie

160 1030 1139 93 7 Jahr Probſt waren, ad Seyulturam gefuͤhret worden.

282 1111 1248 82 Sonſten hat man zwar in dieſem 162oſten Jahr, zu vnaͤn⸗

156 1176 1372 63 ſter, und Osnabruck den allgemeinen lang erwuͤnſchten Frieden ge⸗

156 1224 1372 61 ſchloſſen; den Erecutions⸗ Recels aber aufzurichten, und noch andere

156 1268 1368 70 Gachen zu ſchlichten, iſt denen Partheyen die Stadt TLuͤrnberg ge⸗

155 1319 1361 66 faͤhlig geweſen, allwo dann alles Noͤthige zur Richtigkeit kommen

155 1368 1369 81 das uͤbrige auf den naͤchſten Reichs⸗Tag, der hernach Anno 1652,

155 1414 860 85 alhier zu halten beliebt worden, verſchoben.

278 1493 1246 85 Zu Voltziehung nun des ſenigen, was bey alhieſiger Gradt

155 1553 1369 75 Regenſpurg, vermoͤg erwehnten Friedens⸗Schluß zu erequiren gewe⸗

155 1605 1369 67 ſen, ſeynd von Kayſerlicher Majeſtaͤt Se. Hoch⸗Fuͤrſtliche Gnaden

157 1650 1366 71 Weyland HHerz Veit Adam Biſchoff zu Freyſing Hochſeeliger Ge⸗

157 1701 1367 68 daͤchtnuß, und &e. Durchlaͤucht HHerr Marggraf von Brandenburg

157 1749 1365 72 Culmbach verordnet, und von denenſelben Herꝛ Johann Georg Frey⸗

158 1798 1363 76 Herꝛ von Buech, geweſter Domb⸗ DDechant zu gedachtem Freyſing,

158 1850 71 59 und

249 1850 1277 69 Herꝛ Doctor Georg Rittershauſen Marggraf Culmbachiſcher

161 1899 1365 102 Huth &c. alhero srPunret, ſodadn don ihnen erwehnter Frladens⸗

804 1950 150 82 ErT 2

1367 1953 152 81 Schluß
