1991 2551
41 297 42 50 zu

791 226 361 71 18 (0) gtg-

238 265 1419 111 Drevfaltigkeit, der Murter GOttes Marioͤ, des Fuͤrſten der Apoſtei

1601 262 26 56 3.

239 327 1414 95 Letri, und des koſtbaren Martyrers, und Biſchoffs Emmerami in

236 375 1413 105 Beyſeyn vier Ertz⸗Biſchoͤffen, und Biſchoͤffen weyhete, und mit Indul-

238 422 366 76 zenzen begnadete.

334 483 1313 95 Epiſcopi hnic actui prelentes kucre: Colonienlis, Belluacen-

226 528 1418 94 tis, Baſileenlis, Curienſis, Ollenſis, Moguntinenſis Herbipolen-

225 578 1419 92 ſis, Cabilionenlis, Brumenlis, Frilingenlis, Hilrinenlis, Conſtan-

224 627 1418 105 tienſis, Auguſtenlis, Treverenlis, Argentinenlis, Mindenlis, Wor-

221 680 1289 96 matienſis, Spirenſis, Metrenſis, Verdunenlis, Rarisbonenlis.

338 741 1301 88 Er hat auch zugleich des Cloſters Frevheit beſtaͤttiget und er⸗

219 785 1420 96 neueret. (2) Zu lang wurde es, und dem Leſer verdruͤßlich ſeyn, al⸗

221 831 1412 107 hie zu beſchreiben, die Andacht, Evffer, Gnad, und Gutwiligkeit,

219 885 1416 97 die zu diſen Heil. Martyrer Emmeramo getragen haben, Kayſer, Koͤ⸗

219 938 1416 97 nig, Fuͤrſten, Graffen, Herrn, allhieſige Burger und gemeine Leuth

218 987 1412 98 n und auſſer der Stadt, die ſich fuͤr gluͤckſeelig ſchaͤtzten, und ihnen

216 1037 1416 99 doch erſorießlich zu ſeyn vermeynten nit allein ligend und fahrende Ghi⸗

221 1091 1406 90 er zu ſeinem Altar und Grab, ſondern auch ſich ſelbſten, ihre Kinder.

215 1139 1411 101 Knecht und Maͤgd aufzuopffern, und ſich mit gewiſſen jaͤhrlichen und

212 1190 48 61 en

292 1197 1333 94 en Stifftungen wider zuleſen, verbundig macheten. Von ſolchen

209 1241 1416 105 Fundarionen und Schanckungen findt ſich noch neben denen vorneh⸗

204 1292 1419 98 men Fundations⸗Briefen ein groß⸗ und ſehr dickes geſchriebnes, kaum

204 1347 1416 94 mehr leßliches Buch von Pergament, Liber Tradirionum intiruliret,

202 1393 1420 102 deſſen ſich der deruͤhmte Hiſtorieus Wiguleus Hundins vil bedienet.

205 1441 1410 115 I) Diſes entwirſtt ras. Gurthaͤter, ſo ihre Gurer, Doͤrſfer, Hoff⸗

1433 1524 211 98 Hucden⸗.

46 541 33 75 n

218 1649 342 64 I) Vide Diplomars.

744 1668 871 75 In rhem Manuſcripto, ſo Anſfanss Nes XV. Secoli ge⸗

258 1692 1355 82 ſchrieden worden, ſeynd ſolgende Wort auch zu leſen. Anno Dominies Incarnation,

259 1729 1354 80 DCCCXCVIII. indicktione prima imperante inrictidimo Romanorum Auguſto Arnoilo.

256 1764 1356 82 preſidenea Lic (cdi Feliczs Recordarionis Tutono Epo. dedicztum en noc templum Dei

260 1801 1349 86 setavo Kalend OCtobris A Sanctinimo Sedis Apoltoliee prelule Formolo... prelente-

258 1840 1350 90 & noc iplum vrocurane Dno. Arnulto Imperatore, prelentidus quoque. Chie ponuntur

255 1883 1353 91 Epiſcopi ſuperius notati) omnibur iraque vers contritis & conſenlis templom toc de-

258 1926 1350 83 votis orarionibus ſeu eleemolynarum largitionidus kreqzuencanribus relanat Dns Papa pee-

256 1961 1350 78 dictus XL. die, Criminalium, & LXXX. venialium. Er una cum ipſo g-ruor Aret-

253 1995 1350 86 Epilcopi lapradicti lingult ipldrum XL.. dies criminalium, & oNuaginra dies ventalium

251 2033 1354 92 auctorirate & conlenlu Prekati Vni Pape intervenientibus perperuis kururis terporidus

249 2062 207 62 Auraruram.).

214 2113 1388 103 O) N. P. Nerordos Per tu ſtr vu donnioner und Teduriones ens nn ceer u Ena

245 2157 920 93 zezeben. Vid Thelaurun Ancodororum. tom. L. varre I.
