1991 2551
818 260 56 78 13

950 265 153 73 2) E.

1589 274 97 63 109

259 316 1417 93 Welches alles unſer Geſchicht⸗Schreiber Arnoldus auf nachfolgende

258 367 380 76 Weis hinterlaſſen.

388 422 1288 76 Anno o75. zu den Jeiren, (da S. Ramvold Abbt war dieſes

259 474 1417 80 GOtts⸗Haus,) war ein edle Fungfrau, des Koͤnigs Tochter in Franck⸗

258 527 1415 75 reich, genannt Aurelia, zu fliehen die Gemeinſchafft der Maͤnner,

258 579 1416 72 und von Lieb wegen zu behalten die Jungfrauſchafft, kam ſie uner⸗

259 629 1417 71 kanntlich in dieſes GOtts⸗HHaus, ſodann erkannt im Geiſt S. Ram-

260 678 1413 77 vold bittend das Almoſen, ſetzet er ſie auf ein Ainigung bey dem Thor

260 731 1409 72 ind Stadt⸗ Maur zu Regenſpurg, St. Andreaͤ⸗Clauſen genannt,

263 783 1410 71 aſelbſt die keuſch und andaͤchtig Jungfrau lebte 52. Fahr in Faſten

262 836 1411 73 nd Betten. Darnach wollt ſie GOtt der HErꝛ erledigen von ihrer

260 884 1410 79 Arbeit, und begaben mit Cron der Jungfrauſchafft, ſchiede ſie aus

263 939 1407 72 ſdeſer Welt zu denen Freuden 1027. Iſt begraben worden in Creutz⸗

276 987 1393 75 ang negſt der Capellen S. Georgii, derer Grab Anfangs ein ſchlech⸗

300 1041 1367 70 Gedaͤchtnuß hatte, hernach aber iſt daſſelbe von Leutrvino Game-

341 1089 1321 73 Gamedo oder Gameroldo) Domb⸗ Scholaſter allhier erhoͤcht,

253 1136 1417 79 ind auf dem Deckel der Koͤniglichen Printzeßin Bildnuß aus Stein

258 1189 1409 103 Mnvrſfen worden, wie noch heut zu Las geſehen wird⸗ mit deſer

249 1225 326 115 Zrad⸗ Schrift-

568 1337 755 77 nie pia ſoreſcit Aurelia Pirgo ſepulta

572 1391 778 75 oue pœnas neſcit Cœli dulcedine fulta.

484 1438 751 98 zier biaͤbr Auren ungſrauſchaffe

479 1500 924 101 Ohn Deyn⸗ erguicke von bimmelo⸗ Safft⸗

374 1611 1289 110 Bey dieſer heiligen Zungkrauen Grab zeigt Ab ein Stein nir

243 1655 396 89 ſolgender Schrifft,

1080 1760 95 117 M.

588 1893 703 72 Et perpetne ſecuritati E memoria.

363 1938 1155 88 Dulciſime Aurelie p. El. Fuvianus Conjugi incomparabili.

908 2052 100 69 O 2

24 651 75 57 dent

21 691 75 70 Lint

46 745 40 72 et

55 799 31 61 it

56 850 20 68 n

25 907 60 53 u-

21 949 71 61 ren

35 1001 45 61 ch

22 1045 67 73 der

31 1099 55 63 der

43 1152 37 59 9n

45 1203 32 56 r,

300 2200 650 90 Debetr n Endr drs Canutens dur Anmercans.

1592 2069 48 65 2.
