1571 2270
670 105 352 72 28 (0) Chg-

1429 113 83 59 762

140 155 1372 73 don Wartenberg Suſtraganeus Ratisb. verbliebe allhier. Die Fuͤrſtin

138 208 1373 68 von Ober⸗Munſter Titl. Tirl. von Sandizell verbliebe auch ſamt allen

145 254 1361 67 Titl. Stiffts⸗ Dames in Regenſpurg. Ihro Excellence Herꝛ Domb⸗

133 298 1372 75 Dechant, Titl. Herꝛ Baron von Neuhaus hielte ſich in dem Schlot

132 348 1373 73 zu TVoͤrrh auf, welchem, Titl. der Herꝛ Hof⸗Rath Seller, ſo in

131 394 1376 75 Regenſpurg verblieben, taͤgliche Nachricht uberſchreiben muͤßte. Die

129 445 1375 61 Kayſerliche Reichs⸗ Poſt ſetzte ſich mit Expedition und Pferden, hin⸗

126 493 1375 66 aus nach Pruͤffening Nach gar wenigen Tagen des Abzugs der Ge⸗

123 542 1376 67 ſandſchafft, ſo anderen, langten vor und um die Stadt Regenſpurg

119 588 1378 65 an, zwey Churfuͤrſtlich⸗ oder von HHoͤchſt Kayſerlicher Adminiſtration

116 635 1381 67 beorderte Contin- und Peſt⸗Commillarii von Straubing, nemlichen

119 682 1375 77 Tirl. Herꝛ von Hoͤgenſtein, Regierungs⸗ Rath von Straubing; dann

121 737 1371 62 Litl. Herꝛ Heldt, ein reformirter HHauptmann, mit einem Lieute-

113 783 1378 64 nant, und 25. Huſaren, welche mit bloſſen Saͤbel immerdar um die

114 832 1373 60 Stadt ſtreiffeten, und niemand ein, noch viel weniger hinaus lieſſen.

112 877 1376 62 Die Herren Peſt⸗ Commiſlarii logirten zu Druͤell. Die Huſaren

108 924 1380 67 hatten ihre Huͤtten und Verſammlung auf unſeren Feldern (auf der

111 973 1371 63 ſo genannten S. Emmerami-Braitten.) Die Stadt wurde geſperret.

105 1021 1378 66 und nur das eintzige Weyh⸗St. Peters⸗ Thor denen Regenſpurgern

104 1069 1378 69 offen gelaſſen, um durch ſelbiges bis zu der Contin⸗Wacht, ſo ben

103 1118 1377 67 Kumpffmull ſtreng wachtete, einen Spatzier⸗Gang zu machen, und

100 1164 1377 65 das Nothwendige einzukauffen. Die Nothwendigkeiten und Victua-

98 1210 1380 67 lien wurden bey Aumpffmuͤhl erkauffet, allwohin das Land⸗ Volck

95 1258 1378 68 die Nothwendigkeit zum Kauff lifferte. Abbt ſoann Baptilt lieſſe auf

93 1306 1380 67 der Braitten, naͤchſt an unſeren Kumpffmuͤller⸗Garten einen Stadel

93 1355 1380 68 auffuhren, allwohin die Unterthanen das Dienſt⸗ und Zehent⸗Ge⸗

94 1404 1377 71 trayd fuͤhren, und lieffern muͤßten. Die Herren von der Stadt mach⸗

94 1454 1372 63 ten gute Anſtalten, mit Abfuͤhrung ſo wohl deren Krancken, als de⸗

93 1503 1369 69 ren Verſtorbenen aus denen Haͤuſeren, damit ſelbe in das Lazareth

92 1548 1370 72 auf den unteren Woͤrth gebracht, allda gepſleget, und, wann ſie ver⸗

94 1599 1369 70 ichieden, vergraden wurden. Es waren auch in jetzt⸗gemeldten La⸗

93 1648 1369 79 zareth die Geiſtliche zugegen, welche denen Krancken und Sterbenden

92 1699 275 71 deyſpringeten.

229 1732 1232 84 Weilen das Stifft S. Emmerami die Pfarliche Verrichtungen

90 1790 1368 77 in der oderen Stadt Regenſpurg zu verſehen hat, als verrichtete das

92 1842 1360 76 Amt eines evfferigen Gerlen⸗Hirtens mit groſſem Eyffer unſer R. P.

92 1891 1362 100 Lnuelnrr Codin, dumadliger Pfan⸗Vicnrius ad ò Rupertun, wel⸗

701 1947 145 87 Bbbi

1362 1933 89 78 cher
