1935 2499
402 227 86 60 316

972 247 26 52 2

390 273 1397 92 eirt worden. Der Abdt zu Ahauſen Nichſtaͤtter Biſtumbs muſte den EEcommu⸗

1097 233 197 69 ) FeLu-

393 326 1390 82 nications⸗Sentenn verruifen. Anno 1277. iſt dem Biſchotſen zn Angſpurg, und

390 365 1396 83 dem Probſten allda von Rom, der Befelch zukommen, deren Sachen ſich vollkommen;⸗

388 405 1387 87 in ſormiren. Dieſes iſt geſchehen ſub ſoanne XXI. Anno 1277. (vide Lit

390 449 1363 82 teras Ancheri Cardinalis utrasgne.) HATMO der Abbt, durch Gewaſt,,

390 491 1389 93 trungen, relignirte die Adbtey und uberuieſe ſolche Polfzango Abdten, welchr

390 535 504 77 Leo der Biſchoff haben wolte-

509 617 1270 86 Haymo der Abbt machte unter ſeiner Regierung eine geiſtliche Conſœders-

388 665 1381 95 tion mit Cunrado Abbten, und ſeinen Moͤnchen zu Rorr, ſo geſchehen Ann

391 716 110 62 1275.

383 838 1386 76 ſtorden, haben die Moͤnch zu St. Emmeram mit Henrico, ſo Lconi in Reger

502 796 1260 78 Da nun Hayno dem Abbten Folſgango gewichen, und Leo der Biſchoffs

384 884 1384 76 wpurger Biſtumd nachgefolot, rinen Vergleich zu machen angefangen. Welchen is

388 923 1369 79 eN Originali ad ſinem in ordine habe vorlegen wollen. Ebo nare damabi

381 963 1358 90 Prior zu St. Emmeram. Dieſer Tractat ware vorgenommen Anno 1272. 2

381 1009 478 71 Originale iſt im Archiro.

495 1088 450 79 Pide Originale inpreſan.

711 1302 771 132 CAPUTXLVI

509 1467 1225 87 Er zrſte Abbt unſers Cloſters Fernberur, Proſels daſelbſt, wi

508 1524 1242 80 Abbt zu Drunfening, (a) hernach wider allhero poltulirt A.

413 1572 1210 87 O no 1287. regiert 11. Fahr, 7. Monath, 29. Tag.

366 1617 1309 94 dieſem Praͤlaten iſt das Cloſter wegen groſſen Schulden⸗Laſts,

1653 1577 81 72 Ant

1683 1629 54 63 ni

362 1671 1311 90 anderwertigen Betrangnuſſen ſo weit getriben worden, dasß fal

365 1722 1315 84 Jahr von Guͤtern etwas hat muͤſſen verkaufft oder verſeszt werden.

369 1778 1346 80 Wie er dann unter andern auch den Zehet von Auffhauſen An

368 1825 1319 96 1281. einem Burger allhie Conrado inter larinos genannt um

363 1874 848 94 Pfund Regenſpurger auf a. Jahr verſest.

1705 1935 41 71 e

1865 352 53 63 ler

1876 699 42 59 us

388 2115 573 64 O Fonrilegium Pruͤſting. pag. 116.

390 2164 705 73 G) Di urſachen ncdelen aus dum vordngthenda.

1882 1241 27 72 k.

1878 845 33 62 te

1883 1293 26 67 e
