1978 2546
398 243 102 90 to2

986 243 201 80 (0).

758 405 716 80 CATXLO A ALLAA-

448 480 1316 153 Von der ſeeligen Aurelià Zungfrauen.

512 629 1284 89 Igo, genannt Capetus, Graf von Pariß, herraͤhrend aus dem

382 684 1413 85 A A Haus Sachſen, wurd nach Abſterben der Caroliniſchen Lini

506 732 1289 92 Koͤnig in Franckreich, von deme all folgende Koͤnig bis auf jetzt

377 780 1414 91 regierenden ihren Stammen fuͤhren, war ein gluͤckſeeliger Koͤnig in

380 831 1408 92 Franckreich, noch gluͤckſeeliger aber, weil ihme GOtt ſo heilige Kin⸗

374 884 1412 87 der geſchickt, als nemlich den heiligen Richardum, und die ſeelige Au-

373 932 1415 99 reliam, die beede wurdig waren von Koͤniglichen Stammen gebohren

377 987 1404 92 zu werden. Unſer Aurelia aber ware mit dieſer Ehr und HHoch⸗

370 1032 1419 98 heit nicht vergnuͤgt, ſonder damit ſie durch kein iridiſche Creatur oder

372 1086 1410 90 Geſchoͤpff bemacklet wurde, wollte ſie ſich ſogar mit dem Koͤnig det

369 1138 1413 88 Glory und des Himmels vermaͤhlen, deme ſie im heiligen Tauff ſchoil

370 1189 1412 92 vorher zu dienen verſprochen geweſt. Sie ware ſchoͤn von Geſtalt⸗

366 1239 1415 94 beynebens keuſch; von der Welt boch geacht, in ihren ſeibſt eigenei

366 1291 1404 86 Augen aber nieder und demuͤthig; ſie nahme wohl zu an Jahren, zu

362 1338 1412 97 gleich aber in Zucht und Schamhafftigkeit, Frommkeit, und Verach.

363 1393 459 65 tung aller Eytelkeit.

499 1448 1269 100 Deſer Koͤniglichen Tochter mir ihrem Geſoons Ehriſts dorha⸗

356 1502 1414 97 bende Vermaͤhlung war ſo geheim, daß ſogar ihre Eltern nichrs dar-

359 1553 1406 91 von wußten; dahero ſie ſich um ein Tochter⸗Mann beworden, un.

353 1605 1414 89 einen Elianum ſurianum mit Nahmen erkuͤſet. Aurelia ſieſſe ſiaͤ

356 1661 1405 85 zwar an, als war ihr der Heyrath nicht zuwider, gedacht doch hein⸗

355 1710 1405 86 lich, was heut gefahle, ſey morgen verlaidet; die Schoͤnheit eines

356 1759 1401 88 Menſchens vergehe durch ein kleines Fieberlein gar geſchwind, all

357 1810 1398 96 Freud zerſtoͤre der Tod. Darumen ſey viel deſſer mit Verlaſſung de

355 1867 1403 89 zenlichen Frenden ſich der ewigen vergwiſſen, und dem binmliſche.

356 1915 1394 87 Braͤutigam Chriſto anhangen, als einen irꝛdiſchen Menſchen. Daͤ

353 1964 1405 85 hero ſie das Hert gefaßt, und heimlicher Weis den Herin Vattern⸗

352 2009 1399 94 und die Frau Mutter den Braͤutigam, die Befreundte, das Koͤnis

352 2063 1388 88 reich, und die gantze Welt verlaſſen, die Flucht genommen, und un

345 2116 1410 94 dekannt durch alle Laͤnder⸗ dis anhero nacher Regenſpurg kommen⸗

1639 2172 112 86 abel
