1923 2493
29 321 73 51 ten,

41 360 53 61 die

714 278 42 64 a

1529 278 85 59 561

792 278 39 68 3

903 279 147 67 9) 8

217 326 1402 72 tonne Schlipacher, Prolello Melicenſ. Die Statuta tum placida-

232 380 1383 67 a lrynd noch vorhanden. Viſitarunt eriam Monaſterium Ensdorff &

221 432 948 67 omnia Monalteria in Metropoli Salisburgenſi.

343 480 1275 72 Anno 1252. zoge Kayſer Friderich auf Rom mit ſeiner Braut,

220 530 1400 71 Dochzeit allda zu machen, und ſich croͤnen zu laſſen. Erſucht neben

218 583 1400 66 anderen Reichs⸗Staͤoten auch die hieſige, jemand aus ihnen mitzu⸗

216 630 1403 68 ſenden. Aber man ſchlugs ab, mit Vorwenden, ſie waͤren ſolches

220 680 1396 72 As freye Reichs⸗ Staͤdt nicht ſchuldig; ſie kammen darauf in Bann.

225 731 1387 68 Oieweil man von keinem anderen Verbrechen was finden koͤnnen,

223 782 1395 71 ſt zu vermuthen, der Ungehorſam hab Urſach geben, ſie wurden aber

220 825 590 72 des Banns bald wieder ledig.

335 883 1277 69 Dieſes Fahr war an Getrayd und Wein ſo fruchtbar, daß

214 932 1400 70 nan ein Fueder Wein mit 2. fl. bezahlen kunte, Herꝛ Adelsreuter

214 980 1398 72 neldet, daß 1a22. geſchehen. Was man aber in dieſem hat uͤberlaſſen,

214 1009 65 69 zat

292 1031 1323 68 das folgende unfruchtbare verzehret, dann es iſt Winter geweſen

217 1078 1316 74 ns auf den halben May, und hat dahero nichis gerathen koͤnnen.

332 1131 1272 69 Anno 1272. war Hauptmann allhte Herꝛ Hanns vom Hag,

221 1173 672 74 oippoldi von Hag dritter Sohn.

333 1231 1278 73 Anno 1a5a. eroberte der Tuͤrck Conſtantinopel, und dertilgt

218 1272 1393 86 iſo das Griechiſch und Orientaliſche Kayſerthum. Dieſe der Tuͤrcken

214 1322 1394 87 unehmende groſſe Macht und Tyranney verurſachte groſſen Schroͤcken

214 1360 50 62 m

266 1376 1339 81 Reich. Benoͤthigte Kayſer Friderichen allhero ein Reichs⸗Tag

214 1418 1394 88 uszuſchreiben, welchem er zwar in Perſohn nicht beygewohnt, ſonder

207 1461 1402 98 zu Commillarien verordnet HHertzog Ohilippen aus Burgund, und

210 1511 1395 96 Hertzog Ludwigen aus Bayrn. Denen Chur⸗Fuͤrſten und Staͤn⸗

223 1562 37 52 e

271 1567 1334 86 geſchah die Propoſition durch den gelehrten, Welt⸗kuͤndigen, er⸗

210 1614 1397 95 ahrnen, weit⸗beruͤhmten, nnd hochgeachten ⸗neam Slvium, der

207 1652 93 75 dann

308 1671 1293 85 auch hernach iſt Pabſt worden, und ſich Pium I. genennet;

211 1718 1390 88 leler redete vor denen Fuͤrſten und Staͤnden von der Macht und Ty⸗

207 1770 1393 84 annen der Tuͤrcken, Gefahr der Chriſten, nno Untergang des Roͤ⸗

217 1818 1381 82 nſchen Reichs ( wofern man nicht mit geſamter Hand dieſes alles ab⸗

210 1868 1387 86 sende) mir ſolchem Eyffer und Tapferkeit, daß er aler Hertzen be⸗

247 1918 1349 86 ste, und manchen nicht allern tieffe Seufftzer, ſonder ſogar die Zaͤ⸗

203 1941 53 67 er

270 1965 1326 91 austrrede. Darauf dann ein einhelliger Schluß erfolgt, wieder

202 1991 83 71 einer

310 2020 1283 93 Zug in Tuͤrckey zu thun, iſt ader dieſes Jahr nichts daraus

207 2045 139 83 uvrden.

54 673 26 41 0

42 1071 36 55 il⸗

863 2181 77 86 8;

1511 2182 75 72 In
