1978 2545
325 224 64 64 76

908 231 41 75 2

974 233 227 76 0) 289

458 282 1276 102 Bald hernach reiſete er mit ſeines Abbtens guten Willen, durch

325 332 1403 102 Schwaben, und Bayrnland, in Oeſterreich, dann gar in Ungarn,

322 391 1408 91 um alldort das Unkraut der Irrthumen auszureitten, die unfruchtbare

322 436 1404 104 Aecker der ungeſchlachten Hertzen mit dem Evangeliſchen Pfiueg bauig

321 486 1406 105 zu machen, und mit dem Gaamen des Glaubens und Goͤttlichen

319 534 1407 105 Worts zu beſaͤen, mit welchem Eyffer er bald 5eoo. Seelen bekehrt,

316 592 1408 97 und gewonnen; nach dieſer Ernd kam er zu Piligrino Biſchoffen zu Paſ⸗

314 640 1412 100 ſau, bey welchem er nit allein angenehm war, wegen bekannter En⸗

312 688 1411 99 genden, reinen Lebens, Eyffers im Betten, und unſchuldigen Wan⸗

312 740 1405 106 dels, ſondern truge auch den Ruhm, daß gluͤckſeelig jene Kirch ſeye;

308 788 1411 108 die ihme zum Biſchoff bekommen werde. Es beflieſſe ſich auch gedach⸗

302 844 1414 99 ter Biſchoff Piligrinus, vermittels eines Marggrafens, Woltgangum bey

305 893 1407 106 dem Kayſer Orrone zu dem Biſtumb Regenſpurg (ſo damahls durch

301 941 1413 105 Ableiben Biſchoff Michaelis verwittibt ware) zu befoͤrdern, wie dann

298 991 1409 109 ſolches gluͤcklich abgangen; dann der Vorſchlag geſiel dem Kayſer,

297 1042 1410 111 verordnet Volſgangum zum Biſchoff, und wird von Friederich Ert⸗

294 1094 1412 113 Biſchoff zu Galtzburg geweyhet mit aller Menſchen Freud und Troſt,

291 1150 812 106 von Eiligrind aber offters alhier beſucht-

660 1346 671 141 CAPUTAIII

410 1457 1159 152 S. Volfgang ein wahrer Biſchoff.

404 1594 1291 99 WVollgang wolte gleich Anfangs den bloſſen Nahmen eines Bi⸗

284 1650 86 83 O.

393 1647 1297 104 ſchoffens nit haben, ſondern bezeugte auch ſolchen in der That,

398 1698 1294 97 indem er Tag und Nacht mit beſtem Germoͤgen ſolch ſein Ambt

274 1743 1415 102 emſiglich verrichtete; verſpuͤhrete gleich Anfangs, daß in der Stadt

274 1798 1412 103 Regenſpurg die Beobachtung des Cloſter⸗Lebens, und geiſtlichen Re⸗

271 1846 1411 102 gel in vil Weeg Mangel litte, dahero ſeuffzend geſprochen: O daß

271 1903 1415 99 wir Moͤnch haͤtten. ſonſt waͤre genug vorhanden. Da man ihme aber

270 1951 1412 101 antwortete, es waͤren anderwaͤrtig Moͤnch genug, ſeuffzte er, und

268 2003 1412 95 wprach: O wie hat der Heilig abgenommen l wie iſt die Wahrheit ben

265 2052 1415 101 denen Menſchen ſo gering worden. Es gibt freylich Moͤnch, ich ſuche

261 2102 1414 120 nil die Zah ſonder Aucht, was hulffts das Aleid der Hruiliskeit tragen⸗

1573 2190 103 70 ohne

1905 350 65 52 Oht

1907 385 58 64 die

1903 441 63 62 wil

1901 493 69 61 me

1898 535 61 60 ter

1897 589 76 68 drat

1897 641 71 70 den

1897 692 75 63 den⸗

1894 738 76 67 ſone

1901 793 57 68 St

1894 841 59 72 moͤ

1897 896 62 64 vo

1897 938 56 74 Ele

1890 984 75 77 Hr.

1888 1044 50 64 ter

1886 1145 75 66 rech

1880 1245 89 74 Guͤr

1886 1295 83 72 Die,

1880 1344 66 79 der

1877 1396 88 70 dard

1876 1443 92 71 alen

1876 1493 60 97 s

1874 1577 70 80 Ner

1870 1644 78 62 und

1869 1695 77 65 und

1871 1739 95 73 oring

1873 1797 75 67 veg

1873 1850 78 67 zeſti

1877 1897 74 68 ida

1876 1951 69 70 ige

1866 2037 65 103 n
