1554 2270
696 89 338 74 1Z (0) EF-

1006 98 29 45 u⸗

1456 95 67 57 1,

150 134 1376 86 aarck zwiſchen ihme, und Schweden. Mit ſenem kunt man nichts

150 186 1369 80 Achten, die Schweden begehrten Satiskaction, als haͤtten ſie dem Roͤ⸗

160 234 1361 83 diſchen Reich ſo biel Guts gethan. Obwohlen man ihnen nichts ſchul⸗

153 290 1369 71 Eis ware, oder, nur ſene ſie bezahlen ſollten, in deren Dienſt ſie ge⸗

156 341 1368 80 neſen 1 iſt itnen doch eine Vertroͤſtung gegeden⸗ und umittels 2,

148 389 727 65 Million Gulden verſprochen worden.

273 414 1254 92 Der Kayſer kante mit keinem Befelch, die Ehyr⸗ und Furſten

145 483 1382 69 gber weder mit Bitten, noch Ermahnen, ſo viel erhalten, daß die

145 530 1382 72 Landgraͤfin, und Hertzog Georg von Luͤneburg, ihre Voͤlcker von de⸗

143 578 1385 75 ven Schweden abfoderten, ja ſie haben erſt die alte Bundnuß wider

142 628 1380 69 derneuertz worab jedermann auch dieſes Hertzogs eigne Bruͤder großt

141 674 1385 77 Mißfallen getragen⸗ Iſt alſo der Krieg wider dieſen, wie auch wider

141 725 1381 73 die Frantzoſen und Schweden, diß Jahr von neuem angangen, und

142 770 1381 78 baben die unſerige gut Gluͤck, ſonderlich du aber die Kayſerliche Ar⸗

142 824 1379 75 mee der Ertz⸗Hertzog Leopold Vilbelmn das Generalat angetretten⸗ ge⸗

141 873 128 72 babt.

324 885 54 60 ..

268 884 1254 105 Ano rcir. in Anſang des Fahes war Kaoſer Ferdiadno noc

140 962 1381 82 ſehr beſchaͤfftiget, das Reich in voͤllige Ruhe zu bringen. Der Gene-

143 1010 1378 82 ral Banier wolte den Reichs⸗Tag zerſtoͤhren, oder nach gemachter pra-

143 1064 1379 77 vada vor des Kayſers, und anweſender Fuͤrſten, und Staͤnd Ange⸗

140 1109 1381 80 Aicht, in Bayrn, mittels der hart gefrohrnen Thonau, ein Raub zu

138 1157 1379 81 holen, macht ſich in die Pfaltz, von dannen allhero auf Regenſpurg⸗

138 1211 1381 72 Allwoger dann den 21. Fanuar. ankommen, und 2. Tag verblieben⸗

141 1249 1375 85 Weil aber die Evarnilon von dem General Merri verſtaͤrckt wurde,

141 1300 1378 83 hat er ſich nacher Camb, der Obriſt Schlang aber auf Neuburg vor

143 1351 1378 80 dem Wald begeben. 500. Renter, ſo uber den Eysſtoß in Bayrn

141 1397 1376 82 Langen, und ſchon Beuth gemacht, haben mit groſſer Muͤhe (weit

141 1446 1375 91 gaͤhling weich Wetter eingefallen, und das Eys ſich lolvirt) zuruck⸗

143 1515 337 67 kommen koͤnnen.

268 1522 1246 109 Die Staͤnd des Reichs erpedirten,. Schreiben an die Koͤni⸗

141 1587 1376 92 gin Chriſtina in Schweden, an dero Raͤth und Staͤnde, ſie zu einem

147 1641 1369 89 Frieden zu vermoͤgen, der Banier uͤbernahm ſelbe, ſchickts in Schwe⸗

148 1686 1368 92 den, und lebte immittelſt etwas ſorgloß. Der Kayſer und Churfuͤrſt

148 1739 1363 88 in Bayrn trugen ihre Conlilia zuſammen, lieſſen ſo verborgen ihre

152 1786 1357 86 Voͤlcker ankommen, und ober den Doͤrffl Orrh uͤber die in aller Still

147 1836 1365 90 Semachte Schiffbrucken marſchiren, daß weder alhie, oder ſemano

153 1879 1359 119 nn den Eeinds Dos aſahre tun. Ein Fha gin aol Land g

1448 1918 70 64 der
