1959 2500
58 311 83 58 amu⸗

90 343 55 59 uns

120 391 20 59 1

76 437 54 58 Lit

30 522 114 72 welchen

709 254 35 52 a.

772 251 63 71 18

946 252 154 74 Lg-

225 348 276 83 ſer Tirulatur:

343 308 1283 82 Er ſchriebe Anno 1287. dem Hertzog Aeinrico in Bayrn mit die⸗

232 448 1397 93 Charillimo Domino noſtro, glorioſo & magnihico nobili⸗

273 511 1353 84 Heinrico Principi, Comici Palarino Rheni Duci Bavarir.

283 568 187 77 ꝛc. (c)

233 698 71 71 us,

341 666 1287 75 Dem Vernhero folgt in der Regierung der zaſte Abbt Caro-

316 719 1313 74 der behielts 13. Fahr, 8. Monarh, 11. Fag. Kayſer Adoloh.

244 768 1396 79 trleyhet ihme die Reichs⸗Lehen den 22. April 1295. nennet ihn in

245 806 64 63 am

325 819 1301 81 Lehen⸗Brieff ſeinen, und des Reichs, lieden Fuͤrſten. (d) Er

236 866 1386 89 zaͤrd Anno 1305. Es gieng auch dieſem Praͤlaten ſo ubel, daß er In⸗

234 900 73 80 u,

312 919 567 81 und Stab verſetzen muͤfſen.

750 1034 344 99 Incidentia.

327 1175 1299 79 Ino 1281. iſt ein erſchroͤcklicher kalter Winter geweſen, und ein

327 1231 1298 80 unerdencklicher Schnee gefallen. Worauf ein ſolche Theurung

254 1279 1375 83 omen, daß auch vornehme Leuth, Haber⸗Brod haben eſſen muͤſ⸗

238 1304 64 71 ſen.

350 1379 1279 71 So haben ſich auch dieſes Fahr die Regenſpurger (Gerr Adels-

315 1430 1311 75 r meldet allein von denen Biervraͤuern) in Lndovici Severi Schutz

273 1476 1353 86 Feden, und zu einen juͤhrlichen Tribut, oder Schutz⸗Geld 120,

248 1518 498 90 Sfund Silbder bewilliget.

958 1595 134 95 n7,

1503 1608 129 79 Aano

102 644 27 56 ⸗

68 690 61 62 no

44 863 81 57 Legen

43 1473 70 70 wirl

45 1536 73 57 An-

26 1579 87 66 Ante⸗

51 1636 53 58 un

59 1677 42 63 ali

18 1787 73 60 Ant

70 1936 41 84 e

286 1777 1345 79 TUnter Hernbero Addern ſernd di Conksederꝛtiones zwuchen S. Enmeramn Cloſter, und

293 1806 72 62 dener

382 1829 1251 71 cusſern zu Fulden, Elwangen, Hirſchan erruere worden. Aus dieſen Druffen

298 1848 109 65 rheller,

407 1870 1221 80 das lang vorhero ſchon dueſe Conkaderationes, ziſchen dieſen Ceſtern auigerichtet

295 1893 110 62 worden.

269 1950 1364 88 Ain uernbero Adern gor virieus von Abenſperg enen offenenchen Drief, das die ſoricar

427 1918 865 58 Dieſe Drieff ſeyno zu leſen in denen Conkœderarions-Duchern.

308 2001 1324 79 dio i dem Maid zwiſchen Negenſourg und Gebraching ihme nt gebuhre, ſondern das Eigen⸗

298 2040 1220 83 umn dem heigen Ennerano zgehoͤre. 1282. Vide lͤrteras Ulrici de Abenſperg.

266 2059 141 81 Adovis

430 2093 1199 79 pials⸗Grate bey Nhemr Herdog m Daym ſchencket euigr Ladeigere dem haugn En-

300 2122 616 93 rrono ꝛ127. Griginale in Arebiro-

282 2163 419 103 ) Tats Diglona Adoirdi
