2111 2572
290 300 1405 100 Her Adelsreutter ſeel. der Meinung ſeyn, die Loi oder Barari kommen

285 361 1408 86 von den Celtis her, von welchen wir in den naͤchſten Capitul melden

281 405 1406 95 werden. P. Andreas, ein gelehrter Hiſtoricus, und Prieſter des Clo⸗

280 454 1410 98 ſters S. Magni zu Sradt am Hof, ſchreibt, ſie ſeyen aus Armenia kom⸗

281 507 1409 91 men, deren Fuͤrſt Norin Regenſpurg (ſo dazumahl zwiſchen der Do⸗

280 557 1407 98 nau und dem Regen ſtunde, wo anjetzo gemeldte Stadt am Hof liget)

280 604 1413 97 eingenommen, und von ſeinem Nahmen Noricum die Stadt genennet

280 651 1413 106 habe. Andere nenntens Ripenle, Riparia, Noricum Ripenle, weit

281 707 1414 103 es an beeden Geſtatten der Donau und des Regens lage. Von diſem

285 747 1407 116 Norico oder auch der Stadt, ſolle das gantze Gen jenſeits der Do⸗

282 800 1405 104 nau gegen Untergang der Gonn den Nahmen Nordgerv, Noricum,

281 847 1409 114 dekommen haben. P. Bucellinus haltet den Norix fuͤr des Boji Bru⸗

282 893 556 88 der, und Alemanni Gohn.

417 953 1275 107 Nach Erſchaffung der Welt 2716. bor Chriſti Geburt 1a28.

281 1004 1409 104 ſolle in das Regiment getretten ſeyn Ingram oder Ingerman, Boji oder

281 1051 1412 107 Bavari Sohn, ein Bruder Boamundi, habe regiert 52. JFahr, und diſe

284 1097 1409 111 Stadt nach ihme Ingramshaim wollen nennen. Mehrgedachter Bu-

280 1150 1413 111 cellin gibt den lngram den Zunahmen Herminium, von welchem hie⸗

280 1197 731 84 ſige Stadt Hermena geheiſſen habe.

404 1251 1288 109 Germanshaim heiſſet mans nach lagram, wegen vielfaͤltiger Ger⸗

280 1296 1420 111 ſamnlung allhier derTeutſchen, ſo die Roͤmer (wie gemeldet worden) Germa-

281 1350 1412 110 nos nennten. Von Marco Regulo Roͤmiſchen Hauptmann, ſo vor Chri⸗

278 1393 1414 111 ſti Geburt 226. Jahr diſer Orten wohnte, hats den Nahmen Regels⸗

277 1438 1413 113 Burg. Aventinus wills auch Reginopyrgam nennen, von Theodo-

275 1491 1411 115 nis I. Gemahl Reginopyrga, der die Roͤmer von diſem Orten verzagt,

278 1543 1407 111 und die Bayrn eingeſetzt. Tiberia, Tiburnia, Tiburtina, Tiburina,

275 1593 1412 117 oder Augulta Tiberii, weils Tiberius der Kayſer im Jahr, da GOt⸗

278 1646 1409 112 tes Sohn fuͤr uns gelitten, ſeines Reichs aber im 18. von dem anderen

278 1693 1408 114 Land auf diſes verſetzt, und veſt gebanet hat. Man nennet es auch

281 1744 1406 116 Ovadraram von der vier⸗ ecketen Form, oder weils mehriſt von Luat⸗

277 1797 511 74 terſtucken gebaut worden.

410 1850 1277 106 Andere nennetens Quartanam, Coloniam Ouartanorum, Tetra-

1416 1846 27 48 r.

277 1891 1410 113 polim, Metropolim Ripariorum, um Willen der Kayſer Auguſtus

278 1940 1407 111 durch ſeine 2. Privignos Tiberium, und Drulum diſſeits des Gebuͤrgs

278 1989 1405 111 das Land ihme unterthaͤnig gemacht, und wie Auaſpurg am Lech, al⸗

281 2040 1402 106 ſo Regeuſpurg an der Donau mit ſtarcker Mannſchafft als 6000. zu

281 2090 1401 113 Fus⸗ und z00. zu Pferd beſetzt, welche Beſatzung ſie Legionem (und

275 2139 909 102 weils die are ware) Qvartanorum nenneten.

1041 2220 106 80 2 2

1556 2229 127 78 Regi-

1651 280 52 62 S.
