1934 2551
762 226 322 68 3 (0) Ehg-

181 270 1419 84 riͤlſlen, Asdann gienden ſe in den Koͤnig, und bitteten, daß ihnen folcher nbbt

1510 243 92 60 1Sr

180 318 1412 83 geſetzt wurde. Alſo Baluzins. ride tom. VII. Scriptorum Rerum Francica-

180 358 985 82 rum O. Martin Bougnet. prœkat. pag. XXVII. &e.

287 449 1316 82 VIII. Ans allen, was in dieſer Anmerckung bißhero gemeldet worden, ver⸗

182 490 1418 83 aeyne ich, daß von der Hiſtorie deren Erſtern Negenſpurgeriſchen Biſchoͤffen, und

188 535 1404 77 eren Adbten zu S. Emmeram folgender Begrietf koͤnne gemachet werden. B0.-

197 576 1399 78 I AC1US beſtellte mit Paͤbſtlicher Auctoritar, Einwillrgung des Hertzogens

185 619 1414 85 Ocilonis (Utilonis,) B. Gandaldum als erſten Biſchoffen in Regenſrurg, der

187 649 85 61 einen

280 666 1317 80 Biſchoͤflichen Eitz in dem Cloſter S. Emmerami genommen. Ceine Erſte

184 708 1411 79 tachlolger moͤgen durch eine freye Wahl zum Biſtumd dezoͤrdert worden ſeyn, ob⸗

187 752 1408 79 Coyen ich nicht zweiſte, daß nicht der Hertzog einen groſſen Antheil in ſolcher Wahl

192 795 1401 82 Ardr gr habt haben. Ich zweiſle auch gant und gar nicht, das CAROLUS M,

225 838 1370 77 DOVICUS PIUS, und die andere Carolingi ſche Nachfolger, ſich in dergleichen

195 880 1393 85 sah⸗Beſchaͤffr eingemiſchet, oder wohl gar den meiſten Theil dardey werden ge⸗

182 898 64 72 dabi

259 929 1326 75 aben. Der alte Poet, welcher in IX. Sœculo geſchrieben, (von deme pag-

197 967 1392 87 8. mehrers zn leſen,) ſaget: daß SlGIRICUS, Regenſpurgeriſcher Biſchon,

185 1013 1405 93 acratur ad aulan, zu den Hof, oder fuͤr den Hofe: villricht auf Begehren

250 1067 1339 82 Hofs, zum Biſchoffen geweyhet worden. BATHIURTCUS der Biſchoff wird

225 1118 1361 76 Anem Diplomate Ludovici Germanici Sc. SUMMUS CAPELLANUS

256 1159 1336 82 TER, der oderſte Eapellan Ludorici des Konigs benamſet. NB. Betannt

248 1204 1340 81 die die Carolingiſche Koͤnig ihre Clericos Palatinos (Palatii,) ihre Hof⸗

198 1227 38 52 er

239 1248 1351 77 uche zu denen Biſtuͤmern defoͤrderet haben. Vide Tbomaſfnun, & Perrumn de

184 1286 1404 88 darca Sc. ERCHANPRIDES nnd AMBRICHO werden vermuryuch wie

185 1302 46 68 ne

258 1333 1325 84 Corfahrere, durch Koͤniglichen Willen zn Biſchoͤffen erwaͤhler worden ſeyn;

185 1352 31 48 2

255 1373 1327 85 die Koͤnig dehaupteien ihren vermeinten BGewait. ASPERTUSnnd TUTTO.

174 1383 47 59 ne

235 1414 1344 82 lachf lger dirſer zwcy Vorhergehenten, waren Arnulphi des Kanſers, Cantzler,

185 1429 31 57 5

177 1468 37 64 ter

279 1459 1303 81 mn dem Biſtum defoͤrderer wurden. ISENGRINUS hat auſſer allen Zweif⸗

232 1489 44 64 .

174 1515 45 58 do

287 1503 1295 89 Brſium dnrch Arnoldum, Bayriſchen Hertzogen bekommen, weilen Arnol-

238 1543 1344 92 ir Henrico Aucupe Roͤmiſchen Kanſer auf ſolgende Arth Fried gemacht, das

175 1583 1405 100 rewrieu, ihm (Arnoldo) den Gewalt, zn Vergebung deren Geiſtuchen Wuͤr⸗

181 1601 71 65 en.

181 1641 82 65 Na

286 1639 1293 84 Sayrn aͤberlaſſen muͤßte, ſo auch geſchehen. B. Guntharius, Michael,

283 1679 1296 92 angus ( Negenſpurgeriſche Biſchoͤnf) wurden von denen teurſchen Kanſern⸗

170 1680 88 77 denen

168 1730 68 55 gen.

365 1727 1211 87 ON1BUS ꝛn Viſchoͤfſen eingrſeyt, me de Chromcken durchaus dezeu⸗

280 1768 1292 84 Ftooh hatte der Clerns und das Volck auch einen Antheil an ſolcher Wabl.

177 1770 90 73 Siehe

178 1816 51 60 mn

313 1815 1263 85 das oben num. IV. von der Wahl S. Wolfgangi gemeldet worden. Da

255 1812 39 79 .

309 1859 1270 79 Carolingilche Koͤnig und Kanſer, (ohngrachier ſe zuror verſchiedene Ge⸗

238 1877 49 57 on

292 1900 1287 88 der frryen Biſchoiſs⸗ Vahl gemacht hauten,) dannoch rien groſſen Gewalt⸗

265 1940 1315 92 cuung deren Biſchoͤffen ſich zugerigner: ꝛhre Clericos Palarinos darzu de-

178 1944 183 88 orderrt ꝛc,

174 1988 62 64 ua

367 1985 1213 89 Was iſt es Wunder, wann eden dieſe Carolingiſche Fuͤrſten und Ko⸗

259 2023 1319 97 owoulen ſie das Eionter S. Emmerami gant ſrey ertuͤrer, denenſeiden die

171 2026 74 67 tren.

259 2066 1320 98 uor. Wahl deſtaͤmnger, dannoch girich wirderum von dirſer ihrer Benarnonns

174 2103 1402 141 d Md Mrd mdn dien  Eneg nsd wvelthi ne w Didahn vnzz

883 2181 28 87 ?

1487 2188 88 72 ndre
