1955 2499
366 177 100 63 226

938 183 335 72 28 (0) Eg--

351 236 1409 81 gemendeten Gewalt nichts, ſonder muͤßte wegen eingefallener Kaͤltt

354 288 1401 82 unverrichter Sachen wieder abziehen. Die Pfaltz⸗Grafen zogen dar

352 333 1408 89 auf in das Augſpurger Biſtum, thaͤten allda Biſchoff Ulrichen, dei

355 387 1398 85 gut Kayſerlich war, groſſen Schaden. Es bekamm aber St. Ulrid

358 435 1391 84 Huͤlff von ſeinem Bruder Theobaldo, Adalbodo Grafen von Nat

354 487 1391 84 ckenthal, ( der auch in der Schlacht geblieben) und anderen Freu

354 535 1396 91 den; die ſchlugen ſich mit denen Pfaltz⸗ Grafen am Montag in de.

355 590 1382 83 Fabnacht ſo haͤfftig, daß Arnolph darvon flohe, und ſich mit der Flna

351 645 1387 82 allhero eylends lalvirte. Sein Bruder Hermann aber wurd gefangei

349 691 436 65 und wohl verwahret.

485 742 1258 85 Anno 952. als Kayſer Orto ſolch Maͤhr hoͤrete, befahl er dal

348 794 1376 80 Franckiſche Kriegs⸗Weeſen ſeinem Bruder Brunoni, Ertz⸗Biſchoff

1714 849 17 65 .

345 889 1362 88 dacht ſich an ſeinem Sohn und Pfaltz⸗ Grafen zu raͤchen, der ruͤ

345 942 1392 83 ſich auch, und wollte dem Vatter Widerſtand thun, St. Utrich abet⸗

345 992 1379 86 und andere mehr verhielten den Schwerd⸗Zug. Die Schwabene

342 1044 1336 86 gaben ſich dem Kayſer, Lndoloh wurd fur den Vatter gefuͤhret⸗

1685 1048 53 62 det

342 1095 1368 85 empfieng den Sohn mit einer liebreichen kraͤfftiger und Vaͤrterlia

340 1145 1360 82 Oration, alſo laurtend: Viel Straffen GOttes ſeynd, vor denen

338 1192 1349 88 mich allzeit geforchten, aber wie haͤtt ich mir eingebildet, das Ung

337 1241 1390 87 koͤnte mich ſo ſehr treffen, da du Ludolphe mein eigner Sohn wide

336 1293 1366 88 mich in Krieg ziehen, und das Schwerdt auf meinen Leib zucken wi

337 1346 1343 85 deſt. Glaube nur, alles was du wider mich ausgeſunnen, hab ich

334 1399 1316 83 ſo ausgelegt, daß ich deine Faͤhler nicht dir zueignete, ſonder

1648 1402 70 69 zene

342 1446 1345 83 Gortloſigkeir, welche durch Betrug dich eingefuͤhrt. Dann welt

340 1498 1376 86 Vatter ſolle ihm einbilden, ſein Sohn, deme er ſo viel Guts gethal

334 1545 1321 91 ſo viel geehrt, und noch hoͤcher ehren wird, von ſich ſelbſten werd

1695 1588 26 65 ie

333 1596 1327 92 der ſeinen Varter den Harniſch anlegen, und unter ſein Faͤhnli

338 1647 1335 87 Hayden, geſchworne Feind des Varrers und Sobns zehlen? woi

331 1706 1304 72 dann Guts von ihnen zu hoffen, wann das Land uberwunden

1663 1697 50 63 un

327 1756 1296 79 der Vatter ermordet? ich hab niemahl gewunſchen daß du ſoleſt

330 1806 1297 84 wunden, minder verlohren werden, ſonder tauſendmahl GOtt

329 1852 1298 88 ten, daß er ſolches Unheyl wolle abwenden. Ich hab dich gewal

1660 1847 43 61 te

331 1907 1258 83 geſehen, kunte dich aber kein Feind nennen; der Nahm eines

1596 1915 38 67 8

334 1954 1307 88 iſt biel zu heilig: ein Feind ſeyn iſt viel grauſamer, als daß ese

329 2001 1316 87 Sohn mag zugeeigner werden. Einen Vatter haſſen, iſt widet

329 2051 1264 102 Geſaͤtz der Natur. So wirſt auch du wenigſte Urſach haben

1602 2049 61 73 det

1875 249 63 57 ter

1877 295 69 60 vhn

1877 338 69 77 dich

1875 390 73 72 ſen

1877 442 73 71 ſetze.

1873 498 77 65 genꝛ

1874 555 75 57 gew

1874 592 67 66 dich

1875 644 74 75 Raͤ

1870 699 76 68 mert

1871 739 64 75 teſt

1874 792 72 70 die

1870 841 72 71 igk⸗

1873 892 76 82 Eeſt

1871 944 78 75 ſchor

1873 998 73 66 dan

1875 1041 63 75 eld

1864 1094 78 123 g

1871 1198 53 66 vit

1866 1245 66 68 nen

1867 1289 65 75 elbf

1875 1343 64 74 Sch

1873 1400 38 59 et

1870 1445 60 66 reu

1867 1491 42 70 ic

1861 1547 60 67 ten

1860 1589 50 68 er

1863 1642 37 60 ꝛ

1857 1742 63 69 gen

1856 1795 50 61 der

1861 1839 55 74 Ni

1861 1895 49 63 ie

1853 1936 71 77 iuhr

1856 1989 75 76 chio
