1959 2500
34 277 102 77 uf rl⸗

41 345 77 56 ieg⸗

30 388 92 64 lbige

29 443 101 61 Anno

51 488 74 60 chen

81 584 44 61 ni

68 636 62 64 deil

72 693 47 63 ze.

765 233 345 72 2 (0) Esg-

1543 244 79 61 29,

225 287 1403 81 namm beede Koͤnigreich Neapolis und Sicilien ein. Unterdeſſen aber

226 343 1400 73 erweckten in Bayrn groſſe Unruhe Graf Albrechr von Bogen, Ra⸗

225 393 1401 77 Doto und Zeinrich, Grafen von Ortenburg, die fiengen Stritt an

232 444 1393 75 degen der Graͤntzen, und Schutz der Cloͤſter. Der von Bogen bracht

226 488 61 62 auf

301 495 1324 75 ſeine Seythen ſein Schwager den Hertzog Orrackher aus Boͤhm.

230 543 1399 82 Der Hertzog Ludwig, Ottonis Magni Sohn, noch jung, und ledi⸗

236 595 1386 75 zes Standes, wollts nicht leyden, beginnete ſie zu ſtraffen, war aber

229 638 33 59 z0

283 648 1343 72 chwach, und muͤßte dem ſtaͤrckeren Theil weichen, uneracht er von

230 700 1398 70 zuderen Fuͤrſten Hulff haͤtte. In dieſem Krieg wurde das Unter⸗

233 750 1391 70 And Bayrn ſehr verwuſt, und leydete der gemeine Mann von Feind

227 780 66 76 un

307 800 1274 75 Freund, wie nicht weniger die Gotts⸗HHaͤuſer groß Ungemach.

345 855 1283 72 Anno 1190. ward die Stadt abermahl mit Brunſt hart verderbet.

344 901 1287 75 Anno 1192. Kayſer Heinrich gebietet Fried; uͤberlegt obange⸗

233 950 1395 76 ogene Streitbarkeit; und weilen der von Bogen faͤhlig, und eines ſo

240 1000 1389 80 haͤdlichen Kriegs Urheber erfunden worden, hat ihne der Kayſer in

238 1054 1390 73 as Enilium, ſogar in Apuliam verwieſen. Hertzog Ludwig hat Gode-

230 1104 1399 80 ſtrido von Srain, um willen er heimlich dem Feind angehangen, den

247 1148 443 75 orf abſchlagen laſſen.

238 1254 1394 77 as in Engelland gefangen, ertreuete ſich ab der Gelegenheit, an ihme

350 1205 1283 76 Leopoldus aus Oeſterreich bekam unweit Wienn Riebardum Koͤ⸗

284 1309 1349 71 achen die Schmach, ſo er Leopoldo in der Belaͤgerung der Stadt

268 1361 1367 70 dlomais in Alia zugefuͤgt. Er lieferte dieſen Gefangenen dem Kayſer

241 1406 1388 71 Hainrich Anno 1192. allhero gen Regenſpurg, der wurde vieler und un⸗

254 1456 1372 77 ttantwortlicher Thaten bezuͤchtiget, die er zwar zimlich abgeleinet, wollte

282 1506 1343 81 uͤder los werden, mußte er dem Kayſer 90e mal hundert tauſend,

240 1556 838 78 Avruld aber 20000.. Ducaten ſpendiren.

350 1612 1281 74 Otto der IV. dis Nahmens Roͤmiſcher Kayſer, Heinrici Leoni⸗

245 1656 1387 82 Joyn, erfuhre Anfangs ſo viel Gluck, als ungluckſeelig ſein Vatter

238 1684 38 56 zu

329 1719 1299 65 o geweſen. Dann nachdem Kayſer Hainrich unter waͤhrendem

247 1761 1384 77 Haraeniſchen Krieg Anno 1197. zu Meſlana geſtorden, iſt dieſer Otto

236 1781 69 74 von

320 1815 1312 76 mnen Theil der Fuͤrſten, vom anderen aber Philippus, Kavſer

244 1861 1388 77 grmnrichs Bruder, welchen der Kaoſer vor ſeinem Tod recommen-

250 1884 76 74 iret

354 1915 1277 78 weil ſein Soͤhnlein Friedrich erſt a. Jahr alt war, zur Kay⸗

241 1958 1388 80 alichen Regierung erwaͤbler worden. Es kunte aber Orto neben Pbr-

232 1977 81 82 Mp

334 2013 1295 80 incht Fried haben, beſonder weil deſſen Macht groͤſſer war, bis

240 2061 1389 84 nannter Philippur Anno 1207. von Otone von WPiriſpach zu Bam⸗

243 2112 1386 103 d rnnieidet wurde. Hierduſf rꝛos. wurd otto glrich einhellis zun

873 2179 138 80 Oo⸗

1519 2172 110 71 Kay⸗

22 794 96 64 oͤffen

23 840 92 75 heilis

30 895 74 70 zefur

27 945 95 70 r205

34 994 85 67 eine.

26 1094 93 65 ums,

66 1190 54 68 de.

20 1443 67 72 ſein

26 1505 60 58 va

51 1547 53 53 m

61 1581 54 71 det

51 1636 60 70 zeu

50 1780 61 74 cin

33 1845 42 61 re

50 1948 44 53 utt
