1959 2500
25 327 104 60 dero

58 369 67 65 chte

22 423 105 61 Anno

27 475 102 70 ſeiner

31 529 91 65 278.

47 576 66 62 oͤmi

23 633 102 72 genus

25 681 98 70 entel.

62 722 57 68 ues

716 262 24 51 .

1071 259 46 60 n

1547 261 86 62 211

786 255 43 76 3

244 305 1391 89 Cnonicum allhie und zu Paſſan erwaͤhler hat. ſosnnes hauſere wie

244 372 1384 73 ſein Vorfahrer, Biſchoff Friderich, unloͤblich, und war dem Stiffe

244 425 1388 70 ſderaus ſchaͤdlich; dann dem Pracht und Hof⸗Leden war er ergeben,

245 476 1388 71 an der Kirchen Nutz namm er ſich nichts an, verthaͤt alles. Verſetz⸗

254 526 1384 69 e theils Gchloͤſſer und Gutter, theils verkauffte er gar. Da nichts er⸗

245 575 1391 72 tlecken wollt, ſucht er Anfangs von S. Emmeram reich zu werden,

248 626 1390 74 ſernach beſchwoͤrt er ſeine Domb⸗ Herren abſonderlich, und endlich

254 679 1385 73 etrum de Lvmago, Chor⸗Herin bey St. Fohannes allhie, und ſein

248 730 1390 68 geweſten Vicarinm Generalem ſelbſten, aus deſſen Rath, telte Hi-

254 779 1385 77 orico Epilcopal Hochrvarto. dieſer Biſchoff vorhero von ſeinem geſam⸗

250 830 1392 76 en Cero ein unbillige Steur nnd Eraction eingeforderet, und zu Handen

250 884 1388 70 cdracht hat. Und dieſes mußte man gedulten 27. Zahr, bis er Anno

263 934 1372 88 9o9 den 2c. April geſtorden. Hat ſein Degraͤbnut in Domb dor

254 973 382 97 5t. Andrea⸗ Altar.

31 883 78 68 ſdol

47 927 61 64 obit

66 1043 42 47 n,

59 1083 45 57 bei

45 1125 63 70 und

41 1177 64 67 und

27 1227 78 70 teln⸗

22 1327 84 81 len

27 1380 60 67 28,

29 1434 66 71 hie

44 1484 49 57 ert

26 1525 75 76 ares

70 1580 20 58 .

769 1118 342 127 Zu ſa t.

283 1277 1350 73 Nter Atone Abbten, wurden folgende Conkeœrderationes gemacht. Anno

341 1325 485 70 r262. mu Reichenbach.

247 1415 92 78 Mlen

368 1388 1275 81 Anno 1271. mit alhieſgen Hochwaͤrdigen Collegiat-Sumt zur alten Ea⸗

347 1500 1278 69 Anno 1570. mit dem Eloſter S. Laurentii, unwveit der Sradr Trient.

352 1562 1288 94 Eden in Neſen 1579 Jabr a die atte Conkœrderation mi Ober⸗Wuͤn⸗

257 1609 359 85 ter erneuerer worden.

243 1700 69 69 der

351 1688 1289 67 Und Anno 1290. mit dem Cloſter F. Pauli allhier. Dieſe Litterr Conſor-

332 1731 833 66 ſonum ſeynd zu leſen in Manulcripto Codice.

248 1833 57 68 tia.

391 1820 1255 67 NB. In dieſem Eapitel pag. 229. gleich Anfangs, ( Ineiden-

248 1883 63 58 nen

359 1866 1283 65 wird erzehlet, daß Carolns IV, Noͤmiſcher Kayſer, das Koͤnigreich Boͤh⸗

357 1908 1286 67 is auf Regenſpurg erweiteren wollte, dahero er das Schloß zu Thumſtauſt

250 1944 1392 75 ceſiger ꝛc. Die Hirren von Negenſpurg haͤtten das Abſehen Caroli des Kanſer;

251 1988 1395 77 mudrcktet, und ſolches hintertrieben ꝛc. Wie ſolches geſchehen ſene, erzehler unſer

297 2037 1345 71 Chriſtophorus Hoſrmann in ſeinen Tractat, den er von Austreibung

255 2058 95 72 deren

368 2088 1274 74 Juden ans Regenſpurg geſchrieben. Dieſen Tractat har Burchara

263 2129 1373 82 occhelt Feruvius in leinen Acis Litterariis tom. I. Falciculo i. ſena 1717.

944 2187 118 68 Un 3

1551 2188 80 64 Pas
