1940 2440
364 189 96 68 126

887 189 36 56 un

585 239 941 76 mit groſſer Andacht auf ein Fagi

580 299 575 68 Der Edel Furſt, wie ich ſag

629 345 726 76 In die Juden Gaß zu arbayten kamn

631 402 700 67 Vnd mit im auch vil Prieſter nam

578 452 792 71 Do man das Sach, vor groſſer Frewe

574 501 616 68 Mancher ſein Zeher da verrert

620 550 724 69 Aul erber Frawen bnd Mayd kamen

619 607 696 72 Fuͤrten vor in ein weyfſen Fannen

574 653 496 68 Sy arbeyten alſo loͤblich

569 700 647 74 Der frewet ſich das Hymelreich

512 756 716 66 S. O Regenſpurg du veſte Stat

627 805 678 65 Hut dich, hynfur nit auff dich lad

569 849 668 68 Die Juͤdiſcheyt die groſſen ſchwer

570 898 720 75 Vnd habt die Prieſterſchafft in Eer

623 954 671 66 Vnd laß ſy bleiben in irem Leben

618 1003 676 70 Du piſt ir zu keym Richter geben

566 1053 681 73 Auch laß ſie ſozen in irem Weſen

569 1106 778 77 Got wirdt wol ſtraffen ſelbs die Boͤſen

614 1156 627 69 Daß du allezeyt ſelig muſt ſein

620 1205 681 70 Vnd ſern von allen Gunden reyn.

658 1321 842 144 Seſchluß dyſes Epruchs.

371 1449 1331 100 Mit einem andechtigem Anſprach zu der ſchoͤnen V

490 1525 1150 94 ria der Hymel Konigin und Mutter Gottes des

932 1599 271 71 Almechtigen.

692 1683 483 76 u Hymeliſche Kayſerin.

671 1737 494 74 Maria mein Furpitterin

601 1787 673 78 Zu Lob ich dir hernach vez ſchreib

603 1840 785 79 Zu Schand des Moshe Judens Weib

554 1891 671 69 Die dich ein Zymermennin nendt

558 1938 613 76 Darumb ſy ewig ſey geſchendt

604 1988 526 75 Maria du Nos Hiericho

601 2034 573 84 All Toͤchter Spon ſeynd fro
