1978 2546
369 248 103 58 112.

939 256 342 72 23 (0) E-

884 366 386 113 Anmerckung.

431 486 1355 82 Fleltins meldet pag. r09. 111, daß unſer Arnoldus von AURELIA geſchrie-

448 537 1340 76 den habe, alleinig es findet ſich nichts in deſſen Echrifften. Die teurſche Wort

376 582 1409 78 pag. r09, zu den Seiren da F. Ramvold Sc. Sc. feynd zwar in einem unſeri⸗

372 633 1414 65 gen Manuſcripto ſo mit Num. 515. bemercket iſt, auch in teutſcher Svrach zu

369 676 1419 70 leſen. Aber dieſe Wort ſeyno ſpaͤter und etwann vor zwey hunderi Fahr in dieſen

369 719 1413 73 Codicem, an einigen uͤbrig⸗ laͤhren Hlatz auſſer der Ordnung eingeſchrieben worden.

372 765 1412 69 In dieſen Codice iſt Anfangs das Mannſcriptnm unſers Arnoldi, von eylfften

367 806 1415 68 Sœculo. Aledann ſolgen die Arcopagitica Hildwini Nach dieſen ſennd in

366 855 1413 61 dem noch uͤbrigen Hlatz des Blats obige Wort zu leſen. Weiters folgen verſchiedene

369 892 1408 68 Note Chronologicz, welche von Anfang des Cloſters S. Emmerami, und de⸗

366 933 1411 68 nen Erſten Biſchoͤffen zu Regenſpurg Meldung thuen. Dieſe Notæ gehen nit wei⸗

360 978 1414 65 ters als biß 1209. Unter dieſen werden auch folgende Wort aeleſen: TNotan-

362 1025 1410 68 dum eſt, quod temporibns Ramvoldi Abbatis patruelis S. Wolfgangi-

360 1067 1412 64 guedam vuella filia regis Franciœ Aurelia nomine, kugiendo con jugale

357 1113 1411 63 commereium protuga venit ad Mlonaſterium Sansti Emmerami Ratisbo-

356 1154 1418 63 nenl Ouam Sanctus Ramvoldus Abbas predictus eleemolinam verentem

356 1196 1415 68 adedle cognovrit in ſpiritu, camqne locarit ad unam ſolirudinem, qua

353 1246 1418 60 nunc vocatur Capella Sancti Andrer, ubi vigitiis & vrationi dus LII.

353 1282 1415 67 annis vinit, migrarit ad Dominum.) Es kan wohl ſenn, daß Cœleſtinus

353 1328 1415 65 Abbt, welcher wuſte, daß unſer Arnoldus vieles von B. Ramvoldo in ſeinen

350 1370 1412 71 zweyten Buch de miraculis S. Emmerami, ( in Dialogo) geſchrieben, der

352 1414 1406 66 Meynung geweſen ſeye, daß in dieſem Buch Arnoldus von Aurelia etwas ge-

349 1459 1413 70 ſchrieben hade. Da nun Cœleſtinns (wie in denen Capitulis zn ſehen) ſowohl

349 1504 1406 66 das Leben S. Emmerami, VVoltgangi, und B. Ramvoldi ans iaͤngeren Scri-

349 1543 1412 69 benten, nemlich Sorio, Wolfgango Selender, Christophoro Hotlinann en-

345 1585 1415 71 nommen, und nur Arnoldum, wie ſelber bey Surio citirt wird, mit angrzogen⸗

340 1629 1420 71 aus dem Originali Arnoldi aber ſeldſten nit genommen, als wuͤrde er gegiaubt

340 1671 1414 67 haben, daß ſolche Hiſtoria de B. Aurelia, die in dem alten obigen Manuicripto

338 1714 1415 72 rtem dey Chriltophoro Hoflmann, und Voltgango Selender zu leſen,) aus

340 1759 1411 71 denen Cchrifften Arnoldi heransgezogen ſene worden. Es ſtehet auch dahin, os

339 1803 1408 71 Cœleſtinus Abbr, die Editionem Henrici Canihii zu Ingolſtart 1602. in wel⸗

339 1845 1411 78 cher die Schrifften unſers Arnoldi zum Erſten in dem Druck gekommen, geſehea

339 1891 1409 76 habe. Das zweyte Buch de Miraculis S. Emmerami, oder bialagus Arnolal,

339 1929 1406 85 iſt weder in ariginali, noch in einer Copia in unſerem Archiro zu finden. E-

339 1974 1406 78 kan ſeyn, daß das Originale einem Liebhaber, oder Henrico Caniſio gelicheit

339 2018 1402 76 worden, und ſrides nir mehr zurnckgegeben worden. Henriens Caniſius ſage.

339 2062 1401 75 auch nicht, woher er ſein Manulcriyrum bekommen, vbwohlen er bey diclen an⸗

338 2106 1386 73 deren das Orch denahmſer, wo er ſeine Mannlcripra gefunden. Der Anfang d

336 2152 1401 78 ſes Dlalogi unſers Arnoldi, alwo er von Adtheuung deren Guͤtern S. Emmera.

1665 2190 78 80 mi-
