1965 2493
16 278 82 64 vico.

777 210 327 71 3 (0) Lèg-

1538 221 57 60 85.

221 254 1400 82 ritte Apoſtoliea geſchahe, wie alle noch verhandene Originalia bezengzen. Die⸗

223 307 1391 71 e Arth und Weis die. Election eines Abbtens zu S. Emmeram vorzunemmen,

224 350 1393 65 danerte dis auf das 17. Sœculum, in welchem, wie hinnach zu ſehen, das Cloſter

224 391 1387 66 S. Emmerami, den PI. Tit. Hermn Biſchoffen Woltgangum, als ſeinen beſonders

227 430 1388 65 ſroſſen Patron, einladere, daß derſelbe perſoͤhnlich, ( doch ohne Prœiudià deren

232 473 1379 71 erechtſamen des Ciſters,) der neuen Wahl eines nenen Abdtens in Nahmen des

225 516 1390 67 Habſtens vorſtehen wolle. So ach hinnach bis auf dieſe Zeiten gehalten worden,

228 562 1382 69 no wiro PI. Tirl. Lirl. Herꝛ Biſchoff zn Regenſpurg, von denen Deyutiͤrten des Cloſters

266 606 1347 60 Emmerami, zur Election muͤndlich eingeladen. Den Tag zur Elettion de-

225 645 1393 65 ammet das Eloſter. Den Tag aber zur Conkirmation und Benediction, ordnet

235 689 1376 67 i. Tirl. der Biſchoff, welcher ſolches Anctoritate Apoſtolica delegata verrichter.

31 376 64 54 lde⸗

619 919 606 114 CAPUTLI

335 1088 1279 75 Er arſte Abbt Hartungus Pfersfelder, war zubor Abbt zu Mi⸗

345 1142 1269 64 chelsfeld in der Obern⸗Pfaltz, hernach auf den Muͤnchs⸗Berg

353 1192 1268 68 zu Bamberg, endlichen zu dieſer Reichs⸗Abbtey aus Pabſt

242 1236 1380 79 sicolai V. Willen Anno ra51. erforderet worden. Er iſt geweſen

241 1289 1380 72 in deredter und verſtaͤndiger Mann, dahero Ludwigen Hertzog in

248 1340 1374 67 ayrn ſehr lieb. (a) Von dieſem erhielt er Conkirmatiohiem omnium

245 1382 1376 72 rivilegiorum Anno 1252. wurde von ihm nacher Rom in wich⸗

239 1427 1380 77 ggen Geſchaͤfften geſchicket. Welche er dann anſehnlich verrich⸗

274 1480 1347 79 auch des Cloſters Prtvilegia ſonderlich die Bullas ſoannis XXII,

279 1529 1342 77 ClementisIV. confirmiren laſſen. Aber in Heimb reiſen noch in

256 1567 28 61 ⸗

303 1580 1318 80 Pabſts Land erkrancket, und geſtorden nach 7. jaͤhriger, 9. Mo⸗

239 1637 1382 79 atbeund 22. taͤgiger Regierung Anno 1a58. (H) Das Convent beſorg⸗

1576 1699 35 61 ze

256 1853 403 66 (a) Originsle in Archivo.

264 1900 1357 63 (O) Unter Hartungo iſt die Rekormation der Eloͤſterlichen Zucht vorgenommen worden. Von die⸗

292 1943 1327 73 er Recormarion m an gantes Duch noch geſchrucdener verhandeni m weichem aues zn leſen, was

295 1973 384 68 damahls angtordnet worden.

284 2015 1338 69 eben unter der Regerung Hartunei Adtens, ſoynd ꝛ. Religioſen ans den Cloſer S Emmera-

299 2060 1323 77 E h ewrdar Viſo atd Hertten vond ulitn wordeb, wi ſoiaes unler Hheiltordorr. HeEnnos

300 2083 146 60 dechreibet.

41 1894 33 89 ,
