1566 2270
158 107 53 54 5s

618 110 41 56 uri

695 110 303 66 S (0) Etz-

121 150 1376 93 nand in Schleſien, Hertzos zu Sagan, Furſt und Regierer der

123 209 950 74 Hauſes Lobkowiz. Logirte bey S. Emmeram.

257 258 1233 88 Zu der in Weſtphzaliſchen Frieden errichteren Achten Ehur

121 316 1371 86 Wuͤrde, wurde Anno 1602. das Neunte Churfuͤrſtenrthumb, in den

126 370 1352 82 Ticl. Fuͤrſtlichen Hauß Braunſchweig⸗ Luͤneburg⸗ Hannover auts⸗

121 419 1366 89 richtet, und iſt gleich in dieſem Jahr den 9. Decembris die ſolenns

118 480 1276 96 invelbitur, dieſes Neunten Elektorarhs zu Wienn vorgeno

1419 479 62 63 net

117 528 174 62 worden.

257 562 1226 95 Tin. Regina Recordinin von Nein, und Heinburg wurde⸗

116 624 1304 77 nach Ableiben Mariæ Thereſiz von Muggenthal, ſo 12. Eahr,

1441 622 45 62 6.

117 673 1355 100 Wochen, 1. Tao regiert, zu einer Furſtin in Nider⸗Munſtere

117 718 141 87 waͤhlt.

256 751 1207 98 Von der Zeit, nemlich von Anno 1060, da erliche Ersſters

112 817 1312 79 nen heiligen Orden widerumen uͤbergeben worden, hatten CEL.Es

114 863 1359 84 NUS und IGNATIUS Aebbte zu S. Emmeram die Admniniſtratiol

113 914 1359 78 des Cloſters Reichenbach verwaltet. Anno 1605. aber im Monart

114 963 1349 78 September iſt R. P. Odilo Mayrhover unſers Cloſters Profeſlue, al

112 1013 1326 76 Abbt zu Reichenbach eingeſetzt, und durch die gegenwaͤrtige Ch

112 1060 1339 83 Bayriſche Titl. Herrn Commillarien, allda denen Unterthanen vo

109 1109 350 68 geſtellet worden.

247 1158 1220 80 Die Regierung Tirl. Frauen Reginu Recordinin &c. Fuͤrſtil

109 1205 1349 81 in Nider⸗Muͤnſter endete ſich nach a. Jahr, 6. Wochen, 1. Lat

111 1254 1312 80 Dahero derſelben in Regierung des Furſtlichen Stiffts Nider⸗M

109 1303 1332 84 ſter als Furſtin ſuccedirte Titl. ſohanna Francilca Sibilla Freyin M

112 1354 873 73 Muggenthal, erwaͤhlt den 19. Fenner 1697.

244 1403 1218 87 Eben in dieſem 1c9yſten Fahr den 22. April macht Tit. Albe

109 1450 1319 91 tus L. Probſt zu St. Magn den Anfang, zu Erbauung des nei

108 1504 1329 78 GOrtes⸗Hauß S. Magni & S. Andrer, welches aber erſt Anno 17.

112 1553 1356 86 den 7. Novembris von Titl Herrn Godefrido Langwert de Sumer

107 1600 940 87 Suftraganeo Ratisbonenſi eingeweyhet worden.

238 1665 1230 79 Der Krieg in denen Spaniſchen Niderlanden wurde indete⸗

108 1711 1364 82 fort geſetzet, zu welchen Zeiten Chur⸗Fuͤrſt Marimilian Emmanuel,

111 1759 1359 80 ſo ſich deſtaͤndig in dieſen Landen, als Spanniſch⸗ Perpernirliche.

107 1813 1368 74 Gouverneur aufgehalten, herꝛliche Zeichen ſeines Helden⸗Geiſts von

111 1861 1359 73 ſich gegeben. Endlichen erfolgte Anno 1697. der Rußwlckiſche Frie⸗

108 1910 1367 87 den, Anno 1090. den 7. Junil ſtarde ſoennes UI Sodie⸗kTꝛ Koͤns

1430 1949 45 64 in
