<?xml version="1.0" encoding="UTF-8"?>
<alto xmlns:xsi="http://www.w3.org/2001/XMLSchema-instance"
      xmlns="http://www.loc.gov/standards/alto/ns-v4#"
      xsi:schemaLocation="http://www.loc.gov/standards/alto/ns-v4# http://www.loc.gov/standards/alto/v4/alto-4-2.xsd">
  <Description>
    <MeasurementUnit>pixel</MeasurementUnit>
    <sourceImageInformation>
      <fileName>image078.jpg</fileName>
      <fileIdentifier>https://archiv.ub.uni-marburg.de/eb/2010/0168</fileIdentifier>
    </sourceImageInformation>
  </Description>
  <Tags>
    <OtherTag ID="BT1" LABEL="Title" DESCRIPTION="block type Title"/><OtherTag ID="BT2" LABEL="Main" DESCRIPTION="block type Main"/><OtherTag ID="BT3" LABEL="Commentary" DESCRIPTION="block type Commentary"/><OtherTag ID="BT4" LABEL="Illustration" DESCRIPTION="block type Illustration"/><OtherTag ID="BT42" LABEL="text" DESCRIPTION="block type text"/>
    <OtherTag ID="LT33" LABEL="default" DESCRIPTION="line type default"/>
  </Tags>
  <Layout>
    <Page WIDTH="1978"
          HEIGHT="2545"
          PHYSICAL_IMG_NR="78"
          ID="eSc_dummypage_">
      <PrintSpace HPOS="0"
                  VPOS="0"
                  WIDTH="1978"
                  HEIGHT="2545">
        <TextBlock HPOS="333"
                   VPOS="226"
                   WIDTH="1452"
                   HEIGHT="1735"
                   ID="eSc_textblock_ad88e7ee"
                   TAGREFS="BT42">
          <Shape><Polygon POINTS="1008 226 1259 243 1328 299 1785 316 1768 1616 1745 1961 1651 1961 1632 1927 1598 1921 333 1904 350 260 400 237 509 288 785 288 877 237 1008 226"/></Shape>
          <TextLine ID="eSc_line_81b255d7"
                    TAGREFS="LT33"
                    BASELINE="868 277 963 289 1174 289 1266 278" 
                    HPOS="867"
                    VPOS="230"
                    WIDTH="399"
                    HEIGHT="79">
            <Shape><Polygon POINTS="1262 247 1247 241 1235 240 1221 240 1206 238 1157 246 1129 233 1121 233 1107 231 1093 231 1079 230 1045 230 1044 230 1042 230 1041 230 1017 246 942 231 940 231 939 231 938 231 918 246 868 246 868 277 867 301 976 308 977 308 979 308 980 308 980 306 989 299 1025 308 1027 308 1028 308 1049 298 1092 298 1106 308 1107 308 1109 308 1110 308 1112 308 1113 308 1113 306 1123 298 1147 298 1157 306 1157 308 1158 308 1160 308 1161 309 1229 309 1229 308 1230 308 1264 296 1266 278 1266 250 1262 247"/></Shape>
            <String CONTENT="188 (0) 229."
                    HPOS="867"
                    VPOS="230"
                    WIDTH="399"
                    HEIGHT="79"
                    WC="0.9730003972848257"></String>
          </TextLine>
          <TextLine ID="eSc_line_ae4cb6f5"
                    TAGREFS="LT33"
                    BASELINE="356 337 663 336 1778 352" 
                    HPOS="355"
                    VPOS="288"
                    WIDTH="1423"
                    HEIGHT="78">
            <Shape><Polygon POINTS="1771 315 1757 315 1743 313 1728 313 1714 313 1700 312 1686 312 1672 312 1658 311 1644 311 1638 309 1608 313 1586 308 1573 308 1559 308 1553 306 1537 313 1444 313 1385 301 1383 301 1287 309 1259 301 1257 301 1256 301 1254 301 1221 309 1164 299 1163 299 1106 308 1031 298 1030 298 946 302 935 295 933 295 932 295 930 295 882 305 659 291 657 291 550 301 482 289 356 288 356 337 355 352 1775 366 1778 352 1778 315 1771 315"/></Shape>
            <String CONTENT="hin gekommen ſenn ſle, Anno 580. geſtorben (n). Hugo Menardus ſchreibet, daß"
                    HPOS="355"
                    VPOS="288"
                    WIDTH="1423"
                    HEIGHT="78"
                    WC="0.9911365007099352"></String>
          </TextLine>
          <TextLine ID="eSc_line_650891e3"
                    TAGREFS="LT33"
                    BASELINE="357 377 1777 393" 
                    HPOS="356"
                    VPOS="340"
                    WIDTH="1421"
                    HEIGHT="79">
            <Shape><Polygon POINTS="357 377 356 393 391 400 393 400 458 393 488 402 489 402 490 402 551 394 686 394 744 408 888 410 889 411 956 411 956 410 957 410 987 400 1020 410 1021 410 1022 410 1024 410 1063 400 1133 412 1134 412 1184 401 1260 408 1262 408 1303 402 1520 417 1522 417 1597 405 1656 418 1658 419 1730 419 1730 418 1731 418 1775 405 1777 393 1775 360 357 340 357 377"/></Shape>
            <String CONTENT="die RNegel Benedicti von deſſen Juͤngern ſclbſten in Teutſchland ſere eingefuhrt"
                    HPOS="356"
                    VPOS="340"
                    WIDTH="1421"
                    HEIGHT="79"
                    WC="0.9828087911009789"></String>
          </TextLine>
          <TextLine ID="eSc_line_dea1665b"
                    TAGREFS="LT33"
                    BASELINE="357 421 599 421" 
                    HPOS="357"
                    VPOS="381"
                    WIDTH="242"
                    HEIGHT="61">
            <Shape><Polygon POINTS="357 421 357 436 468 442 469 442 517 435 546 442 547 442 548 442 599 434 599 421 598 383 539 384 537 384 536 384 536 385 526 394 462 384 461 384 459 384 458 384 458 385 449 393 437 383 437 381 435 381 434 381 432 381 397 388 380 383 379 383 377 383 376 383 374 383 357 393 357 421"/></Shape>
            <String CONTENT="worden. (0)"
                    HPOS="357"
                    VPOS="381"
                    WIDTH="242"
                    HEIGHT="61"
                    WC="0.9675729328935797"></String>
          </TextLine>
          <TextLine ID="eSc_line_3773c1bc"
                    TAGREFS="LT33"
                    BASELINE="478 462 1774 476" 
                    HPOS="476"
                    VPOS="418"
                    WIDTH="1298"
                    HEIGHT="78">
            <Shape><Polygon POINTS="478 462 476 475 554 483 556 483 710 479 737 486 738 486 739 486 864 480 1032 489 1034 489 1229 484 1266 492 1267 492 1624 489 1642 496 1644 496 1645 496 1772 489 1774 476 1772 442 1628 425 1627 425 1563 439 1387 439 1368 424 1366 424 1365 424 1363 424 1362 424 1337 429 1124 419 1079 419 1078 419 1076 419 1041 434 952 419 906 419 905 419 904 419 902 419 881 432 854 425 853 425 851 425 792 428 768 418 766 418 765 418 686 429 657 421 656 421 655 421 478 425 478 462"/></Shape>
            <String CONTENT="Naac dem der heilige Boniſaciug in Teurſchland ankommen, wurde die Re-"
                    HPOS="476"
                    VPOS="418"
                    WIDTH="1298"
                    HEIGHT="78"
                    WC="0.9835871985980442"></String>
          </TextLine>
          <TextLine ID="eSc_line_0af83ccb"
                    TAGREFS="LT33"
                    BASELINE="356 503 1472 520 1771 517" 
                    HPOS="356"
                    VPOS="462"
                    WIDTH="1415"
                    HEIGHT="78">
            <Shape><Polygon POINTS="356 503 356 521 714 520 758 528 759 528 947 524 1051 533 1052 533 1206 527 1372 537 1373 537 1416 530 1587 540 1588 540 1590 540 1610 533 1672 540 1673 540 1770 533 1771 517 1768 482 1564 489 1458 479 1457 479 1383 486 1346 475 1345 475 1344 475 1342 475 1320 484 1225 477 1223 477 1185 483 1170 476 1168 476 1167 476 1088 482 1020 472 1018 472 938 480 915 469 914 469 831 467 830 467 829 467 802 479 730 479 356 462 356 503"/></Shape>
            <String CONTENT="gel S. Benedicti in dem teurſchen Svnodo Anno 722. allen Moͤnchen, und Elo⸗"
                    HPOS="356"
                    VPOS="462"
                    WIDTH="1415"
                    HEIGHT="78"
                    WC="0.9870611516634623"></String>
          </TextLine>
          <TextLine ID="eSc_line_c325f707"
                    TAGREFS="LT33"
                    BASELINE="356 547 1089 559 1771 561" 
                    HPOS="356"
                    VPOS="510"
                    WIDTH="1415"
                    HEIGHT="72">
            <Shape><Polygon POINTS="356 547 356 566 806 566 846 574 847 574 925 568 1093 576 1095 576 1185 571 1358 579 1359 579 1492 574 1634 582 1635 582 1770 575 1771 561 1768 530 1443 530 1420 521 1419 521 1417 521 1416 521 1386 528 1303 521 1301 521 1300 521 1280 528 1221 518 1219 518 986 525 972 517 970 517 969 517 967 517 895 524 864 516 863 516 861 516 807 524 747 514 745 514 580 521 516 511 356 510 356 547"/></Shape>
            <String CONTENT="ſter⸗ Franen vorgeſchriben. Fa, das ſiebende Capitel diſes Svnodi gibt zn erken⸗"
                    HPOS="356"
                    VPOS="510"
                    WIDTH="1415"
                    HEIGHT="72"
                    WC="0.9850015886127949"></String>
          </TextLine>
          <TextLine ID="eSc_line_dbae2dab"
                    TAGREFS="LT33"
                    BASELINE="356 586 1334 605 1771 605" 
                    HPOS="355"
                    VPOS="557"
                    WIDTH="1416"
                    HEIGHT="69">
            <Shape><Polygon POINTS="356 586 355 600 507 610 1206 613 1232 622 1233 622 1235 622 1464 619 1513 626 1515 626 1770 622 1771 605 1770 572 356 557 356 586"/></Shape>
            <String CONTENT="nen, daß ſchon vor diſem Synodo die Benedictiniſche Regel in vielen Orthen ein⸗"
                    HPOS="355"
                    VPOS="557"
                    WIDTH="1416"
                    HEIGHT="69"
                    WC="0.9896449190151843"></String>
          </TextLine>
          <TextLine ID="eSc_line_c0a9219d"
                    TAGREFS="LT33"
                    BASELINE="355 632 1771 647" 
                    HPOS="353"
                    VPOS="598"
                    WIDTH="1418"
                    HEIGHT="63">
            <Shape><Polygon POINTS="355 632 353 646 1768 661 1771 647 1768 610 1645 617 1595 609 1594 609 1515 616 1472 609 1471 609 1386 615 1093 603 1092 603 1003 610 980 602 979 602 977 602 897 609 870 600 868 600 867 600 865 600 840 607 824 600 823 600 822 600 614 606 355 598 355 632"/></Shape>
            <String CONTENT="gefuͤhret worden; die Wort lauten alſo: T Et viram vropriam degere ſeenndum"
                    HPOS="353"
                    VPOS="598"
                    WIDTH="1418"
                    HEIGHT="63"
                    WC="0.9893959124883016"></String>
          </TextLine>
          <TextLine ID="eSc_line_ff1fafb4"
                    TAGREFS="LT33"
                    BASELINE="353 671 1552 694 1772 689" 
                    HPOS="352"
                    VPOS="633"
                    WIDTH="1420"
                    HEIGHT="82">
            <Shape><Polygon POINTS="382 633 380 633 353 639 353 671 352 687 1151 705 1153 705 1198 699 1291 708 1293 708 1337 702 1375 709 1376 709 1502 705 1532 712 1533 712 1535 712 1598 706 1692 715 1693 715 1771 708 1772 689 1770 657 1615 663 1535 653 1533 653 1494 660 1451 651 1346 650 1345 650 1344 650 1325 657 1308 650 1307 650 1305 650 1136 654 810 640 809 640 762 647 693 639 691 639 653 646 498 636 496 636 413 641 383 633 382 633"/></Shape>
            <String CONTENT="Prœdicti Patris (Benedicti) Ordinationem non NEOLIGANT. Daß die"
                    HPOS="352"
                    VPOS="633"
                    WIDTH="1420"
                    HEIGHT="82"
                    WC="0.9948084486855401"></String>
          </TextLine>
          <TextLine ID="eSc_line_20e7a0f2"
                    TAGREFS="LT33"
                    BASELINE="353 728 1774 743" 
                    HPOS="353"
                    VPOS="682"
                    WIDTH="1421"
                    HEIGHT="81">
            <Shape><Polygon POINTS="353 728 353 747 868 746 1771 763 1774 743 1771 702 1646 709 1617 698 1615 698 1614 698 1545 708 1513 695 1512 695 1511 695 1383 701 1337 694 1335 694 1334 694 1308 706 1260 706 1080 691 1079 691 923 701 901 689 899 689 898 689 834 699 741 687 739 687 615 698 585 685 584 685 582 685 440 694 421 684 420 684 353 682 353 728"/></Shape>
            <String CONTENT="Moͤnch ihr Leben nach der Negel Benedicti einzurichten nicht nachlaſſen ſollen, wel⸗"
                    HPOS="353"
                    VPOS="682"
                    WIDTH="1421"
                    HEIGHT="81"
                    WC="0.9802527938570295"></String>
          </TextLine>
          <TextLine ID="eSc_line_748b5bad"
                    TAGREFS="LT33"
                    BASELINE="350 769 1770 790" 
                    HPOS="349"
                    VPOS="730"
                    WIDTH="1421"
                    HEIGHT="88">
            <Shape><Polygon POINTS="350 769 349 784 500 800 502 800 714 791 734 804 735 804 737 804 738 804 739 804 768 793 858 804 860 804 899 797 989 803 990 803 991 803 1011 796 1106 810 1107 810 1199 798 1240 811 1242 811 1243 811 1288 805 1474 814 1475 814 1569 804 1618 817 1620 817 1767 818 1770 790 1770 756 1632 749 1631 749 1581 756 1540 749 1539 749 1501 756 1460 746 1458 746 1457 746 1455 746 1433 755 1329 747 1328 747 1296 753 1187 742 1185 742 1184 742 1148 750 1107 740 1106 740 1011 739 1010 739 857 746 797 736 796 736 795 736 775 745 570 743 557 735 556 735 554 735 553 735 445 740 377 730 376 730 374 730 350 739 350 769"/></Shape>
            <String CONTENT="ches genngſam ameigel, das zuvor diſes Grſat oder Regel zwar angenommen, aber"
                    HPOS="349"
                    VPOS="730"
                    WIDTH="1421"
                    HEIGHT="88"
                    WC="0.9800057554399813"></String>
          </TextLine>
          <TextLine ID="eSc_line_8c7a7b08"
                    TAGREFS="LT33"
                    BASELINE="349 821 1212 829" 
                    HPOS="348"
                    VPOS="781"
                    WIDTH="864"
                    HEIGHT="63">
            <Shape><Polygon POINTS="349 821 348 838 1209 844 1212 829 1211 798 1163 788 1161 788 1160 788 1134 797 1045 788 1044 788 960 796 926 786 925 786 870 786 868 786 867 786 847 794 781 784 779 784 735 791 728 786 728 784 727 784 725 784 672 784 670 784 669 784 643 793 530 784 529 784 527 784 503 791 493 783 493 781 492 781 490 781 489 781 349 788 349 821"/></Shape>
            <String CONTENT="damahls ſchon nachlaͤßig gehalten worden. (p)"
                    HPOS="348"
                    VPOS="781"
                    WIDTH="864"
                    HEIGHT="63"
                    WC="0.9790374742613899"></String>
          </TextLine>
          <TextLine ID="eSc_line_ca2b3420"
                    TAGREFS="LT33"
                    BASELINE="469 863 1764 883" 
                    HPOS="468"
                    VPOS="824"
                    WIDTH="1296"
                    HEIGHT="78">
            <Shape><Polygon POINTS="469 863 468 875 483 883 485 883 747 887 748 887 830 882 848 889 850 889 851 889 1099 886 1116 893 1117 893 1119 893 1300 889 1403 897 1404 897 1665 894 1682 902 1683 902 1685 902 1762 894 1764 883 1764 853 1721 844 1720 844 1719 844 1692 851 1581 842 1580 842 1488 848 1470 839 1468 839 1467 839 1406 845 1379 838 1378 838 1376 838 1314 845 1208 835 1206 835 1117 841 1097 834 1096 834 1095 834 1010 839 966 832 964 832 963 832 933 839 922 831 921 831 919 831 918 831 916 831 898 838 833 831 831 831 751 837 653 827 652 827 510 832 469 824 469 863"/></Shape>
            <String CONTENT="Carolus Magnus redet in ſeinen Capitularibus ( welche er Anno 789."
                    HPOS="468"
                    VPOS="824"
                    WIDTH="1296"
                    HEIGHT="78"
                    WC="0.9878291957306139"></String>
          </TextLine>
          <TextLine ID="eSc_line_dffe0102"
                    TAGREFS="LT33"
                    BASELINE="348 903 1762 927" 
                    HPOS="346"
                    VPOS="863"
                    WIDTH="1416"
                    HEIGHT="82">
            <Shape><Polygon POINTS="348 903 346 916 1760 945 1762 927 1761 887 1679 894 1513 893 1487 883 1485 883 1484 883 1437 890 1396 880 1395 880 1393 880 1392 880 1371 889 1308 889 1245 878 1243 878 1068 883 1014 873 1013 873 940 882 881 872 880 872 680 878 382 863 380 863 348 870 348 903"/></Shape>
            <String CONTENT="beſchloſſen,) von der Regel S. Benedicti anf ſolche Arth, welche klar andentet, daß"
                    HPOS="346"
                    VPOS="863"
                    WIDTH="1416"
                    HEIGHT="82"
                    WC="0.9854468731995089"></String>
          </TextLine>
          <TextLine ID="eSc_line_57da79d0"
                    TAGREFS="LT33"
                    BASELINE="346 944 1760 968" 
                    HPOS="345"
                    VPOS="907"
                    WIDTH="1415"
                    HEIGHT="81">
            <Shape><Polygon POINTS="346 944 345 958 1676 988 1678 988 1758 981 1760 968 1758 938 346 907 346 944"/></Shape>
            <String CONTENT="diſe heilige Regel von allen ſchon angenommen worden. Er fragte unter anderen, c2p. 12."
                    HPOS="345"
                    VPOS="907"
                    WIDTH="1415"
                    HEIGHT="81"
                    WC="0.9830874780128742"></String>
          </TextLine>
          <TextLine ID="eSc_line_5095545d"
                    TAGREFS="LT33"
                    BASELINE="348 993 1764 1018" 
                    HPOS="346"
                    VPOS="954"
                    WIDTH="1418"
                    HEIGHT="80">
            <Shape><Polygon POINTS="348 993 346 1008 1761 1034 1764 1018 1762 976 348 954 348 993"/></Shape>
            <String CONTENT="TDas dann die VHoͤnch in Franckreich vor eine Regel in Franckreich"
                    HPOS="346"
                    VPOS="954"
                    WIDTH="1418"
                    HEIGHT="80"
                    WC="0.9890671390475649"></String>
          </TextLine>
          <TextLine ID="eSc_line_031b4417"
                    TAGREFS="LT33"
                    BASELINE="345 1049 933 1051 1764 1067" 
                    HPOS="345"
                    VPOS="1002"
                    WIDTH="1419"
                    HEIGHT="81">
            <Shape><Polygon POINTS="345 1049 345 1066 425 1060 558 1070 560 1070 594 1063 755 1063 789 1073 790 1073 792 1073 858 1066 1032 1067 1059 1077 1061 1077 1062 1077 1160 1070 1361 1081 1761 1083 1764 1067 1764 1032 1460 1019 1458 1019 1362 1025 1317 1013 1315 1013 1314 1013 1232 1022 1160 1010 1158 1010 939 1015 636 1005 635 1005 584 1013 556 1003 554 1003 410 1002 408 1002 345 1009 345 1049"/></Shape>
            <String CONTENT="gehalten, bevor denenſelben die Regels. Benedicti gegeben worden, da"
                    HPOS="345"
                    VPOS="1002"
                    WIDTH="1419"
                    HEIGHT="81"
                    WC="0.9992605737027"></String>
          </TextLine>
          <TextLine ID="eSc_line_46abaa12"
                    TAGREFS="LT33"
                    BASELINE="340 1098 1760 1116" 
                    HPOS="340"
                    VPOS="1057"
                    WIDTH="1420"
                    HEIGHT="82">
            <Shape><Polygon POINTS="340 1098 340 1119 481 1114 506 1121 507 1121 509 1121 510 1121 541 1114 698 1125 700 1125 768 1116 799 1126 800 1126 802 1126 803 1126 822 1118 919 1125 921 1125 986 1119 1008 1129 1010 1129 1011 1129 1099 1121 1136 1131 1137 1131 1138 1131 1175 1124 1215 1132 1216 1132 1218 1132 1219 1132 1233 1124 1256 1132 1257 1132 1259 1132 1322 1124 1433 1135 1434 1135 1597 1131 1669 1138 1670 1139 1736 1139 1736 1138 1737 1138 1758 1128 1760 1116 1760 1077 340 1057 340 1098"/></Shape>
            <String CONTENT="doch Martinus ſchon ein Vonch geweſen, und wiederumen HHoͤnch"
                    HPOS="340"
                    VPOS="1057"
                    WIDTH="1420"
                    HEIGHT="82"
                    WC="0.9966173357650882"></String>
          </TextLine>
          <TextLine ID="eSc_line_6b0240e7"
                    TAGREFS="LT33"
                    BASELINE="339 1150 1757 1167" 
                    HPOS="338"
                    VPOS="1105"
                    WIDTH="1419"
                    HEIGHT="82">
            <Shape><Polygon POINTS="339 1150 338 1160 448 1163 461 1173 462 1173 464 1173 465 1173 466 1173 493 1166 575 1174 577 1174 679 1167 710 1176 711 1176 713 1176 851 1169 871 1177 872 1177 874 1177 875 1177 877 1177 892 1169 1045 1169 1058 1177 1059 1177 1061 1177 1062 1177 1213 1173 1283 1183 1284 1184 1338 1184 1338 1183 1339 1183 1341 1183 1354 1174 1431 1184 1433 1184 1478 1179 1706 1187 1707 1187 1755 1177 1757 1167 1757 1125 1280 1126 1233 1119 1232 1119 1153 1124 1126 1114 1124 1114 1123 1114 1001 1121 984 1112 983 1112 899 1111 898 1111 897 1111 865 1122 807 1122 779 1109 778 1109 776 1109 621 1115 479 1107 478 1107 476 1107 445 1115 339 1105 339 1150"/></Shape>
            <String CONTENT="unter ſich gehabt habe. Martinus haͤrre ja lang vor S. Benedict gelebr:"
                    HPOS="338"
                    VPOS="1105"
                    WIDTH="1419"
                    HEIGHT="82"
                    WC="0.9832563165207984"></String>
          </TextLine>
          <TextLine ID="eSc_line_2208c262"
                    TAGREFS="LT33"
                    BASELINE="346 1196 1112 1203 1612 1214 1757 1211" 
                    HPOS="345"
                    VPOS="1152"
                    WIDTH="1412"
                    HEIGHT="76">
            <Shape><Polygon POINTS="496 1153 495 1153 493 1153 472 1165 457 1155 455 1155 454 1155 346 1152 346 1196 345 1207 394 1215 396 1215 466 1208 621 1218 622 1218 731 1211 782 1220 783 1220 908 1214 987 1223 989 1223 1073 1215 1181 1215 1196 1225 1198 1225 1199 1225 1201 1225 1257 1218 1355 1227 1356 1228 1755 1228 1757 1211 1754 1169 1644 1180 1478 1170 1477 1170 1475 1170 1447 1177 1380 1165 1379 1165 1321 1176 1276 1165 1274 1165 1273 1165 1201 1174 1155 1162 1154 1162 1153 1162 1055 1170 1035 1160 1034 1160 1032 1160 935 1167 891 1159 889 1159 888 1159 871 1167 850 1159 848 1159 728 1157 727 1157 725 1157 724 1157 713 1165 621 1157 619 1157 618 1157 599 1167 533 1167 498 1153 496 1153"/></Shape>
            <String CONTENT="(9) Ans diſem folget, daß die Negel Benedicti zu Caͤroli M. Zeiten, und lang"
                    HPOS="345"
                    VPOS="1152"
                    WIDTH="1412"
                    HEIGHT="76"
                    WC="0.9845335181606444"></String>
          </TextLine>
          <TextLine ID="eSc_line_43694f69"
                    TAGREFS="LT33"
                    BASELINE="340 1235 1396 1254 1755 1254" 
                    HPOS="339"
                    VPOS="1197"
                    WIDTH="1416"
                    HEIGHT="82">
            <Shape><Polygon POINTS="340 1235 339 1247 410 1248 428 1258 430 1258 431 1258 432 1258 468 1249 505 1259 506 1259 507 1259 547 1252 606 1261 608 1261 648 1252 667 1262 669 1262 670 1262 732 1254 756 1264 758 1264 759 1264 841 1256 854 1265 856 1265 857 1265 858 1266 914 1266 914 1265 915 1265 939 1256 1027 1258 1045 1268 1047 1268 1048 1268 1121 1259 1502 1275 1504 1275 1505 1275 1542 1266 1635 1266 1663 1278 1665 1278 1666 1279 1754 1279 1755 1254 1755 1228 1648 1217 1646 1217 1573 1224 1433 1214 1431 1214 1430 1214 1404 1221 1380 1213 1379 1213 1378 1213 1221 1218 1120 1208 1119 1208 580 1208 489 1208 471 1198 469 1198 468 1198 404 1206 340 1197 340 1235"/></Shape>
            <String CONTENT="vor ihme gantz allein in Franckreich deobachtet worden; weilen keine andere Reglen⸗"
                    HPOS="339"
                    VPOS="1197"
                    WIDTH="1416"
                    HEIGHT="82"
                    WC="0.9831317196409386"></String>
          </TextLine>
          <TextLine ID="eSc_line_b5e50db7"
                    TAGREFS="LT33"
                    BASELINE="343 1278 1426 1290" 
                    HPOS="342"
                    VPOS="1241"
                    WIDTH="1084"
                    HEIGHT="62">
            <Shape><Polygon POINTS="1174 1251 1066 1258 945 1248 943 1248 870 1255 820 1247 819 1247 718 1254 701 1245 700 1245 698 1245 585 1252 563 1244 561 1244 560 1244 490 1251 465 1242 464 1242 462 1242 380 1249 345 1241 343 1278 342 1296 1423 1303 1426 1290 1424 1261 1175 1251 1174 1251"/></Shape>
            <String CONTENT="ſo vorhin allda gehalten worden, gleichſam mehr dekannt waren."
                    HPOS="342"
                    VPOS="1241"
                    WIDTH="1084"
                    HEIGHT="62"
                    WC="0.999658945106691"></String>
          </TextLine>
          <TextLine ID="eSc_line_81f8817e"
                    TAGREFS="LT33"
                    BASELINE="459 1321 1760 1338" 
                    HPOS="458"
                    VPOS="1279"
                    WIDTH="1302"
                    HEIGHT="75">
            <Shape><Polygon POINTS="959 1286 957 1286 943 1293 872 1286 871 1286 799 1292 755 1283 754 1283 752 1283 724 1290 588 1290 475 1280 473 1280 459 1279 459 1321 458 1331 1757 1354 1760 1338 1758 1302 1433 1292 1431 1292 1226 1297 1172 1289 1171 1289 1170 1289 1154 1296 1109 1289 1107 1289 1005 1295 960 1286 959 1286"/></Shape>
            <String CONTENT="Schier in allen Conciliis unter der Regierung Caroli Magni wurde die"
                    HPOS="458"
                    VPOS="1279"
                    WIDTH="1302"
                    HEIGHT="75"
                    WC="0.9973253783057717"></String>
          </TextLine>
          <TextLine ID="eSc_line_abbeedd6"
                    TAGREFS="LT33"
                    BASELINE="340 1364 1755 1379" 
                    HPOS="339"
                    VPOS="1324"
                    WIDTH="1416"
                    HEIGHT="71">
            <Shape><Polygon POINTS="1457 1336 1386 1344 1366 1334 1365 1334 1363 1334 1250 1343 1235 1333 1233 1333 1232 1333 1230 1333 1167 1341 1112 1331 1110 1331 984 1340 969 1330 967 1330 966 1330 964 1330 864 1338 848 1329 847 1329 846 1329 633 1327 632 1327 631 1327 599 1336 523 1326 440 1324 438 1324 437 1324 420 1331 340 1324 340 1364 339 1372 370 1382 372 1382 373 1382 537 1377 567 1384 568 1384 570 1384 571 1384 588 1377 759 1387 761 1387 921 1381 1031 1389 1032 1389 1110 1382 1253 1384 1266 1392 1267 1392 1269 1392 1270 1392 1315 1385 1373 1394 1753 1395 1755 1379 1755 1350 1506 1347 1458 1336 1457 1336"/></Shape>
            <String CONTENT="Regel S. Benedicti anbefohlen. In dem Concilio zu Franckfurt, Anno 791."
                    HPOS="339"
                    VPOS="1324"
                    WIDTH="1416"
                    HEIGHT="71"
                    WC="0.9881193469947492"></String>
          </TextLine>
          <TextLine ID="eSc_line_b425400e"
                    TAGREFS="LT33"
                    BASELINE="339 1408 1757 1423" 
                    HPOS="338"
                    VPOS="1365"
                    WIDTH="1419"
                    HEIGHT="72">
            <Shape><Polygon POINTS="339 1408 338 1418 468 1428 469 1428 725 1423 1754 1437 1757 1423 1755 1391 1653 1382 1652 1382 1458 1387 1438 1379 1437 1379 1436 1379 1345 1385 1331 1377 1329 1377 1328 1377 1327 1377 1254 1382 1243 1375 1242 1375 1240 1375 1239 1375 1130 1381 1112 1374 1110 1374 930 1372 929 1372 928 1372 906 1379 853 1371 851 1371 737 1379 693 1370 691 1370 633 1378 597 1368 595 1368 594 1368 492 1377 469 1367 468 1367 466 1367 387 1375 339 1365 339 1408"/></Shape>
            <String CONTENT="Zu Aachen, Anno 802. Und in denen fuͤnff anderen, Anno 815, als am lenten"
                    HPOS="338"
                    VPOS="1365"
                    WIDTH="1419"
                    HEIGHT="72"
                    WC="0.980107702621042"></String>
          </TextLine>
          <TextLine ID="eSc_line_fd4d8657"
                    TAGREFS="LT33"
                    BASELINE="338 1456 1020 1456 1754 1466" 
                    HPOS="336"
                    VPOS="1412"
                    WIDTH="1418"
                    HEIGHT="68">
            <Shape><Polygon POINTS="1300 1419 1286 1419 1284 1419 1232 1428 1146 1418 1144 1418 1130 1418 1116 1418 1114 1416 1039 1423 861 1415 860 1415 858 1415 824 1423 764 1413 762 1413 473 1422 447 1415 445 1415 444 1415 414 1420 401 1412 400 1412 398 1412 397 1412 338 1415 338 1456 336 1467 1751 1480 1754 1466 1753 1433 1396 1430 1305 1419 1300 1419"/></Shape>
            <String CONTENT="Jahr des Lebens Caroli, zu Cœlaroduni, Tour, Maynꝛ, Rheims, Arelat,"
                    HPOS="336"
                    VPOS="1412"
                    WIDTH="1418"
                    HEIGHT="68"
                    WC="0.9956104292798398"></String>
          </TextLine>
          <TextLine ID="eSc_line_6f034c3e"
                    TAGREFS="LT33"
                    BASELINE="338 1493 1755 1512" 
                    HPOS="338"
                    VPOS="1457"
                    WIDTH="1417"
                    HEIGHT="84">
            <Shape><Polygon POINTS="423 1457 408 1457 394 1457 380 1457 366 1457 352 1457 338 1457 338 1493 338 1514 498 1512 539 1524 540 1524 541 1524 543 1524 575 1514 599 1522 601 1522 844 1529 846 1529 847 1529 872 1518 945 1518 1045 1532 1047 1532 1106 1521 1209 1531 1211 1531 1378 1525 1396 1535 1397 1535 1554 1539 1556 1539 1557 1539 1595 1528 1653 1541 1655 1541 1754 1539 1755 1512 1754 1477 431 1457 423 1457"/></Shape>
            <String CONTENT="hat man viele Catzungen um dir Benedictiner⸗ Regel wieder in ihren vorigen Fior"
                    HPOS="338"
                    VPOS="1457"
                    WIDTH="1417"
                    HEIGHT="84"
                    WC="0.9889281935329679"></String>
          </TextLine>
          <TextLine ID="eSc_line_7b591669"
                    TAGREFS="LT33"
                    BASELINE="338 1534 754 1542" 
                    HPOS="336"
                    VPOS="1502"
                    WIDTH="418"
                    HEIGHT="61">
            <Shape><Polygon POINTS="338 1534 336 1552 400 1548 444 1558 445 1558 447 1558 476 1549 526 1559 527 1559 529 1559 530 1559 544 1551 565 1560 567 1560 568 1560 653 1555 683 1563 684 1563 686 1563 752 1553 754 1542 754 1518 735 1510 734 1510 732 1510 731 1510 703 1517 633 1508 632 1508 631 1508 616 1515 338 1502 338 1534"/></Shape>
            <String CONTENT="zu erheben, angeoronct."
                    HPOS="336"
                    VPOS="1502"
                    WIDTH="418"
                    HEIGHT="61"
                    WC="0.9913264124289803"></String>
          </TextLine>
          <TextLine ID="eSc_line_feb5aefb"
                    TAGREFS="LT33"
                    BASELINE="457 1577 1751 1597" 
                    HPOS="455"
                    VPOS="1538"
                    WIDTH="1296"
                    HEIGHT="76">
            <Shape><Polygon POINTS="457 1577 455 1594 1010 1596 1174 1606 1175 1606 1177 1606 1192 1600 1296 1609 1297 1609 1379 1603 1433 1610 1434 1610 1474 1604 1748 1614 1751 1597 1751 1568 1665 1566 1645 1553 1644 1553 1642 1553 1543 1552 1542 1552 1475 1562 1457 1551 1455 1551 1454 1551 1453 1551 1383 1560 1348 1549 1346 1549 1345 1549 1011 1555 945 1545 943 1545 550 1548 457 1538 457 1577"/></Shape>
            <String CONTENT="In dem Mayntziſchen Concilio, alwo die Biſchoͤff deren Provintzen Mayns,"
                    HPOS="455"
                    VPOS="1538"
                    WIDTH="1296"
                    HEIGHT="76"
                    WC="0.9866235181689262"></String>
          </TextLine>
          <TextLine ID="eSc_line_d997ec97"
                    TAGREFS="LT33"
                    BASELINE="336 1616 1748 1638" 
                    HPOS="335"
                    VPOS="1575"
                    WIDTH="1413"
                    HEIGHT="83">
            <Shape><Polygon POINTS="1537 1594 1536 1594 1436 1601 1400 1593 1397 1593 1383 1593 1379 1592 1313 1599 1225 1592 1223 1592 1155 1597 1131 1590 1130 1590 1129 1590 1045 1596 996 1586 994 1586 541 1587 500 1579 492 1579 486 1579 455 1586 425 1576 424 1576 339 1575 336 1590 336 1616 335 1630 357 1637 359 1637 360 1637 362 1637 384 1628 434 1635 435 1635 500 1630 523 1638 524 1638 526 1638 686 1633 730 1642 867 1645 868 1645 930 1638 1042 1645 1044 1645 1045 1645 1061 1640 1072 1647 1073 1647 1075 1647 1076 1647 1199 1641 1216 1651 1218 1651 1219 1651 1221 1651 1315 1644 1396 1654 1397 1654 1467 1647 1547 1647 1594 1657 1595 1657 1659 1648 1710 1658 1712 1658 1747 1651 1748 1638 1748 1609 1573 1606 1539 1594 1537 1594"/></Shape>
            <String CONTENT="Trier, Coͤlln, und Saltzburg gegenwaͤrng waren, ſeynd verſchiedene Sratuta c2p."
                    HPOS="335"
                    VPOS="1575"
                    WIDTH="1413"
                    HEIGHT="83"
                    WC="0.9881781120843525"></String>
          </TextLine>
          <TextLine ID="eSc_line_d25a0df2"
                    TAGREFS="LT33"
                    BASELINE="338 1661 1363 1683 1748 1685" 
                    HPOS="336"
                    VPOS="1623"
                    WIDTH="1412"
                    HEIGHT="83">
            <Shape><Polygon POINTS="338 1661 336 1674 694 1688 696 1688 807 1682 891 1692 892 1692 894 1692 916 1685 983 1692 984 1692 1031 1686 1042 1695 1044 1695 1045 1695 1047 1695 1078 1689 1105 1696 1106 1696 1107 1696 1143 1689 1297 1691 1322 1700 1324 1700 1604 1706 1605 1706 1747 1699 1748 1685 1745 1644 1710 1650 1579 1642 1577 1642 1576 1642 1535 1652 1495 1652 1464 1638 1462 1638 1461 1638 1397 1650 1380 1638 1379 1638 1378 1638 1320 1635 1318 1635 1252 1647 1160 1633 1158 1633 983 1640 926 1628 925 1628 923 1628 902 1640 820 1640 338 1623 338 1661"/></Shape>
            <String CONTENT="11. de Lara Aonacberum, von dem Stand deren Moͤnchen verfaſſet wor⸗"
                    HPOS="336"
                    VPOS="1623"
                    WIDTH="1412"
                    HEIGHT="83"
                    WC="0.9905180379525939"></String>
          </TextLine>
          <TextLine ID="eSc_line_70a38ff6"
                    TAGREFS="LT33"
                    BASELINE="336 1706 908 1713 1416 1729 1748 1729" 
                    HPOS="335"
                    VPOS="1666"
                    WIDTH="1413"
                    HEIGHT="85">
            <Shape><Polygon POINTS="1250 1682 1249 1682 1090 1688 841 1675 840 1675 697 1679 669 1672 667 1672 666 1672 530 1678 495 1669 493 1669 492 1669 430 1676 336 1666 336 1706 335 1719 476 1730 478 1730 479 1730 498 1724 512 1732 513 1732 515 1732 575 1726 612 1733 614 1733 615 1733 638 1726 718 1734 720 1734 761 1727 973 1739 974 1739 1008 1732 1072 1739 1073 1739 1167 1734 1187 1743 1188 1743 1189 1743 1222 1737 1441 1747 1443 1747 1498 1740 1509 1748 1511 1748 1512 1748 1513 1748 1581 1741 1610 1750 1611 1750 1612 1750 1653 1743 1668 1751 1669 1751 1670 1751 1672 1751 1724 1744 1744 1750 1748 1729 1747 1698 1717 1691 1716 1691 1668 1698 1641 1689 1639 1689 1638 1689 1637 1689 1611 1696 1380 1686 1379 1686 1281 1691 1252 1682 1250 1682"/></Shape>
            <String CONTENT="den, und von der Regel S. Benedisti alein die Meidung geſchehen. Jù alſo gans"
                    HPOS="335"
                    VPOS="1666"
                    WIDTH="1413"
                    HEIGHT="85"
                    WC="0.9991927603622536"></String>
          </TextLine>
          <TextLine ID="eSc_line_b42b7926"
                    TAGREFS="LT33"
                    BASELINE="336 1750 1747 1771" 
                    HPOS="335"
                    VPOS="1712"
                    WIDTH="1412"
                    HEIGHT="77">
            <Shape><Polygon POINTS="1454 1730 1453 1730 1451 1730 1450 1730 1448 1730 1436 1737 1240 1727 1239 1727 1184 1734 1143 1724 1141 1724 1055 1723 1054 1723 973 1730 940 1722 939 1722 938 1722 882 1727 803 1719 802 1719 800 1719 778 1726 653 1717 652 1717 604 1724 502 1715 500 1715 430 1723 336 1712 336 1750 335 1760 476 1771 478 1771 615 1765 697 1774 698 1774 700 1774 701 1774 713 1767 853 1777 854 1777 909 1771 930 1778 932 1778 933 1778 935 1778 963 1771 993 1780 994 1780 996 1780 1208 1775 1276 1784 1695 1789 1696 1789 1745 1781 1747 1771 1747 1743 1731 1734 1730 1734 1728 1734 1675 1741 1658 1733 1656 1733 1655 1733 1618 1740 1586 1732 1584 1732 1583 1732 1581 1732 1580 1732 1566 1740 1501 1732 1499 1732 1465 1739 1455 1730 1454 1730"/></Shape>
            <String CONTENT="klar, daß Anno 813. in den gantzen Fraͤnckiſchen Reich, nemlich Franckreich und"
                    HPOS="335"
                    VPOS="1712"
                    WIDTH="1412"
                    HEIGHT="77"
                    WC="0.9863817578629602"></String>
          </TextLine>
          <TextLine ID="eSc_line_8275171e"
                    TAGREFS="LT33"
                    BASELINE="335 1792 1738 1815" 
                    HPOS="335"
                    VPOS="1751"
                    WIDTH="1403"
                    HEIGHT="81">
            <Shape><Polygon POINTS="335 1792 335 1812 858 1812 1123 1815 1147 1825 1148 1825 1150 1825 1198 1818 1216 1826 1218 1826 1219 1826 1287 1821 1313 1828 1314 1828 1736 1832 1738 1815 1736 1774 1653 1781 1562 1773 1560 1773 1304 1775 1195 1765 1194 1765 1126 1773 1034 1763 1032 1763 987 1770 950 1761 949 1761 947 1761 863 1768 829 1760 827 1760 713 1758 711 1758 710 1758 696 1765 679 1757 677 1757 590 1756 588 1756 522 1763 335 1751 335 1792"/></Shape>
            <String CONTENT="Teutſchland, die Regel S. Benedicti allein denen Ewſtern vorgeſchriben vare. (r)"
                    HPOS="335"
                    VPOS="1751"
                    WIDTH="1403"
                    HEIGHT="81"
                    WC="0.9792329542338848"></String>
          </TextLine>
          <TextLine ID="eSc_line_fb726989"
                    TAGREFS="LT33"
                    BASELINE="457 1838 1430 1855 1741 1852" 
                    HPOS="457"
                    VPOS="1799"
                    WIDTH="1284"
                    HEIGHT="75">
            <Shape><Polygon POINTS="457 1838 457 1857 984 1857 1039 1864 1041 1864 1080 1859 1646 1874 1648 1874 1740 1867 1741 1852 1738 1821 1665 1826 1645 1818 1644 1818 1642 1818 1564 1825 1528 1816 1526 1816 1525 1816 1458 1823 1310 1822 1291 1812 1290 1812 1288 1812 1243 1819 1078 1808 977 1806 976 1806 974 1806 957 1814 871 1805 870 1805 868 1805 867 1805 856 1814 844 1805 843 1805 841 1805 796 1804 795 1804 631 1811 584 1801 582 1801 581 1801 558 1811 523 1811 503 1799 502 1799 500 1799 457 1802 457 1838"/></Shape>
            <String CONTENT="Nun aber, obſchon diſe herlige Negel die allgemeine ware, anch aus Anord⸗"
                    HPOS="457"
                    VPOS="1799"
                    WIDTH="1284"
                    HEIGHT="75"
                    WC="0.9803857141978121"></String>
          </TextLine>
          <TextLine ID="eSc_line_13d588d0"
                    TAGREFS="LT33"
                    BASELINE="332 1876 1745 1897" 
                    HPOS="332"
                    VPOS="1840"
                    WIDTH="1413"
                    HEIGHT="81">
            <Shape><Polygon POINTS="332 1876 332 1901 691 1900 708 1908 710 1908 711 1908 769 1903 803 1910 805 1910 897 1903 1054 1912 1055 1912 1161 1908 1185 1915 1187 1915 1188 1915 1252 1908 1291 1917 1293 1917 1365 1910 1406 1918 1407 1918 1447 1911 1570 1921 1571 1921 1573 1921 1600 1914 1743 1914 1745 1897 1744 1862 1369 1862 990 1849 989 1849 925 1855 868 1847 867 1847 827 1853 796 1846 795 1846 793 1846 710 1852 683 1845 681 1845 680 1845 621 1850 382 1840 380 1840 332 1846 332 1876"/></Shape>
            <String CONTENT="nung deren Concilien, und Caroli Magni, das Cloſter⸗Leden uͤberall darnach"
                    HPOS="332"
                    VPOS="1840"
                    WIDTH="1413"
                    HEIGHT="81"
                    WC="0.9836318734529856"></String>
          </TextLine>
          <TextLine ID="eSc_line_71e4dfd0"
                    TAGREFS="LT33"
                    BASELINE="1648 1939 1745 1939" 
                    HPOS="1648"
                    VPOS="1910"
                    WIDTH="97"
                    HEIGHT="53">
            <Shape><Polygon POINTS="1741 1910 1648 1910 1648 1939 1648 1956 1661 1963 1662 1963 1663 1963 1665 1963 1689 1956 1744 1963 1745 1939 1745 1915 1741 1910"/></Shape>
            <String CONTENT="hatte"
                    HPOS="1648"
                    VPOS="1910"
                    WIDTH="97"
                    HEIGHT="53"
                    WC="0.9985230088233947"></String>
          </TextLine>
        </TextBlock>
        <TextBlock HPOS="345"
                   VPOS="2007"
                   WIDTH="1400"
                   HEIGHT="208"
                   ID="eSc_textblock_0b55cdb3"
                   TAGREFS="BT42">
          <Shape><Polygon POINTS="365 2007 745 2013 837 2041 1017 2052 1700 2052 1745 2064 1745 2108 1356 2142 1298 2181 1209 2187 1180 2209 356 2215 345 2024 365 2007"/></Shape>
          <TextLine ID="eSc_line_a3f9c753"
                    TAGREFS="LT33"
                    BASELINE="363 2041 789 2045" 
                    HPOS="362"
                    VPOS="2007"
                    WIDTH="427"
                    HEIGHT="55">
            <Shape><Polygon POINTS="773 2021 759 2017 745 2013 730 2011 717 2011 703 2011 689 2011 674 2011 663 2016 656 2010 646 2010 632 2010 618 2010 604 2010 592 2010 540 2014 533 2009 533 2009 519 2009 517 2009 505 2014 464 2009 462 2009 448 2007 434 2007 425 2007 417 2013 386 2007 377 2007 363 2007 363 2041 362 2057 633 2052 650 2061 652 2061 653 2061 724 2055 786 2062 789 2045 785 2024 773 2021"/></Shape>
            <String CONTENT="(n) Chronicon Weltendurg."
                    HPOS="362"
                    VPOS="2007"
                    WIDTH="427"
                    HEIGHT="55"
                    WC="0.9979106402397155"></String>
          </TextLine>
          <TextLine ID="eSc_line_1b587fac"
                    TAGREFS="LT33"
                    BASELINE="369 2082 663 2078 1737 2092" 
                    HPOS="369"
                    VPOS="2043"
                    WIDTH="1368"
                    HEIGHT="76">
            <Shape><Polygon POINTS="1436 2052 1378 2060 1354 2052 1345 2052 1331 2052 1327 2052 1228 2060 1216 2052 1215 2052 1213 2052 1212 2052 1211 2052 1195 2060 1178 2052 1177 2052 1175 2052 1141 2060 1030 2052 1020 2052 1005 2051 989 2058 858 2058 839 2047 837 2047 836 2047 834 2047 803 2055 708 2045 694 2045 680 2045 666 2045 652 2045 619 2045 618 2045 616 2045 615 2045 604 2052 469 2043 468 2043 454 2043 440 2043 438 2043 369 2051 369 2082 369 2102 478 2089 543 2102 544 2102 546 2102 602 2088 662 2101 663 2101 725 2089 806 2091 897 2108 898 2108 899 2108 928 2098 1004 2102 1005 2102 1007 2102 1027 2093 1273 2102 1274 2102 1345 2096 1395 2106 1396 2106 1479 2105 1499 2118 1501 2118 1502 2118 1734 2119 1737 2092 1736 2067 1617 2067 1598 2057 1597 2057 1595 2057 1504 2062 1437 2052 1436 2052"/></Shape>
            <String CONTENT="(o) De Origine Ord. S. Dened. pog. 152. &amp; in notis ⸗d viram S. Benedicti Aniane ꝛE vꝛg 11."
                    HPOS="369"
                    VPOS="2043"
                    WIDTH="1368"
                    HEIGHT="76"
                    WC="0.9528703464402093"></String>
          </TextLine>
          <TextLine ID="eSc_line_9c548239"
                    TAGREFS="LT33"
                    BASELINE="366 2123 390 2122" 
                    HPOS="363"
                    VPOS="2088"
                    WIDTH="27"
                    HEIGHT="52">
            <Shape><Polygon POINTS="366 2123 366 2139 389 2140 390 2122 387 2093 363 2088 366 2123"/></Shape>
            <String CONTENT=","
                    HPOS="363"
                    VPOS="2088"
                    WIDTH="27"
                    HEIGHT="52"
                    WC="0.999922513961792"></String>
          </TextLine>
          <TextLine ID="eSc_line_7a0dab6a"
                    TAGREFS="LT33"
                    BASELINE="418 2119 806 2115 1409 2119" 
                    HPOS="418"
                    VPOS="2082"
                    WIDTH="991"
                    HEIGHT="54">
            <Shape><Polygon POINTS="418 2119 418 2129 800 2129 830 2136 831 2136 833 2136 1407 2130 1409 2119 1407 2091 697 2084 696 2084 663 2089 614 2082 612 2082 418 2088 418 2119"/></Shape>
            <String CONTENT="Mabill. prœfat. ad IV. Sœeulum henedictinum S. V. num. 105."
                    HPOS="418"
                    VPOS="2082"
                    WIDTH="991"
                    HEIGHT="54"
                    WC="0.9873915648056288"></String>
          </TextLine>
          <TextLine ID="eSc_line_7534b4b9"
                    TAGREFS="LT33"
                    BASELINE="423 2154 1291 2154" 
                    HPOS="423"
                    VPOS="2122"
                    WIDTH="868"
                    HEIGHT="49">
            <Shape><Polygon POINTS="423 2154 423 2164 1290 2171 1291 2154 1291 2127 423 2122 423 2154"/></Shape>
            <String CONTENT="Mabill. prœfar. ad IV. Sœcul. Benedict. F. V. num. 82."
                    HPOS="423"
                    VPOS="2122"
                    WIDTH="868"
                    HEIGHT="49"
                    WC="0.9793584252949115"></String>
          </TextLine>
          <TextLine ID="eSc_line_e4c88959"
                    TAGREFS="LT33"
                    BASELINE="360 2198 1171 2188" 
                    HPOS="359"
                    VPOS="2156"
                    WIDTH="812"
                    HEIGHT="68">
            <Shape><Polygon POINTS="981 2156 976 2156 959 2161 922 2156 911 2156 897 2156 882 2156 880 2156 827 2163 803 2156 797 2156 792 2156 776 2164 764 2156 755 2156 741 2156 727 2156 713 2156 707 2156 706 2156 698 2164 681 2156 680 2156 679 2156 677 2156 653 2164 606 2156 605 2156 604 2156 565 2167 478 2157 476 2157 359 2168 360 2198 360 2224 413 2224 413 2222 414 2222 440 2212 507 2221 509 2221 614 2209 640 2218 642 2218 643 2218 645 2218 664 2211 673 2219 674 2219 676 2219 677 2219 747 2207 846 2207 863 2215 864 2215 865 2215 867 2215 868 2215 881 2207 918 2216 919 2216 921 2216 922 2216 938 2209 960 2215 962 2215 963 2215 964 2215 966 2215 983 2205 1054 2205 1061 2212 1061 2214 1062 2214 1063 2214 1065 2214 1171 2208 1171 2188 1167 2160 1018 2161 990 2156 981 2156"/></Shape>
            <String CONTENT="() Nadill. ad Sroul. IV. Lenedict. 6. V. nun 5o."
                    HPOS="359"
                    VPOS="2156"
                    WIDTH="812"
                    HEIGHT="68"
                    WC="0.9244727858652672"></String>
          </TextLine>
        </TextBlock>
        <TextBlock HPOS="339"
                   VPOS="1968"
                   WIDTH="129"
                   HEIGHT="21"
                   ID="eSc_textblock_521e3036"
                   TAGREFS="BT42">
          <Shape><Polygon POINTS="352 1968 451 1968 468 1978 356 1989 339 1983 352 1968"/></Shape>
        </TextBlock>
      </PrintSpace>
    </Page>
  </Layout>
</alto>
