1934 2551
762 214 348 80 26 (0) 28-

207 265 1403 94 daltung ſuchten: alſo hat auch S. Ganbaldus anderwaͤrtig nicht als bey

1525 235 85 64 165

205 313 613 83 S. Emmeram relidiren koͤnnen.

212 426 1393 84 ingenehm er dem Daͤpſtlichen Stuhl geweſen; Wie hoch er vom ſelden

333 376 1276 81 Von mehr gedachten S. Bonifacio waͤre viel zu melden: Wie

211 480 1392 82 eicimirer worden; Was Gewalt er in Reformirung des Teutſchlands

218 527 1388 85 etommen; Wie evfferig er ſich um Bekehrung der Hayden, Ver⸗

211 576 1395 90 ſutung der gefahrlichen Ketzereyen, Verbeſſerung des Cleri, und der

214 632 1386 80 ſayen, ſonderdar in Bayrn angenommen; ſo andere Aurhores aus⸗

221 680 1381 88 uhrlich hoffentlich nach Genugen entworffen haben. Glaublich iſt,

236 722 34 61 ?

284 739 1323 77 oeilen in die 51. mit ihme gemarteret worden, ſie auch ſeine Ge⸗

218 785 1389 85 ahrten allhier geweſen ſeyn, und deren noch mehr, damit er aller Or⸗

218 837 1385 87 nn denen Cloͤſtern mit Aebbten, und guten Religiolen, denen Pfar⸗

211 882 782 83 en mit Seeiſorgern verhelffen kunte. (

204 959 100 86 ꝛarer

328 942 1279 76 Von Gaubaldo ſoll man hie billich melden, daß er ein wacht⸗

299 996 1306 74 Hirt ware uber die von GOtt ihme anvertrante Heerd. Ver⸗

218 1041 1384 82 ahrte ſelbe nicht wenig, () lieſſe St. Emmerams⸗Leib in ein koſt⸗

218 1078 59 64 are

297 1098 1310 76 Sarch legen, und dem Volck zu verehren vorſtellen. Regierte

215 1128 45 58 at

282 1150 1323 71 Siſtum 22. Jahr nach unſer Cronic. Hundius und Laurentius Hoch-

224 1194 1382 88 arr wollen 13. Jahr. Iit in unſer Cloſter⸗Kirchen negſt St. Em⸗

207 1238 662 87 derams⸗ Grab beygelegt worden.

320 1302 1286 76 Anno v26. gabe S. Sebaldus, vorhero Koͤnig in Dennemarck

215 1344 1388 88 ſhie einen eyfferigen Prediger ab, und thaͤte in dieſer Stadt groſſe

219 1398 1381 75 Sunderzeichen. Unter andern iſt ſonderbar nit zu verſchweigen, daß

258 1445 1345 84 n groſſer Kaͤlte Winters⸗ Zeit Eotz⸗ Zapffen fuͤr Holtz gebraucht,

209 1492 1394 86 ſeuer darmit gemacht, und ſich erwaͤrmet, und auf ausgebreiten Man⸗

280 1549 1326 83 uder die Tonau gefahren. Er fuͤhrte ein Einſidliſch Leben ben

211 1591 567 88 Curnderg, und ſtarbe herlia.

201 1660 75 83 alte

324 1653 1282 80 Allhie beſindt ſich naͤchſt den .H. HH. Capucinern zu ſeiner Ehr ein

202 1720 75 69 dem

323 1713 1283 69 apellen, darbey ein Beneſicium. Das lus Patronarus gehoͤrt

317 1761 1290 77 iſtumb zu Paſſau. In dem dabey befundenen Garten, hat ein

209 1802 1396 87 Fochwurdig Domb⸗Capitel in dieſen zweren LuRris, mir ſtatruicher Beo⸗

204 1853 1403 94 uͤnt Frauen Marianc va Eliſaderd Graͤßin von Treffendach, gebohrne

842 1924 99 61 & 3

1484 1927 123 65 Graͤ⸗

242 2069 1363 89 O 2n S. Donitacni. Zeuen werden weris Pſarren geurlen ſern. Er ſtrſen Har ꝛ Erſte D-

260 2124 1340 74 ſcchiͤf ungrlenet. Erhe Tnomann. de vereri & noea Dilcipl. in lndicc. de Parcctiir Sc-

233 2159 1305 90 ) Ardola. lid. 2 ds Mirzculis S. Emurran der Eonnge on. IIl. vꝛc ꝛos. err 1.
