1923 2446
724 171 64 69 as

1017 168 117 86 122-

422 220 761 84 All Sach mit Wunder ſich verluffen

428 275 782 78 Was Chriſten mit den Fnden ſchuffen

474 330 762 77 Die Juden Gaſſen thet man zerſtoͤren

471 381 603 68 Der Hymel Kunigin zu Eren

419 426 689 78 Auff ein Gwelb man Argwon het

428 479 765 72 Von Grundt man das zerprechen thet

467 531 780 75 Darinn fandt man ein krummen Weg

470 580 728 77 Da kam man auff den rechten Steg

418 630 650 69 Darbey man wol die Moͤrderey

418 680 661 71 Der Juden mag probieren frey

466 731 569 73 Der Keller was alſo gericht

470 777 666 80 Wenn man einen darinnen ſucht

418 831 610 74 So het er ein heymliche Thuͤr

417 881 706 74 Mann ſach ir nit man gieng darfuͤr

472 933 793 75 Vnd ſo man gleich darein wer kummen

464 985 646 64 So wer er in andern entrunnen

1333 972 13 44 ,

414 1030 754 70 Da ſucht man faſt mit groſſem Fleyß

414 1081 777 72 Daß hernach volgt, iſt aus der Weys

463 1133 818 75 Man fandt ein Stayn mit Laym dedeckt

462 1183 729 72 Gar pald man aus dem Keler tregt

415 1229 821 76 Weg thet man Laym, ab man in wuſch

419 1277 653 75 Vno den all Menſchen ſehen ließ

462 1328 617 70 Sah man alda vergoſſen Blut

463 1373 751 76 Bald man wider in das Gwelb lugt

410 1421 750 75 Da fandt man merklch vnd gar feyn

410 1473 708 70 Daß die Juden noch vergieſſen ſein

457 1521 757 85 Der Chriſten Kynder Blut mit Fleyß

464 1576 587 73 Es iſt keyner wizig oder weyß

410 1629 635 73 Der die Juden gern hat bey im

418 1679 688 78 Dann er hat gern nerriſch Gewin

350 1717 68 88 S.

455 1733 664 74 Achthundert hat man da verjagt

477 1786 818 67 iſt keyner frumm, gleich wie man ſagt

413 1833 947 72 Die Stat mit Frewd entzundet wardr,

452 1886 548 68 n Got zu Eere Maria zart

457 1933 612 72 Zu Reaenſpurg der Edel Furſt

466 1982 689 84 Ind Biſchoff der Sach ein Eer iſt

892 2080 106 91 Hhb

1569 187 74 80 121

1528 2083 100 70 Mir
