1940 2440
414 201 91 60 150

980 195 336 69 15 (0) 229u,

1846 245 65 65 und

549 237 1250 123 D Jabr u dn Neucho. Canlo octaut, und die Hauera

1849 290 85 67 Stai

414 299 360 72 zugericht worden.

1850 341 77 71 on

557 344 1232 85 Nach deme in jett ermeltem 15a2ſten Jahr einige von der Bu

1847 387 56 71 den

421 406 1368 69 gerſchafft unter der Subſcription: Burger, Sugetbane, und Dei

1846 435 88 74 hinty

413 455 1325 73 wandten, ſo zuvor in gleichen Fall lopplicirt, dem Rath aberme

1847 489 80 74 ſondt

414 506 1353 74 um das offentliche Erercitium ihrer neu angenommenen Lehr bir..

1850 539 83 76 Sae

403 555 1378 76 angelangt, iſt der Schluß im Rath ergangen, die Augſpurgiſche Co.

1851 589 55 68 nſ

406 605 1374 78 keſlion offentlich zu introduciren, die Burgerſchafft darzu anzuhalten

406 657 1369 75 hierauf man ſelbiger Seirs die Kirchen zur ſchoͤnen Varia (ve

412 708 1363 72 meyntlich darzu berechtigt) an ſich gezogen, den Nahmen der ſch

1850 713 43 62 u⸗

406 759 1374 70 nen Wariaͤ abgethan, und forthin ſelbe Kirch die neue Pfarrs

1843 764 90 99 Euns

416 809 1349 72 nennt, maſſen darauf ſelbigen Jahrs, ſo verſtandene offentliche lntt

414 854 1366 79 duction geſchehen, und ſolches der Burgerſchafft von dem Ratt

413 910 1360 72 Hauß herab publiciret worden. Deren theils dieſes mit Freuden a

414 963 1325 64 gehoͤrt; andere aber, und zwar noch der mehrere Theil althieſig

1849 948 80 71 Wie

412 1018 1324 66 mahls geweſter Innwohner, ſo bey der alten ſichern Catholiſchen

1884 1007 46 66 ger

1849 1047 65 69 Reit

413 1061 1354 73 ligion verbleiben wolten, haben daruͤber gelacht. Der Magiltrar ne

1845 1099 48 68 Re

416 1112 1316 72 durch Abgeordnete, dieſe vermeynte Reformation denen Hertzoge

1841 1144 42 65 m

416 1161 1312 73 Bayrn und hieſigem Biſchoff notikiciren, in Meynung ein grob

1839 1199 64 69 en,

422 1213 1340 65 zu verdienen, erhielten aber darmit, daß die Bayriſche nit in Res

1839 1247 57 67 m

421 1263 1349 74 ſpurg, und die Regenſpurger nit in Bayrn doͤrfften. Ja um das L

417 1317 1307 68 Luciaͤ haben die Hertzogen in Bayrn, Ludwig und TDilheln

414 1365 1307 69 bruder, allen ihren Unterſeſſen von Adel, Richtern und Pfle⸗

418 1415 1302 73 Praͤlaten, Geiſtlich und Weltlich, Burgern und Baurn, Juns

417 1466 1274 68 Alten, durch ein Fuͤrſtl. Mandat ausgeſchrieben, und in allem

1836 1476 48 70 u

417 1512 1299 76 Land verborten, daß niemand ſoll fahren, reuten oder gehen gei

1846 1533 83 69 danr

418 1564 1273 74 genſpurg, und wo einer begriffen werde, der ihr Unterſeß iſt⸗

1841 1587 25 51 .

416 1615 1274 75 reich oder arm, Edel oder Unedel, den wollen ſie ſtraffen an ?

1843 1629 35 62 ie

416 1665 1278 71 an Gut. Sie haben auch Anno 1522. raiſige Pferd und Leutl

1839 1676 95 75 zahri

417 1713 1262 80 zwey Coͤſter Drifling nnd Pruͤel eingelegt, mit Befelch alles

1839 1729 92 71 alter

414 1766 1269 78 nehmen, was von ihren Leuthen in die Stadt Regenſpurg geful

1850 1785 42 54 a

417 1819 1273 73 getragen werde. Immittels ftengen obenermelte Exercitia in dei

427 1867 1254 75 Pfarr an. Nicolaus Gallus aus Wuͤrtenderg, war der er

1836 1869 82 76 ſpurg

417 1915 1259 76 meonte Pfarrer, hielte den 12. Ocober die erſte Veſper. Den

1835 1923 45 72 er

416 1965 1271 76 nach die teutſche Meß, Predig, und folgends verrichtete er die

1834 1977 47 54 no

420 2013 1256 75 zeiten, Kindsrauffen, und dergleichen. Wo aber von der

1846 2022 30 88 .

418 2064 1250 95 Kirchen der ſchonen Maria, die Kleinodien, Oyfer, vele
