1978 2546
357 220 92 57 100

909 226 89 72 23

1011 227 239 77 (o) cse-

489 275 1268 95 Dieſe Abbteyliche Wuͤrdigkeit zieret er mit einem tugendſamen,

352 328 1409 92 nnd ſo auferdaulichen Leben, daß viel adeliche Kinder bewegt wurden

352 380 1408 95 die Welt zu verlaſſen, und unter ſein Zucht in Gottesdienſt ſich zu be⸗

349 427 1412 103 geben. Gein Arbeit ware, Wachen, Betten, Faſten, ſich gegen

346 478 1411 103 maͤnniglichen liebreich, und gegen die Beduͤrfftigen freygebig zu erzei⸗

348 531 1409 98 gen, wie er dann taͤglich fo. Arme ſpeiſete. (c) Wann von beſſern

349 578 1406 99 Speiſen ſeiner Gaͤſten und Frembden zu Ehren, mit denen er nach

343 628 1412 106 S. Benedicti Befelch pflegte zu eſſen, was aufgetragen wurde, hat

342 681 1412 99 er guten Theil davon, ja alles uͤdergebliebene denen Armen zu geben be⸗

339 731 1416 100 fohlen. Stifftet 2. Spitaͤler, eines fuͤr die Arme, das ander fur die

336 783 1418 95 Krancke; (d) verſahe ſelbe nit allein mit aller Nothdurfft von des

338 834 1413 100 Cloſters Mittlen, ſondern dienete ihnen zum oͤfftern ſelbſten. Truge

335 886 1410 99 ſtats ein Saͤckel bey ſich, aller Orthen denen Armen, die ihme begeg⸗

333 933 1417 99 neten, um Chriſti willen zu helffen. Mit welcher Mildigkeit (die er

332 985 1416 105 ſowohl den An⸗ als Abweſenden bewieſen) erlangte er den Nahmen

328 1035 546 75 eines Vatters der Armen.

464 1089 1283 100 Er achtere nichts hoͤchers als die Reinigkeit des Leibs und der

328 1137 1416 103 Seel; bediente ſich ſchlechter Kleydung; war behutſam und zuͤchtig in

324 1190 1419 99 reden, und allezeit mehr in Geiſtlichen Geſpraͤch als andern gefunden.

322 1240 1421 99 Er war ein Feind des Muͤßigangs, denſelben zu fliehen, hat er ſogar

321 1289 1417 98 nach dem Eſſen keine Ruhe geſucht, ſonder ſelbe Zeit mit Betten,

321 1345 1416 93 ſchoͤner Pſalmen, und Lob⸗Geſanger zugebracht. Richts war ihme

318 1391 1416 102 uͤber das Haus GOttes, oder Kirchen, welche er nach ſeinem Ver⸗

316 1441 1420 104 moͤgen zierte, und mit Geiſtlichen Gefaͤß und Zeug verſahe. Das

315 1496 1423 95 koſtbare Evangeli⸗Buch, ſo von Kaoſer Arnoipho mit S. Dion, kii

316 1548 1417 91 Leib, wie oben vermeldet worden, kommen, hat er erneuern laſſen. (e)

315 1592 1416 95 In dieſen geiſtlich⸗ und weltlichen Wercken, als er ſich emſig ubte, iſt

311 1642 1417 99 er endlich blind worden, (D welches er zwey gantzer Jahr mit hoͤch⸗

311 1697 1419 96 ſter Gedult gelitten, und von ſeiner Frommkeit das mindiſte nicht nach⸗

311 1746 1416 95 gelaſſen, ſondern ſeinen alten Eyffer noch in Beſuchung der Kirchen⸗

311 1799 1413 102 und Begraͤbnuſſen der Heiligen, auch mitten in der Nachr ſeyn Freud

311 1848 1409 103 gehabt. Einsmahls da er in St. Georgen⸗Capellen bey St. Emme⸗

1594 1926 129 71 rams⸗

348 2050 493 68 (c) Barnage vag. 126. tom. 1T.

346 2096 299 48 (d) Ibid. Pag- 127.

346 2127 1165 96 () Eete n Ende duees Caotte dn Anmarcung ven dmn toſttaßrn EvangelDuh.

339 2169 614 84 () brne g⸗ va. Ih Eos al. & uꝛt.

1919 1789 44 52 lt

1919 1835 47 90 e
