1938 2500
37 251 50 55 ert

27 348 53 56 ene

698 195 17 52 .

762 194 334 74 S (0) Fiͤg-

1498 201 81 65 212

202 243 1383 80 Hauytmann ſeinen Bruder Eberharden; ſobald nun Koͤnig Conrad

206 305 1376 74 vayrn verieß, beſuchte Arnolph ſein Land wieder, vertriebe Eber⸗

198 348 1384 81 haͤrden, aber Anno 917. wiche er dem Koͤnig Conraden abermahl.

205 400 1380 77 Hieſer Koͤnig iſt doch bald darauf geſtorben, als Anno 920. wovon

201 430 50 65 m

258 454 1325 73 6. Capitel Meldung geſchehen. Er hat unſerm Cloſter den Forſt

198 483 27 60 1

259 502 1326 77 Sultzbach, und den zehenden Theil des hieſigen Zolls verehrt, und

206 548 877 78 aterſchiedlich Donationes conkirmiret. (m)

197 620 78 84 ꝛen

315 604 1267 76 Die Stadt Regenſpurg bekamm einen mercklichen Zuſatz, in⸗

284 659 1296 71 Kayſer Arnolph aus Andacht und Liebe, ſo er zu S. Emmeram

197 704 1383 80 Fttragen, das Cloſter nicht wollte in Gefahr ſtehen laſſen, ſonder die⸗

204 738 40 59 ſes

266 759 1319 72 erſicheren, und die Stadt erweiteren mit der Stadt⸗Mauer ſo

240 806 1346 78 ſerum gefuͤhret, wie das anliegende Stadt⸗Thor annoch, ſchon im

259 859 1326 71 Jahr verſpoͤrꝛt, allzeit St. Emmerams⸗Thor genennet worden, und

204 904 1221 80 nn Addt darzu ſein Recht und die Schlufſel ſoll gehabt haben.

201 1006 1385 80 ſettigen koͤnnen, den Abgang lupplirte dieſer HHertzog Arnolph um das

316 963 1269 71 Es hat aber gedachter Kayſer dey Lebs⸗Zeiten nicht alles ver⸗

201 1037 99 72 120ſt

202 1083 80 73 aner

320 1062 1265 71 Jahr, bauete darzu mit Huͤͤlff und Steuer ſeiner Land⸗Staͤnd

298 1118 1292 63 groſſen  Thurn, wie ſein Bildnuß vor dieſem zu obriſt am Thurn

200 1130 58 71 nit

273 1165 1314 73 inem ſilbernen Anopf auf der Cron (dann er ſich nicht weniger

201 1186 44 68 A

258 1211 745 79 men Koͤnig geſchaͤtzet) gewieſen. (n)

309 1269 1278 69 Anno 920. nach Conradi Todt bemaͤchtigt ſich Arnolph aber⸗

201 1284 79 74 nah

308 1316 1277 72 Bayrn, nahm Regenſpurg ein, und wurd geliebt von jeder⸗

202 1333 95 79 nann

325 1366 1261 70 weil er das Land von denen Ungarn erledigt. Aber dem Roͤ⸗

265 1415 1320 66 hen Koͤnig Heinrico von Hauß Sachſen (welchen Conradus vor

205 1433 85 78 ener

201 1487 87 74 dare

319 1463 1264 71 Lodt, uneracht er ihme vorhero ſo unguͤnſtig, als Arnolphem

201 1533 49 64 zur

319 1513 1267 78 dem Reich vorgeſchlagen, und befoͤrdert,) gefiel der Handel

295 1566 1287 71 orgend, Hertzog oder Koͤnig Arnolph wurde angenehmer ſeyn,

197 1577 61 79 ꝛde

291 1619 1289 75 ge derohalben ihne mit Krieas⸗Macht. Verglichen ſich aber oh⸗

200 1629 40 64 ae

298 1670 1284 71 igen Schwerd⸗Streich in einer muͤndlichen Conferenz, die Koͤ⸗

195 1677 55 70 nig

276 1719 1307 74 Heinrich durch ein Herolden von Arnolphem begehrt, dermaſſen

205 1763 1377 82 mneduͤch, dab ſie die beſte Freund worden, und Arnolph mit Bege⸗

200 1794 90 71 uag

294 1820 1288 77 des Koͤniglichen Titels, ſo er eine Zeit hero gebraucht, gabe

793 1872 146 69 Do ;

1447 1879 139 72 Koͤnig

225 1995 320 93 n vias diplomat-

282 2066 1294 88 Son Emurerung der Sradt Reguſours durch Armulplun den Xarſer, und wie Hudss Ar,

233 2109 1343 93 vodd. ſbdt nir Rngmnaen umnzcdeng debachr das AAU. Ewual, und deſſen Huſat ves. 122,

22 495 64 64 ꝛnd

33 545 48 63 noͤ

30 761 49 50 ol.

48 822 24 34 .

36 922 33 40 c1.
