1935 2499
390 211 97 59 2ao

894 194 133 76 n128

1059 195 234 72 0) Lag-

391 258 1398 71 ſollt, erſtummeten alle Wohl⸗Redner, die Gedaͤchtnuß entfiel, der

391 310 1393 67 Verftand wiche allen denen jenigen, ſo Brunoni helffen wollten

393 360 1350 71 Worab ſich der Richter entſetzet, GOttes Urtheil erkennet, und

393 413 1393 68 Emmeramo den Handel zugeſprochen. Ob dieſen Sentenz erbleich

391 460 1388 70 Bruno, fiel in Ohnmacht vor lauter Schroͤcken, verluhr den Schlal

391 513 1393 70 in ſelbiger Nacht, und kam in aller Fruhe mit bloſſen Fuͤſſen in unſe

393 565 1379 69 Kirchen, fiele auf die Fuͤß vor allen Altaͤren, ließ bey jeden ein s

390 616 1339 60 wiſſes Opffer, und ſchwure endlich vor S. Emmerams⸗Attar, in 2

395 666 1335 65 ſeyn vieler Zeugen: niemahlen S. Emmerams⸗Guͤtter, oder deſſen.

390 721 1340 63 gehoͤrigen einigen Gewalt anzulegen. Schickte auch aus dem Wir

397 766 1367 68 Haus Wein und Speiſen, welche fur die falſche Richter zubereil

391 816 1330 69 waren, denen Moͤnchen unſers Cloſters, mit Bitt, ſie wollen

393 869 1311 65 GOrt ihme Verzeyhung ſeiner Sunden erlangen. (d) Dieſes

391 917 1370 67 wohl ein Erempel ſeyn, denen, die S. Emmerams⸗ Cloſter verfolgen,

388 962 1381 75 Bemeldte Donation der Hoffmarch Ayterhoffen conkrmirte noch mel

390 1021 1014 70 rers Anno 1021. der heilige Kayſer Hainrich. (e)

533 1066 1225 72 (H Nachdem Anno Chriſti 616. S. Rupert die alte HHaydnils

388 1118 1371 71 Capellen allhie an dem Kornmarckt, naͤchſt dem Payriſchen Palai

387 1171 1313 68 vor dieſem, anjetzo Mauth⸗ Haus ſtehend, gereiniget, und zu C

384 1220 1314 68 der undefleckten Reinigung der Jungfrauen Mariaͤ geweyhet, iſt

387 1271 1316 65 nach Anno 1018. von dem heiligen Kayſer Hainrich, und ſeiner

386 1320 1305 68 mahlin Cunegund darzu eiu anſehnliche Kirchen gebant, und ein

1701 1313 45 60 C.

393 1370 1346 72 legium auf gewiſſe Chor⸗Herren geſtifftet worden. Von dieſer.

386 1424 1268 78 pellen hat man gefunden in einem alten Buch folgende Verlus:

711 1545 503 66 O Sacra vetus Capellula,

713 1603 420 75 DEI Matris Cellula,

709 1671 445 69 Peccatorum Refugium.

715 1731 435 71 le pagani adamaͤrunt,

708 1789 431 69 Ceſares te viſitaͤrunt,

709 1850 427 72 In urbe bae Inbripoli.

423 2060 1288 75 (a) Aroldus Lad. 2. de Mirervlis S. Enmnereni. Vids Lerndge von. II. rꝛe 127.

488 2104 234 56 Vide Diploma.

420 2139 1070 75 11) Ven S. Rvreru Antutt in Daym A vben nee ꝛ6. gemeun vordm.

1636 1906 76 65 car
