1923 2446
948 171 184 80 ) EN-

1554 187 82 86 117

432 232 698 72 Dan GOt in ſeinem hohen Nat

432 286 683 68 Der ſtrafft die obgemelten Stat

486 337 574 67 Vrſach halben der Puberey

481 390 603 62 Die in den Juden iſt allerlay

430 436 678 58 Hamit man GOt erzuͤrnen mag

436 485 708 68 Vnd daß der Piderman hab Klag

481 536 735 71 Hunger vnd Not vnd groſſen Zwang

479 591 741 62 Das lydt der arme Handtwerksman

430 638 772 65 Es was keyn Handtwerk alſo ſchlecht

433 688 864 68 Dem der Fud nie groſſen Schaden precht

483 739 687 64 So einer ein Klayd kauffen wolt

479 786 738 70 Gar bald Er zu dem Fuden trolt

428 837 719 68 Sylber Gſchir Zyn Leinwat pirret

433 890 716 65 Vnd was er ſonſt in HHauß nit het

474 937 762 65 Das fandt Er bey den Juden zuhandt

474 986 670 68 Es was in alles geſetzt zu Pfandt

426 1036 984 70 Wann was man ſtall und raubt mit Gwalt

426 1085 734 65 Das het alles da ſein Auffendthalt

478 1137 874 68 Solch Handlung was manigfeltig ſchad

474 1187 890 74 Die Stat in groſſen Nachtayl pracht

429 1235 775 70 Was vemandt in der Kyrchen fandt

424 1284 746 70 Das kam dem Fuden haym zuhandt

472 1333 755 68 Groß Dteb ſie teglich theten machen

472 1376 687 73 In irer Straff waren Sie lachen

426 1424 980 78 Ein Gut das vmb funffzig Gulden kam

422 1478 704 65 Das nam der Jud vmb zehen an

472 1528 675 71 Het ers ein Wochen oder newn

474 1580 683 73 So zoch ers fur ſein aygen ein,

418 1630 597 72 Mentel Hoſen ond anderlay

424 1686 822 71 Das fandt man bey dem Zuden fayl-

471 1736 953 71 Der Handtwerksman kundt nichts verkauffen

468 1788 824 64 Es was alles zum dem Juden lauffen

424 1829 725 69 Nichts mynder muͤſt er geden Zonß

426 1880 730 74 Von Hewſern Leden vnd auch ſonſt

467 1926 571 79 Noch ein groͤſſere Miſſethat

468 1979 626 86 Ein weyſer Rarh gemerket hat

922 2042 120 75 Gg9

1513 2050 120 91 Das
