<?xml version="1.0" encoding="UTF-8"?>
<alto xmlns:xsi="http://www.w3.org/2001/XMLSchema-instance"
      xmlns="http://www.loc.gov/standards/alto/ns-v4#"
      xsi:schemaLocation="http://www.loc.gov/standards/alto/ns-v4# http://www.loc.gov/standards/alto/v4/alto-4-2.xsd">
  <Description>
    <MeasurementUnit>pixel</MeasurementUnit>
    <sourceImageInformation>
      <fileName>image287.jpg</fileName>
      <fileIdentifier>https://archiv.ub.uni-marburg.de/eb/2010/0168</fileIdentifier>
    </sourceImageInformation>
  </Description>
  <Tags>
    <OtherTag ID="BT1" LABEL="Title" DESCRIPTION="block type Title"/><OtherTag ID="BT2" LABEL="Main" DESCRIPTION="block type Main"/><OtherTag ID="BT3" LABEL="Commentary" DESCRIPTION="block type Commentary"/><OtherTag ID="BT4" LABEL="Illustration" DESCRIPTION="block type Illustration"/><OtherTag ID="BT42" LABEL="text" DESCRIPTION="block type text"/>
    <OtherTag ID="LT33" LABEL="default" DESCRIPTION="line type default"/>
  </Tags>
  <Layout>
    <Page WIDTH="1959"
          HEIGHT="2500"
          PHYSICAL_IMG_NR="287"
          ID="eSc_dummypage_">
      <PrintSpace HPOS="0"
                  VPOS="0"
                  WIDTH="1959"
                  HEIGHT="2500">
        <TextBlock HPOS="16"
                   VPOS="294"
                   WIDTH="127"
                   HEIGHT="537"
                   ID="eSc_textblock_3d24b50a"
                   TAGREFS="BT42">
          <Shape><Polygon POINTS="77 294 131 294 143 350 104 544 126 665 93 831 44 815 44 766 16 726 55 609 16 322 27 300 77 294"/></Shape>
          <TextLine ID="eSc_line_3e4945b8"
                    TAGREFS="LT33"
                    BASELINE="23 333 116 326" 
                    HPOS="20"
                    VPOS="295"
                    WIDTH="96"
                    HEIGHT="57">
            <Shape><Polygon POINTS="20 311 23 333 25 352 116 341 116 326 111 295 31 301 20 311"/></Shape>
            <String CONTENT="Anne"
                    HPOS="20"
                    VPOS="295"
                    WIDTH="96"
                    HEIGHT="57"
                    WC="0.9997598528862"></String>
          </TextLine>
          <TextLine ID="eSc_line_c443070f"
                    TAGREFS="LT33"
                    BASELINE="68 372 98 368" 
                    HPOS="61"
                    VPOS="329"
                    WIDTH="37"
                    HEIGHT="55">
            <Shape><Polygon POINTS="68 372 69 384 98 381 98 368 90 329 61 333 68 372"/></Shape>
            <String CONTENT="7"
                    HPOS="61"
                    VPOS="329"
                    WIDTH="37"
                    HEIGHT="55"
                    WC="0.9749622344970703"></String>
          </TextLine>
          <TextLine ID="eSc_line_bd688771"
                    TAGREFS="LT33"
                    BASELINE="34 418 112 412" 
                    HPOS="31"
                    VPOS="379"
                    WIDTH="81"
                    HEIGHT="61">
            <Shape><Polygon POINTS="34 418 36 440 112 423 112 412 108 379 31 384 34 418"/></Shape>
            <String CONTENT="Iten"
                    HPOS="31"
                    VPOS="379"
                    WIDTH="81"
                    HEIGHT="61"
                    WC="0.9999983906745911"></String>
          </TextLine>
          <TextLine ID="eSc_line_9449cc2e"
                    TAGREFS="LT33"
                    BASELINE="44 461 102 455" 
                    HPOS="41"
                    VPOS="419"
                    WIDTH="61"
                    HEIGHT="68">
            <Shape><Polygon POINTS="44 461 45 487 102 476 102 455 97 419 41 431 44 461"/></Shape>
            <String CONTENT="ogi"
                    HPOS="41"
                    VPOS="419"
                    WIDTH="61"
                    HEIGHT="68"
                    WC="0.9649393955866495"></String>
          </TextLine>
          <TextLine ID="eSc_line_ffb68cb5"
                    TAGREFS="LT33"
                    BASELINE="83 501 100 500" 
                    HPOS="79"
                    VPOS="466"
                    WIDTH="23"
                    HEIGHT="88">
            <Shape><Polygon POINTS="83 501 87 554 102 545 100 500 94 466 79 468 83 501"/></Shape>
            <String CONTENT=""
                    HPOS="79"
                    VPOS="466"
                    WIDTH="23"
                    HEIGHT="88"
                    WC="0.9998881816864014"></String>
          </TextLine>
          <TextLine ID="eSc_line_8d6d0218"
                    TAGREFS="LT33"
                    BASELINE="69 587 98 584" 
                    HPOS="65"
                    VPOS="543"
                    WIDTH="33"
                    HEIGHT="59">
            <Shape><Polygon POINTS="69 587 70 602 98 591 98 584 93 543 65 548 69 587"/></Shape>
            <String CONTENT="ſo"
                    HPOS="65"
                    VPOS="543"
                    WIDTH="33"
                    HEIGHT="59"
                    WC="0.9982618391513824"></String>
          </TextLine>
          <TextLine ID="eSc_line_cfcb66bb"
                    TAGREFS="LT33"
                    BASELINE="54 675 102 670" 
                    HPOS="50"
                    VPOS="633"
                    WIDTH="52"
                    HEIGHT="54">
            <Shape><Polygon POINTS="54 675 54 687 102 686 102 670 95 633 50 647 54 675"/></Shape>
            <String CONTENT="not"
                    HPOS="50"
                    VPOS="633"
                    WIDTH="52"
                    HEIGHT="54"
                    WC="0.9929616649945577"></String>
          </TextLine>
          <TextLine ID="eSc_line_e1fd3139"
                    TAGREFS="LT33"
                    BASELINE="47 716 100 712" 
                    HPOS="44"
                    VPOS="675"
                    WIDTH="56"
                    HEIGHT="62">
            <Shape><Polygon POINTS="47 716 47 730 75 737 76 737 77 737 79 737 100 722 100 712 94 675 44 683 47 716"/></Shape>
            <String CONTENT="Ol⸗"
                    HPOS="44"
                    VPOS="675"
                    WIDTH="56"
                    HEIGHT="62"
                    WC="0.983757754166921"></String>
          </TextLine>
          <TextLine ID="eSc_line_f7eea5bd"
                    TAGREFS="LT33"
                    BASELINE="51 761 102 754" 
                    HPOS="47"
                    VPOS="723"
                    WIDTH="57"
                    HEIGHT="52">
            <Shape><Polygon POINTS="51 761 52 775 104 768 102 754 95 723 47 734 51 761"/></Shape>
            <String CONTENT="nu,"
                    HPOS="47"
                    VPOS="723"
                    WIDTH="57"
                    HEIGHT="52"
                    WC="0.7295231421788534"></String>
          </TextLine>
          <TextLine ID="eSc_line_401bfa4e"
                    TAGREFS="LT33"
                    BASELINE="45 802 102 802" 
                    HPOS="45"
                    VPOS="772"
                    WIDTH="57"
                    HEIGHT="100">
            <Shape><Polygon POINTS="101 788 93 772 45 772 45 802 45 872 102 861 102 802 101 787 101 788"/></Shape>
            <String CONTENT=""
                    HPOS="45"
                    VPOS="772"
                    WIDTH="57"
                    HEIGHT="100"
                    WC="0.9999262690544128"></String>
          </TextLine>
        </TextBlock>
        <TextBlock HPOS="161"
                   VPOS="238"
                   WIDTH="1442"
                   HEIGHT="1443"
                   ID="eSc_textblock_17831d8f"
                   TAGREFS="BT42">
          <Shape><Polygon POINTS="711 238 1053 244 1154 300 1386 300 1499 261 1603 272 1592 1637 1232 1648 1186 1681 461 1681 200 1637 188 383 161 350 188 348 177 305 200 272 571 283 711 238"/></Shape>
          <TextLine ID="eSc_line_fb5123fc"
                    TAGREFS="LT33"
                    BASELINE="686 272 708 276" 
                    HPOS="682"
                    VPOS="240"
                    WIDTH="29"
                    HEIGHT="55">
            <Shape><Polygon POINTS="690 244 686 272 682 290 701 295 708 276 711 243 700 240 690 244"/></Shape>
            <String CONTENT="-"
                    HPOS="682"
                    VPOS="240"
                    WIDTH="29"
                    HEIGHT="55"
                    WC="0.9999897480010986"></String>
          </TextLine>
          <TextLine ID="eSc_line_55180f3c"
                    TAGREFS="LT33"
                    BASELINE="729 283 928 290 1076 283" 
                    HPOS="728"
                    VPOS="238"
                    WIDTH="348"
                    HEIGHT="78">
            <Shape><Polygon POINTS="1061 250 1058 248 940 248 932 241 923 241 912 241 905 248 869 248 858 240 854 240 840 240 826 240 812 240 798 240 784 238 771 238 757 238 743 238 741 238 739 240 737 238 730 238 729 283 728 304 778 313 779 313 780 313 782 313 798 300 833 306 835 306 868 301 907 315 908 315 910 315 911 315 941 301 960 301 973 313 973 315 975 315 976 315 978 316 1058 316 1058 315 1060 315 1061 315 1075 305 1076 283 1072 256 1061 250"/></Shape>
            <String CONTENT="&amp; (O) Ea-"
                    HPOS="728"
                    VPOS="238"
                    WIDTH="348"
                    HEIGHT="78"
                    WC="0.9386507074038187"></String>
          </TextLine>
          <TextLine ID="eSc_line_d4da98a4"
                    TAGREFS="LT33"
                    BASELINE="1504 298 1592 302" 
                    HPOS="1503"
                    VPOS="261"
                    WIDTH="89"
                    HEIGHT="55">
            <Shape><Polygon POINTS="1588 270 1575 268 1561 266 1547 265 1533 263 1519 262 1506 261 1504 298 1503 315 1589 316 1592 302 1592 270 1588 270"/></Shape>
            <String CONTENT="259"
                    HPOS="1503"
                    VPOS="261"
                    WIDTH="89"
                    HEIGHT="55"
                    WC="0.9999695618947347"></String>
          </TextLine>
          <TextLine ID="eSc_line_9ea75d28"
                    TAGREFS="LT33"
                    BASELINE="201 311 461 333 1594 352" 
                    HPOS="200"
                    VPOS="280"
                    WIDTH="1394"
                    HEIGHT="90">
            <Shape><Polygon POINTS="1232 301 1146 312 1103 312 1083 300 1082 300 1080 300 1079 300 1078 300 1044 309 746 305 643 291 641 291 583 301 473 286 472 286 401 297 361 283 359 283 201 280 201 311 200 334 387 338 448 351 543 352 544 352 546 352 580 343 596 354 597 354 598 354 650 355 651 355 778 350 796 358 797 358 798 358 985 355 1075 363 1076 363 1121 354 1180 365 1182 365 1226 356 1406 370 1407 370 1593 363 1594 352 1593 322 1499 308 1497 308 1496 308 1474 319 1360 305 1358 305 1282 312 1233 301 1232 301"/></Shape>
            <String CONTENT="fommen die andaͤchtige Hilgrame wegen denen groſſen ertheilten Indulgentien in."
                    HPOS="200"
                    VPOS="280"
                    WIDTH="1394"
                    HEIGHT="90"
                    WC="0.9835938260525088"></String>
          </TextLine>
          <TextLine ID="eSc_line_2a60213b"
                    TAGREFS="LT33"
                    BASELINE="198 354 300 368 490 376 1590 400" 
                    HPOS="197"
                    VPOS="326"
                    WIDTH="1393"
                    HEIGHT="92">
            <Shape><Polygon POINTS="584 336 583 336 384 340 323 329 322 329 279 334 200 326 198 354 197 377 369 381 387 391 389 391 390 391 432 384 451 393 452 393 543 394 544 394 546 394 565 387 630 397 632 397 716 391 728 398 729 398 730 398 732 398 961 397 1004 405 1005 405 1039 398 1086 406 1087 406 1187 402 1290 412 1292 412 1347 405 1588 418 1590 400 1589 359 1528 366 1439 356 1437 356 1436 356 1410 363 1374 354 1372 354 1371 354 1268 359 1228 350 1226 350 1225 350 1185 358 1169 348 1168 348 1167 348 1090 347 1089 347 1087 347 1053 355 946 344 944 344 943 344 926 352 858 343 857 343 855 343 826 350 719 340 718 340 626 345 586 336 584 336"/></Shape>
            <String CONTENT="ſroſer Menge nach S. Emmeram; mithin kunte dieſe Predig ohne Verhindernuß"
                    HPOS="197"
                    VPOS="326"
                    WIDTH="1393"
                    HEIGHT="92"
                    WC="0.98642654288305"></String>
          </TextLine>
          <TextLine ID="eSc_line_cad86a85"
                    TAGREFS="LT33"
                    BASELINE="198 393 322 412 482 419 1593 441" 
                    HPOS="197"
                    VPOS="370"
                    WIDTH="1396"
                    HEIGHT="92">
            <Shape><Polygon POINTS="964 387 910 395 723 384 722 384 721 384 697 390 668 381 666 381 665 381 664 381 648 388 587 381 586 381 469 386 200 370 198 393 197 422 322 425 348 436 350 436 351 437 351 436 352 436 372 429 483 438 484 438 526 430 573 440 575 440 618 433 651 443 653 443 654 443 700 436 826 445 828 445 887 438 911 448 912 448 914 448 915 448 936 440 992 448 993 448 994 448 1014 443 1026 451 1028 451 1029 451 1030 451 1150 445 1215 455 1217 455 1283 450 1304 456 1306 456 1307 456 1460 454 1590 462 1593 441 1593 411 1401 406 1368 397 1367 397 1365 397 1339 402 1328 395 1326 395 1325 395 1324 395 1322 395 1292 404 1193 393 1192 393 1146 398 1125 391 1123 391 1122 391 1121 391 1094 400 1073 391 1072 391 965 387 964 387"/></Shape>
            <String CONTENT="nten Wahifahrtern nicht gchalten werden, bis ſeibe wiederum theils hinweg ge⸗"
                    HPOS="197"
                    VPOS="370"
                    WIDTH="1396"
                    HEIGHT="92"
                    WC="0.9764450099561122"></String>
          </TextLine>
          <TextLine ID="eSc_line_8927e686"
                    TAGREFS="LT33"
                    BASELINE="195 438 408 461 1180 472" 
                    HPOS="194"
                    VPOS="415"
                    WIDTH="986"
                    HEIGHT="80">
            <Shape><Polygon POINTS="973 430 972 430 930 430 929 430 928 430 926 430 915 440 894 429 893 429 851 429 850 429 848 429 823 437 808 427 807 427 805 427 703 425 701 425 700 425 698 425 683 434 598 427 597 427 596 427 577 433 537 422 536 422 534 422 476 430 380 430 366 420 365 420 364 420 362 420 311 427 293 419 291 419 195 415 195 438 194 468 252 469 263 479 265 479 266 479 268 479 362 472 511 484 512 484 621 477 669 487 671 487 719 480 730 488 732 488 733 488 734 488 776 481 801 490 803 490 804 490 890 483 911 493 912 493 914 493 978 486 1046 495 1047 495 1086 487 1178 491 1180 472 1179 445 1065 444 1042 434 1040 434 1039 434 1001 440 975 430 973 430"/></Shape>
            <String CONTENT="zongen, oder wvenigiſtens um ſolche Zeit bevſammen waren-"
                    HPOS="194"
                    VPOS="415"
                    WIDTH="986"
                    HEIGHT="80"
                    WC="0.982545197532888"></String>
          </TextLine>
          <TextLine ID="eSc_line_9f2aa41c"
                    TAGREFS="LT33"
                    BASELINE="295 512 1089 526 1593 541" 
                    HPOS="295"
                    VPOS="472"
                    WIDTH="1298"
                    HEIGHT="87">
            <Shape><Polygon POINTS="295 512 295 529 375 526 550 538 551 538 609 530 705 541 707 541 753 534 926 536 964 547 965 547 966 547 1197 543 1265 554 1267 554 1312 548 1407 556 1408 556 1410 556 1433 548 1465 556 1467 556 1590 559 1593 541 1592 509 1356 505 1301 493 1300 493 1272 498 1201 490 1200 490 1139 495 1114 488 1112 488 1111 488 1110 488 1069 498 1004 486 943 486 941 486 940 486 918 494 873 483 872 483 871 483 819 490 793 481 791 481 790 481 737 490 482 487 452 479 451 479 450 479 420 484 394 473 393 473 391 473 390 473 389 473 373 483 350 472 348 472 347 472 295 472 295 512"/></Shape>
            <String CONTENT="IIL. In Fontilegio Sacro, ſen hiſtoria Monaſterii Pruflingenſir Authore"
                    HPOS="295"
                    VPOS="472"
                    WIDTH="1298"
                    HEIGHT="87"
                    WC="0.984080412857969"></String>
          </TextLine>
          <TextLine ID="eSc_line_2286bb24"
                    TAGREFS="LT33"
                    BASELINE="205 534 309 554 440 561 1297 575 1592 588" 
                    HPOS="204"
                    VPOS="511"
                    WIDTH="1388"
                    HEIGHT="95">
            <Shape><Polygon POINTS="204 563 426 581 700 587 701 587 703 587 718 580 751 588 753 588 754 588 755 588 782 577 853 588 854 588 855 588 875 581 900 590 901 590 903 590 996 583 1043 595 1044 595 1046 595 1047 595 1072 584 1121 595 1122 595 1123 595 1143 587 1203 587 1233 598 1235 598 1236 598 1280 590 1350 597 1351 597 1404 591 1464 604 1589 606 1592 588 1590 550 1531 552 1425 541 1424 541 1422 541 1406 550 1362 538 1361 538 1360 538 1358 538 1333 547 1289 538 1287 538 1286 538 1267 545 1208 533 1207 533 1205 533 1165 544 1037 531 1036 531 975 540 904 526 903 526 901 526 875 536 818 527 816 527 721 534 650 523 648 523 647 523 625 531 473 530 407 516 405 516 350 522 207 511 205 534 204 563"/></Shape>
            <String CONTENT="C. P. Melcbiore leizer pag. 13. iſt zu leſen, daß unter Reginbardo. Adbten zu"
                    HPOS="204"
                    VPOS="511"
                    WIDTH="1388"
                    HEIGHT="95"
                    WC="0.9645176746628501"></String>
          </TextLine>
          <TextLine ID="eSc_line_c7d44995"
                    TAGREFS="LT33"
                    BASELINE="237 586 444 605 1228 618 1590 630" 
                    HPOS="236"
                    VPOS="558"
                    WIDTH="1354"
                    HEIGHT="93">
            <Shape><Polygon POINTS="237 586 236 612 398 625 400 625 512 619 523 627 525 627 526 627 527 627 529 627 558 620 575 629 576 629 577 629 634 620 654 630 655 630 703 631 704 631 868 626 993 638 994 638 1111 631 1255 644 1257 644 1500 641 1588 651 1590 630 1590 601 1451 587 1450 587 1412 591 1403 584 1401 584 1400 584 1399 584 1293 591 1272 581 1271 581 1269 581 1268 581 1251 588 1224 583 1222 583 1186 590 1111 577 1110 577 1004 581 986 575 985 575 983 575 982 575 944 584 929 575 928 575 926 575 925 575 923 575 900 580 800 570 798 570 751 579 398 573 237 558 237 586"/></Shape>
            <String CONTENT="Emmeram, cinige von ihme (Abbten) abgeſchicket worden, welche das nen⸗"
                    HPOS="236"
                    VPOS="558"
                    WIDTH="1354"
                    HEIGHT="93"
                    WC="0.9901046412331718"></String>
          </TextLine>
          <TextLine ID="eSc_line_77d7041b"
                    TAGREFS="LT33"
                    BASELINE="198 629 337 654 1592 677" 
                    HPOS="197"
                    VPOS="605"
                    WIDTH="1395"
                    HEIGHT="95">
            <Shape><Polygon POINTS="197 659 298 662 336 675 337 675 339 675 511 670 559 679 561 679 562 679 583 672 594 680 596 680 597 680 598 681 632 681 632 680 633 680 657 669 682 677 683 677 684 677 686 677 707 670 855 672 873 681 875 681 992 688 1079 690 1080 690 1082 690 1123 679 1169 691 1171 691 1172 691 1314 686 1332 695 1333 695 1335 695 1382 690 1392 697 1393 697 1394 697 1396 697 1496 687 1589 700 1592 677 1590 644 1425 630 1424 630 1422 630 1386 638 1306 631 1304 631 1274 637 1242 626 1240 626 1239 626 1237 626 1217 633 1176 625 1175 625 1123 633 1108 623 1107 623 1105 623 1053 622 1051 622 928 630 901 620 900 620 898 620 897 620 868 629 841 618 840 618 839 618 794 626 754 619 753 619 716 625 703 616 701 616 700 616 698 616 697 616 678 625 596 625 564 612 562 612 561 612 559 612 526 622 458 611 457 611 394 619 343 608 200 605 198 629 197 659"/></Shape>
            <String CONTENT="ſdante Cloſter Druͤffling mit einen Graben einſchlieſſen ſollten; dann ſelbes ware"
                    HPOS="197"
                    VPOS="605"
                    WIDTH="1395"
                    HEIGHT="95"
                    WC="0.9870647519100003"></String>
          </TextLine>
          <TextLine ID="eSc_line_2b9e9cb3"
                    TAGREFS="LT33"
                    BASELINE="236 683 416 698 1593 720" 
                    HPOS="234"
                    VPOS="652"
                    WIDTH="1359"
                    HEIGHT="89">
            <Shape><Polygon POINTS="236 683 234 705 333 706 377 718 379 718 480 712 582 722 583 722 636 713 650 722 651 722 653 722 654 722 655 722 669 715 765 725 766 725 911 719 972 727 973 727 1037 722 1080 731 1082 731 1083 731 1107 725 1322 737 1324 737 1443 730 1471 740 1472 740 1590 741 1593 720 1593 690 1457 677 1456 677 1454 677 1453 677 1436 688 1399 688 1386 679 1385 679 1383 679 1382 679 1336 686 1315 675 1314 675 1312 675 1189 683 1118 670 1117 670 1062 680 936 679 846 665 844 665 775 672 747 663 746 663 744 663 680 672 665 662 664 662 662 662 661 662 659 662 629 670 530 670 476 658 475 658 473 658 447 668 373 668 236 652 236 683"/></Shape>
            <String CONTENT="Ritte deren Gruͤnden, ſo nach S. Emmeram gehoͤrig, anferbanet. Dahero"
                    HPOS="234"
                    VPOS="652"
                    WIDTH="1359"
                    HEIGHT="89"
                    WC="0.9863834769829459"></String>
          </TextLine>
          <TextLine ID="eSc_line_9cf51a5d"
                    TAGREFS="LT33"
                    BASELINE="200 712 252 723" 
                    HPOS="195"
                    VPOS="676"
                    WIDTH="63"
                    HEIGHT="64">
            <Shape><Polygon POINTS="200 712 195 725 247 740 252 723 258 693 205 676 200 712"/></Shape>
            <String CONTENT="nele"
                    HPOS="195"
                    VPOS="676"
                    WIDTH="63"
                    HEIGHT="64"
                    WC="0.9999485611915588"></String>
          </TextLine>
          <TextLine ID="eSc_line_0432458d"
                    TAGREFS="LT33"
                    BASELINE="283 736 1589 763" 
                    HPOS="282"
                    VPOS="697"
                    WIDTH="1307"
                    HEIGHT="87">
            <Shape><Polygon POINTS="283 736 282 747 366 759 368 759 497 754 547 763 548 763 586 755 604 763 605 763 696 766 697 766 739 758 757 766 758 766 759 766 857 761 873 770 875 770 876 770 878 770 1130 766 1194 766 1221 777 1222 777 1224 777 1225 777 1257 769 1329 780 1331 780 1450 776 1461 783 1462 783 1464 783 1586 784 1589 763 1589 736 1503 725 1501 725 1453 730 1435 722 1433 722 1432 722 1392 730 1224 727 1197 718 1196 718 1194 718 1139 725 1125 715 1123 715 1122 715 1121 715 1008 722 868 709 866 709 741 716 673 705 593 705 591 705 590 705 589 705 577 712 451 702 450 702 351 708 333 698 332 698 283 697 283 736"/></Shape>
            <String CONTENT="Ondernuſſen von Seythen des Abdtens zu S. Emmeram gemacht worden."
                    HPOS="282"
                    VPOS="697"
                    WIDTH="1307"
                    HEIGHT="87"
                    WC="0.9922394083096431"></String>
          </TextLine>
          <TextLine ID="eSc_line_7b385f40"
                    TAGREFS="LT33"
                    BASELINE="202 768 300 784 377 788 1590 811" 
                    HPOS="201"
                    VPOS="740"
                    WIDTH="1389"
                    HEIGHT="91">
            <Shape><Polygon POINTS="201 794 448 811 450 811 543 802 729 805 750 816 751 816 753 816 754 816 784 806 819 818 821 818 822 818 876 811 958 818 960 818 961 818 982 811 1026 822 1028 822 1029 822 1103 818 1244 826 1246 826 1247 826 1265 818 1304 827 1306 827 1307 827 1439 823 1529 831 1531 831 1589 825 1590 811 1590 780 1535 769 1533 769 1415 776 1357 765 1356 765 1354 765 1337 773 1230 766 1229 766 1190 772 1155 758 1154 758 1153 758 1072 763 1048 756 1047 756 1046 756 1044 756 1008 768 911 755 910 755 908 755 872 765 754 765 721 752 719 752 718 752 671 759 634 751 633 751 632 751 630 751 611 761 583 754 582 754 580 754 522 759 498 751 497 751 496 751 390 756 293 741 204 740 202 768 201 794"/></Shape>
            <String CONTENT="oͤss enduch der ſeelige Erminoldur, erſter Abbt in Pruͤffling, mit beſonderer De⸗"
                    HPOS="201"
                    VPOS="740"
                    WIDTH="1389"
                    HEIGHT="91"
                    WC="0.9866005844540067"></String>
          </TextLine>
          <TextLine ID="eSc_line_81b85cd4"
                    TAGREFS="LT33"
                    BASELINE="200 806 265 822" 
                    HPOS="195"
                    VPOS="773"
                    WIDTH="74"
                    HEIGHT="65">
            <Shape><Polygon POINTS="200 806 195 818 258 838 265 822 269 790 207 773 200 806"/></Shape>
            <String CONTENT="nuct"
                    HPOS="195"
                    VPOS="773"
                    WIDTH="74"
                    HEIGHT="65"
                    WC="0.9967385083436966"></String>
          </TextLine>
          <TextLine ID="eSc_line_6b7746eb"
                    TAGREFS="LT33"
                    BASELINE="283 823 608 837 1586 852" 
                    HPOS="282"
                    VPOS="793"
                    WIDTH="1304"
                    HEIGHT="79">
            <Shape><Polygon POINTS="283 823 282 845 640 847 682 856 683 856 808 851 830 859 832 859 833 859 889 852 983 862 985 862 1083 856 1108 863 1110 863 1111 863 1112 863 1130 856 1155 865 1157 865 1158 865 1249 861 1283 868 1285 868 1333 862 1583 872 1586 852 1585 825 1507 816 1506 816 1458 822 1444 813 1443 813 1442 813 1440 813 1439 813 1414 820 1375 812 1374 812 1372 812 1371 812 1358 819 1210 819 1171 809 1169 809 1133 816 1108 806 1107 806 1105 806 1104 806 1078 815 1017 808 1015 808 987 813 973 805 972 805 971 805 903 802 901 802 832 809 804 801 803 801 801 801 800 801 784 808 675 798 673 798 408 802 375 793 373 793 372 793 370 793 341 801 283 793 283 823"/></Shape>
            <String CONTENT="und Gedutt, den Widerſtand des Abbtens zn S. Emmeram uͤberwunden,"
                    HPOS="282"
                    VPOS="793"
                    WIDTH="1304"
                    HEIGHT="79"
                    WC="0.9965033705417926"></String>
          </TextLine>
          <TextLine ID="eSc_line_eb17029e"
                    TAGREFS="LT33"
                    BASELINE="195 848 241 856" 
                    HPOS="193"
                    VPOS="811"
                    WIDTH="51"
                    HEIGHT="64">
            <Shape><Polygon POINTS="243 818 233 815 201 811 195 848 193 861 234 875 241 856 244 818 243 818"/></Shape>
            <String CONTENT="an"
                    HPOS="193"
                    VPOS="811"
                    WIDTH="51"
                    HEIGHT="64"
                    WC="0.9998039603233337"></String>
          </TextLine>
          <TextLine ID="eSc_line_e73267aa"
                    TAGREFS="LT33"
                    BASELINE="257 861 308 872 418 876 1592 898" 
                    HPOS="255"
                    VPOS="834"
                    WIDTH="1337"
                    HEIGHT="81">
            <Shape><Polygon POINTS="255 884 351 886 377 895 379 895 380 895 432 890 500 897 501 897 502 897 519 890 697 893 708 901 709 901 711 901 712 901 714 901 732 895 741 902 743 902 744 902 746 902 800 895 811 904 812 904 814 904 815 904 876 897 918 905 919 905 947 900 1164 911 1165 911 1197 904 1233 912 1235 912 1236 912 1268 905 1304 913 1306 913 1307 915 1590 915 1592 898 1592 865 258 834 257 861 255 884"/></Shape>
            <String CONTENT="ein Vergleich mittels Vertanſchung einiger Gruͤnde gemacht worden. Wie ſol⸗"
                    HPOS="255"
                    VPOS="834"
                    WIDTH="1337"
                    HEIGHT="81"
                    WC="0.9914997084935506"></String>
          </TextLine>
          <TextLine ID="eSc_line_1974ea13"
                    TAGREFS="LT33"
                    BASELINE="195 894 329 918 1386 937" 
                    HPOS="194"
                    VPOS="872"
                    WIDTH="1192"
                    HEIGHT="89">
            <Shape><Polygon POINTS="782 883 746 891 596 880 583 880 569 880 561 879 389 886 351 876 350 876 197 872 195 894 194 926 297 927 332 940 333 940 334 940 375 933 414 943 415 943 416 943 583 936 609 947 611 947 612 947 671 937 687 948 689 948 690 948 691 948 736 941 758 950 759 950 761 950 854 944 922 954 1079 956 1080 956 1082 956 1107 947 1187 959 1189 959 1232 952 1275 959 1276 959 1324 951 1344 961 1346 961 1347 961 1385 955 1386 937 1386 906 1356 898 1354 898 1353 898 1285 904 1272 895 1271 895 1269 895 1268 895 1235 902 1199 894 1197 894 1196 894 1194 894 1167 901 1051 893 1050 893 997 898 969 888 968 888 966 888 923 897 911 887 910 887 908 887 907 887 804 894 790 883 782 883"/></Shape>
            <String CONTENT="ſts in oddemeidter Hiſtoria Pruͤttlingenli mit mehrern deſchrieden iſt."
                    HPOS="194"
                    VPOS="872"
                    WIDTH="1192"
                    HEIGHT="89"
                    WC="0.9862364690068742"></String>
          </TextLine>
          <TextLine ID="eSc_line_e58584a4"
                    TAGREFS="LT33"
                    BASELINE="291 980 580 979 1592 1001" 
                    HPOS="290"
                    VPOS="931"
                    WIDTH="1302"
                    HEIGHT="88">
            <Shape><Polygon POINTS="291 980 290 987 484 998 486 998 527 991 712 994 826 1005 828 1005 930 1000 965 1008 966 1008 968 1008 1011 1001 1105 1011 1107 1011 1147 1004 1174 1012 1175 1012 1176 1012 1237 1005 1318 1015 1319 1015 1371 1008 1431 1016 1432 1016 1433 1016 1451 1009 1589 1019 1592 1001 1590 968 1494 966 1443 954 1442 954 1385 963 1244 950 1162 948 1161 948 1108 958 1060 948 1058 948 992 955 836 944 835 944 786 950 747 941 746 941 643 948 618 937 616 937 615 937 436 944 316 931 315 931 291 936 291 980"/></Shape>
            <String CONTENT="Ich will dieſe Hiſtorie keinesweegs verwerffen; maſſen ſeibe auch in dem"
                    HPOS="290"
                    VPOS="931"
                    WIDTH="1302"
                    HEIGHT="88"
                    WC="0.9898645447360145"></String>
          </TextLine>
          <TextLine ID="eSc_line_499f6ef6"
                    TAGREFS="LT33"
                    BASELINE="200 994 280 1018 320 1022 1585 1050" 
                    HPOS="198"
                    VPOS="975"
                    WIDTH="1387"
                    HEIGHT="94">
            <Shape><Polygon POINTS="198 1026 387 1043 389 1043 573 1037 634 1048 636 1048 805 1041 860 1051 861 1051 983 1045 1028 1055 1029 1055 1151 1051 1182 1061 1183 1061 1185 1061 1225 1054 1325 1063 1326 1063 1328 1063 1361 1055 1383 1065 1385 1065 1386 1065 1435 1058 1467 1068 1468 1068 1582 1069 1585 1050 1583 1020 1524 1005 1522 1005 1426 1009 1374 1002 1372 1002 1371 1002 1369 1002 1350 1015 1300 1015 1262 1001 1261 1001 1260 1001 1258 1001 1228 1008 1114 1000 1112 1000 1047 1008 1025 998 1023 998 1022 998 1021 998 986 1006 958 1000 957 1000 955 1000 894 1004 875 995 873 995 872 995 815 1002 711 1001 693 991 691 991 690 991 653 998 639 990 637 990 636 990 634 990 566 997 525 984 523 984 522 984 521 984 497 993 457 986 455 986 390 993 201 975 200 994 198 1026"/></Shape>
            <String CONTENT="Fanuleripto Codice, ſo Anno 1281. von einen Religioſen zu Druͤffling"
                    HPOS="198"
                    VPOS="975"
                    WIDTH="1387"
                    HEIGHT="94"
                    WC="0.9975134379723493"></String>
          </TextLine>
          <TextLine ID="eSc_line_dbfbb4cd"
                    TAGREFS="LT33"
                    BASELINE="204 1041 216 1047" 
                    HPOS="195"
                    VPOS="1008"
                    WIDTH="32"
                    HEIGHT="54">
            <Shape><Polygon POINTS="195 1056 208 1062 216 1047 227 1016 218 1008 204 1041 195 1056"/></Shape>
            <String CONTENT=","
                    HPOS="195"
                    VPOS="1008"
                    WIDTH="32"
                    HEIGHT="54"
                    WC="0.9998478889465332"></String>
          </TextLine>
          <TextLine ID="eSc_line_46b0848a"
                    TAGREFS="LT33"
                    BASELINE="243 1054 288 1063 391 1069 1589 1090" 
                    HPOS="241"
                    VPOS="1025"
                    WIDTH="1348"
                    HEIGHT="83">
            <Shape><Polygon POINTS="1126 1040 1125 1040 1123 1040 1085 1051 1018 1038 1017 1038 975 1047 919 1037 918 1037 916 1037 890 1045 872 1037 871 1037 869 1037 748 1040 739 1033 737 1033 736 1033 734 1033 662 1043 565 1030 564 1030 509 1041 439 1033 437 1033 365 1038 311 1026 244 1025 243 1054 241 1076 429 1088 430 1088 582 1083 607 1090 608 1090 609 1090 726 1086 773 1094 775 1094 814 1087 837 1095 839 1095 840 1095 896 1090 1047 1100 1048 1100 1097 1094 1514 1108 1515 1108 1588 1101 1589 1090 1589 1061 1436 1059 1401 1050 1400 1050 1399 1050 1397 1050 1383 1056 1349 1050 1347 1050 1207 1054 1153 1052 1128 1040 1126 1040"/></Shape>
            <String CONTENT="hrieden, und von Henrico Caniſio in Druck gegeben worden, (vide Easna-"
                    HPOS="241"
                    VPOS="1025"
                    WIDTH="1348"
                    HEIGHT="83"
                    WC="0.9912642308643886"></String>
          </TextLine>
          <TextLine ID="eSc_line_378555fd"
                    TAGREFS="LT33"
                    BASELINE="207 1088 220 1087" 
                    HPOS="202"
                    VPOS="1050"
                    WIDTH="18"
                    HEIGHT="54">
            <Shape><Polygon POINTS="208 1102 220 1104 220 1087 216 1052 202 1050 207 1088 208 1102"/></Shape>
            <String CONTENT=""
                    HPOS="202"
                    VPOS="1050"
                    WIDTH="18"
                    HEIGHT="54"
                    WC="0.9998507499694824"></String>
          </TextLine>
          <TextLine ID="eSc_line_515aa5a3"
                    TAGREFS="LT33"
                    BASELINE="252 1095 302 1106 516 1115 1586 1136" 
                    HPOS="251"
                    VPOS="1069"
                    WIDTH="1335"
                    HEIGHT="83">
            <Shape><Polygon POINTS="251 1118 343 1129 344 1129 405 1123 441 1131 443 1131 444 1131 552 1127 609 1134 611 1134 612 1134 629 1127 653 1136 654 1136 655 1136 701 1127 714 1137 715 1137 716 1137 718 1137 980 1133 1073 1143 1075 1143 1158 1137 1180 1147 1182 1147 1183 1147 1244 1138 1287 1148 1289 1148 1365 1141 1433 1151 1435 1151 1436 1151 1465 1144 1476 1151 1478 1151 1479 1151 1583 1152 1586 1136 1586 1105 1525 1095 1524 1095 1189 1095 1114 1086 1112 1086 1048 1093 980 1083 979 1083 922 1090 908 1081 907 1081 905 1081 904 1081 847 1088 711 1077 709 1077 653 1083 643 1076 641 1076 640 1076 639 1076 576 1083 254 1069 252 1095 251 1118"/></Shape>
            <String CONTENT="om. IV. pag. 92.) zu leſen iſt, allwo zwar nichts von Reginbardo Abbten"
                    HPOS="251"
                    VPOS="1069"
                    WIDTH="1335"
                    HEIGHT="83"
                    WC="0.9856022302533539"></String>
          </TextLine>
          <TextLine ID="eSc_line_9fa449c6"
                    TAGREFS="LT33"
                    BASELINE="276 1150 1589 1180" 
                    HPOS="275"
                    VPOS="1109"
                    WIDTH="1314"
                    HEIGHT="88">
            <Shape><Polygon POINTS="276 1150 275 1162 575 1175 576 1175 730 1170 753 1179 754 1179 755 1179 798 1172 832 1180 833 1180 835 1180 918 1175 935 1183 936 1183 937 1183 1098 1179 1171 1188 1172 1188 1229 1181 1357 1193 1358 1193 1460 1187 1469 1194 1471 1194 1472 1194 1586 1197 1589 1180 1588 1143 1469 1138 1468 1138 1412 1147 1392 1136 1390 1136 1389 1136 1294 1143 1279 1133 1278 1133 1276 1133 1275 1133 1176 1140 1119 1130 1118 1130 1073 1138 994 1126 993 1126 768 1131 668 1123 666 1123 665 1123 646 1129 621 1120 619 1120 618 1120 616 1120 602 1127 339 1123 276 1109 276 1150"/></Shape>
            <String CONTENT="Emmeram, ſondern nur von denen Moͤnchen allda gemeldet wird. Alleinig"
                    HPOS="275"
                    VPOS="1109"
                    WIDTH="1314"
                    HEIGHT="88"
                    WC="0.9785273774810459"></String>
          </TextLine>
          <TextLine ID="eSc_line_b7d13b84"
                    TAGREFS="LT33"
                    BASELINE="276 1195 887 1204 1589 1223" 
                    HPOS="275"
                    VPOS="1154"
                    WIDTH="1314"
                    HEIGHT="89">
            <Shape><Polygon POINTS="276 1195 275 1211 434 1219 436 1219 479 1212 497 1220 498 1220 500 1220 548 1212 591 1220 593 1220 686 1213 711 1225 712 1225 714 1225 715 1225 736 1215 759 1225 761 1225 762 1225 764 1225 784 1216 986 1227 987 1227 1180 1225 1200 1236 1201 1236 1203 1236 1204 1236 1287 1227 1303 1237 1304 1237 1306 1237 1307 1237 1357 1231 1396 1240 1397 1240 1522 1236 1586 1243 1589 1223 1588 1190 1467 1190 1428 1179 1426 1179 1425 1179 1424 1179 1400 1187 1287 1186 1268 1175 1267 1175 1265 1175 1143 1181 1073 1170 1072 1170 911 1176 883 1166 882 1166 880 1166 879 1166 858 1175 737 1163 736 1163 666 1170 623 1161 622 1161 373 1165 276 1154 276 1195"/></Shape>
            <String CONTENT="s ſich R. P. Melchior Wcixer eintweders in denen Jahren der Regierung"
                    HPOS="275"
                    VPOS="1154"
                    WIDTH="1314"
                    HEIGHT="89"
                    WC="0.9899673306423685"></String>
          </TextLine>
          <TextLine ID="eSc_line_649d3e33"
                    TAGREFS="LT33"
                    BASELINE="209 1208 216 1211" 
                    HPOS="204"
                    VPOS="1176"
                    WIDTH="22"
                    HEIGHT="47">
            <Shape><Polygon POINTS="209 1208 204 1220 209 1223 216 1211 226 1181 220 1176 209 1208"/></Shape>
            <String CONTENT=""
                    HPOS="204"
                    VPOS="1176"
                    WIDTH="22"
                    HEIGHT="47"
                    WC="0.9999604225158691"></String>
          </TextLine>
          <TextLine ID="eSc_line_3166ddaa"
                    TAGREFS="LT33"
                    BASELINE="251 1226 282 1237 373 1243 1586 1265" 
                    HPOS="250"
                    VPOS="1201"
                    WIDTH="1336"
                    HEIGHT="83">
            <Shape><Polygon POINTS="250 1250 400 1262 401 1262 772 1261 894 1262 919 1273 921 1273 922 1273 923 1273 944 1266 1026 1275 1028 1275 1068 1266 1174 1277 1175 1277 1214 1269 1236 1279 1237 1279 1239 1279 1276 1272 1292 1279 1293 1279 1583 1284 1586 1265 1585 1234 1374 1231 1353 1220 1351 1220 1350 1220 1312 1229 1292 1218 1290 1218 1289 1218 1207 1225 1187 1216 1186 1216 846 1211 844 1211 843 1211 816 1219 798 1209 797 1209 796 1209 794 1209 778 1218 740 1208 739 1208 737 1208 736 1208 712 1218 694 1206 693 1206 691 1206 690 1206 629 1213 558 1205 557 1205 505 1213 379 1204 377 1204 327 1211 254 1201 251 1226 250 1250"/></Shape>
            <String CONTENT="rminoldi, und gleich Anfangs in der Jahr⸗ Zahl dieſer Hiſtorie geirret ha-"
                    HPOS="250"
                    VPOS="1201"
                    WIDTH="1336"
                    HEIGHT="83"
                    WC="0.9917034087954341"></String>
          </TextLine>
          <TextLine ID="eSc_line_61b5439c"
                    TAGREFS="LT33"
                    BASELINE="201 1254 233 1259" 
                    HPOS="198"
                    VPOS="1213"
                    WIDTH="39"
                    HEIGHT="62">
            <Shape><Polygon POINTS="201 1254 198 1269 229 1275 233 1259 237 1227 207 1213 201 1254"/></Shape>
            <String CONTENT="de"
                    HPOS="198"
                    VPOS="1213"
                    WIDTH="39"
                    HEIGHT="62"
                    WC="0.9724370539188385"></String>
          </TextLine>
          <TextLine ID="eSc_line_50567cf5"
                    TAGREFS="LT33"
                    BASELINE="275 1281 1008 1293 1319 1305 1588 1305" 
                    HPOS="273"
                    VPOS="1243"
                    WIDTH="1315"
                    HEIGHT="83">
            <Shape><Polygon POINTS="1089 1256 1003 1265 772 1251 761 1251 759 1250 615 1250 614 1250 612 1250 594 1258 572 1251 571 1251 569 1251 568 1251 554 1258 418 1247 416 1247 366 1255 275 1243 275 1281 273 1294 309 1305 311 1305 445 1308 447 1308 525 1300 612 1311 614 1311 689 1302 775 1312 776 1312 851 1305 869 1315 871 1315 872 1315 933 1306 1261 1322 1526 1326 1528 1326 1586 1318 1588 1305 1586 1276 1393 1266 1392 1266 1262 1270 1090 1256 1089 1256"/></Shape>
            <String CONTENT="dann er ſchreiber day B. Erminoldus Anno MCXVII. zu cinen Abdten or-"
                    HPOS="273"
                    VPOS="1243"
                    WIDTH="1315"
                    HEIGHT="83"
                    WC="0.9904501446906258"></String>
          </TextLine>
          <TextLine ID="eSc_line_5aac9c0b"
                    TAGREFS="LT33"
                    BASELINE="205 1294 287 1326 384 1331 1585 1352" 
                    HPOS="204"
                    VPOS="1283"
                    WIDTH="1381"
                    HEIGHT="89">
            <Shape><Polygon POINTS="204 1333 373 1350 375 1350 437 1343 552 1352 554 1352 618 1344 636 1354 637 1354 639 1354 714 1347 750 1356 751 1356 753 1356 807 1348 901 1359 903 1359 904 1359 929 1351 947 1361 948 1361 950 1361 1022 1351 1251 1366 1253 1366 1365 1356 1382 1368 1383 1368 1385 1368 1442 1370 1443 1370 1444 1370 1478 1362 1582 1372 1585 1352 1585 1325 1411 1320 1394 1309 1393 1309 1392 1309 1390 1309 1389 1309 1368 1315 1340 1308 1339 1308 1337 1308 1233 1316 1205 1302 1204 1302 1203 1302 1136 1313 1042 1301 986 1301 985 1301 983 1301 957 1311 930 1301 929 1301 928 1301 878 1308 865 1300 864 1300 862 1300 861 1300 807 1308 794 1298 793 1298 791 1298 711 1293 709 1293 648 1300 639 1293 637 1293 636 1293 634 1293 633 1293 594 1302 490 1293 489 1293 487 1293 468 1301 383 1301 215 1283 205 1294 204 1333"/></Shape>
            <String CONTENT="cnuͤret vorden. Ooer es hat ſolches unter Aeginbardo, Adbten zu S. Emmeram,"
                    HPOS="204"
                    VPOS="1283"
                    WIDTH="1381"
                    HEIGHT="89"
                    WC="0.9723830056190491"></String>
          </TextLine>
          <TextLine ID="eSc_line_f76f2153"
                    TAGREFS="LT33"
                    BASELINE="204 1338 216 1343" 
                    HPOS="184"
                    VPOS="1300"
                    WIDTH="43"
                    HEIGHT="93">
            <Shape><Polygon POINTS="216 1300 204 1338 184 1393 197 1393 204 1377 216 1343 227 1304 223 1301 216 1300"/></Shape>
            <String CONTENT=""
                    HPOS="184"
                    VPOS="1300"
                    WIDTH="43"
                    HEIGHT="93"
                    WC="0.9997915625572205"></String>
          </TextLine>
          <TextLine ID="eSc_line_b63b877c"
                    TAGREFS="LT33"
                    BASELINE="269 1368 1592 1393" 
                    HPOS="268"
                    VPOS="1333"
                    WIDTH="1324"
                    HEIGHT="79">
            <Shape><Polygon POINTS="1194 1347 1151 1354 987 1343 986 1343 985 1343 950 1351 932 1341 930 1341 929 1341 928 1341 904 1350 840 1340 839 1340 565 1344 480 1343 461 1333 459 1333 458 1333 418 1341 269 1333 269 1368 268 1386 596 1394 597 1394 626 1388 643 1395 644 1395 646 1395 709 1390 798 1398 800 1398 844 1393 875 1400 876 1400 878 1400 919 1394 1004 1402 1005 1402 1072 1397 1225 1406 1226 1406 1287 1401 1518 1412 1519 1412 1590 1405 1592 1393 1590 1363 1486 1354 1485 1354 1483 1354 1469 1361 1301 1359 1196 1347 1194 1347"/></Shape>
            <String CONTENT="zeſchehen koͤnnen, welcher in Mitte des eylfften Sœculi Abbr ware, und An-"
                    HPOS="268"
                    VPOS="1333"
                    WIDTH="1324"
                    HEIGHT="79"
                    WC="0.9859344089353407"></String>
          </TextLine>
          <TextLine ID="eSc_line_d53f5237"
                    TAGREFS="LT33"
                    BASELINE="201 1379 233 1383" 
                    HPOS="198"
                    VPOS="1344"
                    WIDTH="38"
                    HEIGHT="61">
            <Shape><Polygon POINTS="198 1394 226 1405 233 1383 236 1358 205 1344 201 1379 198 1394"/></Shape>
            <String CONTENT="ae"
                    HPOS="198"
                    VPOS="1344"
                    WIDTH="38"
                    HEIGHT="61"
                    WC="0.9829047918319702"></String>
          </TextLine>
          <TextLine ID="eSc_line_c0542291"
                    TAGREFS="LT33"
                    BASELINE="273 1405 340 1416 1586 1437" 
                    HPOS="272"
                    VPOS="1377"
                    WIDTH="1314"
                    HEIGHT="75">
            <Shape><Polygon POINTS="272 1425 302 1433 304 1433 305 1433 516 1430 533 1437 534 1437 536 1437 854 1436 883 1443 885 1443 886 1443 1017 1438 1100 1447 1583 1452 1586 1437 1585 1405 1490 1404 1478 1395 1476 1395 1475 1395 1474 1395 1425 1402 1379 1393 1378 1393 1376 1393 1349 1401 1331 1391 1329 1391 1328 1391 1207 1398 1151 1388 1150 1388 1101 1397 1071 1387 1069 1387 1068 1387 1019 1395 926 1384 925 1384 880 1391 858 1383 857 1383 855 1383 651 1388 590 1379 589 1379 515 1386 497 1377 496 1377 494 1377 373 1384 275 1377 273 1405 272 1425"/></Shape>
            <String CONTENT="162, oder 62. geſtorden. Ich widerſpriche alſo nicht der Hiſtorie, ſondern"
                    HPOS="272"
                    VPOS="1377"
                    WIDTH="1314"
                    HEIGHT="75"
                    WC="0.9872390370111208"></String>
          </TextLine>
          <TextLine ID="eSc_line_e7555878"
                    TAGREFS="LT33"
                    BASELINE="255 1448 368 1458 839 1461 1592 1481" 
                    HPOS="254"
                    VPOS="1413"
                    WIDTH="1338"
                    HEIGHT="87">
            <Shape><Polygon POINTS="477 1419 305 1422 255 1413 255 1448 254 1465 508 1476 509 1476 715 1472 734 1481 736 1481 737 1481 779 1473 954 1484 955 1484 957 1484 976 1477 1010 1486 1011 1486 1012 1486 1089 1480 1160 1491 1161 1491 1229 1484 1299 1491 1300 1491 1467 1488 1589 1500 1592 1481 1592 1450 1150 1433 1149 1433 1100 1440 1019 1430 1018 1430 1017 1430 990 1437 962 1429 961 1429 960 1429 958 1429 928 1436 832 1426 830 1426 732 1431 718 1425 716 1425 715 1425 608 1429 479 1419 477 1419"/></Shape>
            <String CONTENT="einet, daß ſolches unter Reginbardo nicht habe geſchehen koͤnnen; wie dann"
                    HPOS="254"
                    VPOS="1413"
                    WIDTH="1338"
                    HEIGHT="87"
                    WC="0.9810131683542922"></String>
          </TextLine>
          <TextLine ID="eSc_line_7625b8cc"
                    TAGREFS="LT33"
                    BASELINE="263 1490 330 1498 969 1506 1589 1525" 
                    HPOS="262"
                    VPOS="1454"
                    WIDTH="1327"
                    HEIGHT="94">
            <Shape><Polygon POINTS="1457 1479 1444 1479 1442 1477 1349 1477 1347 1477 1346 1477 1344 1477 1331 1486 1262 1475 1261 1475 1219 1483 1096 1472 1094 1472 1019 1477 1005 1469 1004 1469 1003 1469 1001 1469 748 1473 726 1463 725 1463 616 1461 615 1461 568 1469 490 1461 489 1461 307 1463 263 1454 263 1490 262 1508 357 1523 358 1523 516 1520 619 1529 621 1529 622 1529 637 1522 666 1529 668 1529 669 1529 711 1520 725 1530 726 1530 728 1530 787 1531 789 1531 790 1531 791 1531 807 1522 871 1522 893 1534 894 1534 896 1534 940 1536 941 1536 943 1536 968 1525 1003 1525 1230 1536 1232 1536 1346 1533 1396 1544 1397 1544 1486 1537 1522 1548 1524 1548 1525 1548 1588 1541 1589 1525 1588 1491 1508 1483 1507 1483 1506 1483 1486 1488 1458 1479 1457 1479"/></Shape>
            <String CONTENT="ne Manulcriprum Pruͤltlingenle von deſen Abdten nichts meldet, ſondern"
                    HPOS="262"
                    VPOS="1454"
                    WIDTH="1327"
                    HEIGHT="94"
                    WC="0.9886901259422303"></String>
          </TextLine>
          <TextLine ID="eSc_line_052305fc"
                    TAGREFS="LT33"
                    BASELINE="257 1534 414 1548 939 1550 1586 1568" 
                    HPOS="255"
                    VPOS="1502"
                    WIDTH="1331"
                    HEIGHT="89">
            <Shape><Polygon POINTS="257 1534 255 1551 294 1566 295 1566 297 1566 748 1562 769 1569 771 1569 772 1569 818 1565 843 1576 844 1576 846 1576 901 1565 1018 1566 1117 1583 1118 1583 1212 1573 1257 1581 1258 1581 1260 1581 1294 1573 1311 1581 1312 1581 1314 1581 1347 1575 1453 1590 1454 1591 1585 1591 1586 1568 1585 1534 1522 1538 1488 1527 1486 1527 1415 1526 1414 1526 1364 1534 1311 1523 1310 1523 1176 1531 1144 1520 1143 1520 1142 1520 1140 1520 1114 1530 1087 1519 1086 1519 1085 1519 1046 1527 964 1516 962 1516 915 1526 833 1513 832 1513 772 1523 696 1511 694 1511 693 1511 668 1520 637 1511 636 1511 634 1511 633 1511 601 1519 516 1511 515 1511 357 1515 257 1502 257 1534"/></Shape>
            <String CONTENT="zet nur,.. kratres S. Enmerani nos a iquandiu ininicitiis Sc. Anjetzo iſt"
                    HPOS="255"
                    VPOS="1502"
                    WIDTH="1331"
                    HEIGHT="89"
                    WC="0.9557797422964279"></String>
          </TextLine>
          <TextLine ID="eSc_line_84f1e31c"
                    TAGREFS="LT33"
                    BASELINE="261 1583 376 1600 1586 1619" 
                    HPOS="259"
                    VPOS="1550"
                    WIDTH="1327"
                    HEIGHT="97">
            <Shape><Polygon POINTS="259 1609 332 1611 377 1627 379 1627 380 1627 382 1627 404 1618 480 1623 482 1623 483 1623 511 1615 540 1630 541 1630 644 1631 646 1631 647 1631 691 1619 741 1626 743 1626 744 1626 759 1619 791 1626 793 1626 940 1622 976 1630 978 1630 979 1630 1012 1625 1083 1634 1085 1634 1086 1634 1103 1627 1194 1641 1331 1643 1332 1643 1389 1634 1422 1645 1424 1645 1521 1647 1522 1647 1585 1636 1586 1619 1586 1587 1556 1577 1554 1577 1553 1577 1461 1584 1389 1572 1387 1572 1386 1572 1351 1583 1317 1583 1294 1569 1293 1569 1292 1569 1222 1566 1221 1566 1160 1568 1158 1568 1126 1579 1022 1562 1021 1562 933 1566 861 1559 860 1559 858 1559 828 1573 619 1572 539 1554 537 1554 379 1566 262 1550 261 1583 259 1609"/></Shape>
            <String CONTENT="en dem ECuift S. Emmerami und Druͤffling als Geiſtlichen Ordens⸗Mir⸗"
                    HPOS="259"
                    VPOS="1550"
                    WIDTH="1327"
                    HEIGHT="97"
                    WC="0.9768204767914379"></String>
          </TextLine>
          <TextLine ID="eSc_line_80eb606b"
                    TAGREFS="LT33"
                    BASELINE="218 1613 295 1636 372 1644 1185 1661" 
                    HPOS="216"
                    VPOS="1594"
                    WIDTH="969"
                    HEIGHT="99">
            <Shape><Polygon POINTS="507 1602 504 1602 483 1613 405 1605 404 1605 364 1612 302 1595 301 1595 220 1594 218 1613 216 1658 272 1659 308 1681 309 1681 311 1681 312 1681 426 1679 427 1679 461 1665 484 1686 486 1686 487 1686 658 1688 659 1688 661 1688 687 1679 715 1691 716 1691 789 1693 790 1693 791 1693 793 1693 809 1680 861 1688 862 1688 941 1676 1023 1677 1067 1690 1068 1690 1069 1690 1071 1690 1098 1680 1183 1683 1185 1661 1185 1633 1104 1616 1103 1616 1101 1616 1083 1625 987 1613 986 1613 985 1613 966 1623 929 1611 928 1611 805 1611 804 1611 803 1611 801 1611 787 1622 754 1612 753 1612 751 1612 708 1619 696 1609 696 1608 694 1608 693 1608 691 1608 690 1608 654 1619 630 1612 629 1612 627 1612 539 1616 512 1602 507 1602"/></Shape>
            <String CONTENT="unn oin beſaͤndigr anterdaͤuliche Werfaͤndnns nnd Elcbe"
                    HPOS="216"
                    VPOS="1594"
                    WIDTH="969"
                    HEIGHT="99"
                    WC="0.9212799429893493"></String>
          </TextLine>
        </TextBlock>
        <TextBlock HPOS="22"
                   VPOS="988"
                   WIDTH="93"
                   HEIGHT="216"
                   ID="eSc_textblock_c9bceed4"
                   TAGREFS="BT42">
          <Shape><Polygon POINTS="66 988 109 994 98 1070 115 1137 104 1193 61 1204 33 1187 44 1161 22 1133 50 1104 27 1005 66 988"/></Shape>
          <TextLine ID="eSc_line_633378fa"
                    TAGREFS="LT33"
                    BASELINE="51 1023 86 1020" 
                    HPOS="48"
                    VPOS="988"
                    WIDTH="38"
                    HEIGHT="48">
            <Shape><Polygon POINTS="76 990 65 988 54 993 48 995 51 1023 51 1036 86 1036 86 1020 79 990 76 990"/></Shape>
            <String CONTENT="96"
                    HPOS="48"
                    VPOS="988"
                    WIDTH="38"
                    HEIGHT="48"
                    WC="0.9994800388813019"></String>
          </TextLine>
          <TextLine ID="eSc_line_150698f5"
                    TAGREFS="LT33"
                    BASELINE="72 1097 90 1094" 
                    HPOS="66"
                    VPOS="1063"
                    WIDTH="31"
                    HEIGHT="91">
            <Shape><Polygon POINTS="72 1097 80 1154 97 1148 90 1094 83 1063 66 1066 72 1097"/></Shape>
            <String CONTENT=";"
                    HPOS="66"
                    VPOS="1063"
                    WIDTH="31"
                    HEIGHT="91"
                    WC="0.9998249411582947"></String>
          </TextLine>
          <TextLine ID="eSc_line_bfa8c83d"
                    TAGREFS="LT33"
                    BASELINE="76 1184 90 1184" 
                    HPOS="76"
                    VPOS="1144"
                    WIDTH="14"
                    HEIGHT="53">
            <Shape><Polygon POINTS="76 1184 76 1197 90 1195 90 1184 87 1144 76 1148 76 1184"/></Shape>
            <String CONTENT=""
                    HPOS="76"
                    VPOS="1144"
                    WIDTH="14"
                    HEIGHT="53"
                    WC="0.999751627445221"></String>
          </TextLine>
        </TextBlock>
        <TextBlock HPOS="22"
                   VPOS="1212"
                   WIDTH="82"
                   HEIGHT="153"
                   ID="eSc_textblock_38b335b5"
                   TAGREFS="BT42">
          <Shape><Polygon POINTS="43 1212 104 1216 104 1270 76 1283 104 1305 93 1365 22 1337 22 1300 61 1293 22 1270 22 1222 43 1212"/></Shape>
          <TextLine ID="eSc_line_6e7e8f7e"
                    TAGREFS="LT33"
                    BASELINE="30 1241 70 1240" 
                    HPOS="29"
                    VPOS="1212"
                    WIDTH="41"
                    HEIGHT="43">
            <Shape><Polygon POINTS="56 1212 43 1212 29 1218 30 1241 30 1255 70 1255 70 1240 66 1212 56 1212"/></Shape>
            <String CONTENT="ol"
                    HPOS="29"
                    VPOS="1212"
                    WIDTH="41"
                    HEIGHT="43"
                    WC="0.9999760985374451"></String>
          </TextLine>
        </TextBlock>
        <TextBlock HPOS="61"
                   VPOS="1505"
                   WIDTH="54"
                   HEIGHT="160"
                   ID="eSc_textblock_ad061b37"
                   TAGREFS="BT42">
          <Shape><Polygon POINTS="77 1505 104 1511 115 1605 109 1648 81 1665 61 1609 61 1516 77 1505"/></Shape>
          <TextLine ID="eSc_line_f0af73ae"
                    TAGREFS="LT33"
                    BASELINE="80 1561 95 1555" 
                    HPOS="68"
                    VPOS="1523"
                    WIDTH="32"
                    HEIGHT="52">
            <Shape><Polygon POINTS="80 1561 84 1575 100 1573 95 1555 81 1523 68 1529 80 1561"/></Shape>
            <String CONTENT="1"
                    HPOS="68"
                    VPOS="1523"
                    WIDTH="32"
                    HEIGHT="52"
                    WC="0.9999862909317017"></String>
          </TextLine>
          <TextLine ID="eSc_line_0c8dfd8f"
                    TAGREFS="LT33"
                    BASELINE="79 1645 87 1643" 
                    HPOS="68"
                    VPOS="1613"
                    WIDTH="33"
                    HEIGHT="80">
            <Shape><Polygon POINTS="79 1645 95 1693 101 1687 87 1643 76 1613 68 1615 79 1645"/></Shape>
            <String CONTENT=""
                    HPOS="68"
                    VPOS="1613"
                    WIDTH="33"
                    HEIGHT="80"
                    ></String>
          </TextLine>
        </TextBlock>
        <TextBlock HPOS="27"
                   VPOS="1744"
                   WIDTH="82"
                   HEIGHT="165"
                   ID="eSc_textblock_71ca7e9a"
                   TAGREFS="BT42">
          <Shape><Polygon POINTS="88 1744 109 1755 109 1820 98 1904 77 1909 77 1877 27 1837 27 1794 88 1744"/></Shape>
          <TextLine ID="eSc_line_6d6b06c7"
                    TAGREFS="LT33"
                    BASELINE="63 1777 95 1773" 
                    HPOS="61"
                    VPOS="1744"
                    WIDTH="36"
                    HEIGHT="57">
            <Shape><Polygon POINTS="73 1754 61 1763 63 1777 66 1801 97 1788 95 1773 87 1744 73 1754"/></Shape>
            <String CONTENT="un"
                    HPOS="61"
                    VPOS="1744"
                    WIDTH="36"
                    HEIGHT="57"
                    WC="0.7515334486961365"></String>
          </TextLine>
          <TextLine ID="eSc_line_416d5ff5"
                    TAGREFS="LT33"
                    BASELINE="65 1861 95 1858" 
                    HPOS="61"
                    VPOS="1823"
                    WIDTH="36"
                    HEIGHT="57">
            <Shape><Polygon POINTS="65 1861 66 1880 97 1875 95 1858 90 1823 61 1827 65 1861"/></Shape>
            <String CONTENT="t"
                    HPOS="61"
                    VPOS="1823"
                    WIDTH="36"
                    HEIGHT="57"
                    WC="0.9999974966049194"></String>
          </TextLine>
        </TextBlock>
        <TextBlock HPOS="822"
                   VPOS="2155"
                   WIDTH="197"
                   HEIGHT="82"
                   ID="eSc_textblock_039ed899"
                   TAGREFS="BT42">
          <Shape><Polygon POINTS="850 2155 992 2161 1019 2215 960 2237 833 2231 822 2194 850 2155"/></Shape>
          <TextLine ID="eSc_line_770f9b8b"
                    TAGREFS="LT33"
                    BASELINE="841 2218 1007 2220" 
                    HPOS="840"
                    VPOS="2155"
                    WIDTH="167"
                    HEIGHT="93">
            <Shape><Polygon POINTS="996 2180 946 2173 929 2158 925 2158 912 2156 891 2166 875 2155 869 2155 850 2156 841 2163 841 2218 840 2241 903 2248 904 2248 905 2248 928 2238 1004 2240 1007 2220 1005 2216 996 2180"/></Shape>
            <String CONTENT="Rk2"
                    HPOS="840"
                    VPOS="2155"
                    WIDTH="167"
                    HEIGHT="93"
                    WC="0.999932587146759"></String>
          </TextLine>
        </TextBlock>
        <TextBlock HPOS="1437"
                   VPOS="2155"
                   WIDTH="155"
                   HEIGHT="76"
                   ID="eSc_textblock_cf26eac4"
                   TAGREFS="BT42">
          <Shape><Polygon POINTS="1460 2155 1564 2161 1592 2215 1569 2231 1449 2231 1437 2166 1460 2155"/></Shape>
          <TextLine ID="eSc_line_3734da0e"
                    TAGREFS="LT33"
                    BASELINE="1443 2215 1579 2215" 
                    HPOS="1443"
                    VPOS="2168"
                    WIDTH="136"
                    HEIGHT="104">
            <Shape><Polygon POINTS="1443 2213 1443 2215 1443 2272 1485 2272 1485 2270 1486 2270 1488 2270 1538 2236 1579 2233 1579 2215 1578 2191 1569 2191 1543 2169 1543 2168 1542 2168 1540 2168 1513 2168 1511 2168 1510 2168 1508 2168 1508 2169 1483 2194 1447 2194 1443 2213"/></Shape>
            <String CONTENT="In"
                    HPOS="1443"
                    VPOS="2168"
                    WIDTH="136"
                    HEIGHT="104"
                    WC="0.993873655796051"></String>
          </TextLine>
        </TextBlock>
        <TextBlock HPOS="55"
                   VPOS="1416"
                   WIDTH="43"
                   HEIGHT="32"
                   ID="eSc_textblock_868762e2"
                   TAGREFS="BT42">
          <Shape><Polygon POINTS="72 1416 98 1422 98 1443 66 1448 55 1427 72 1416"/></Shape>
        </TextBlock>
        <TextBlock HPOS="72"
                   VPOS="2072"
                   WIDTH="15"
                   HEIGHT="15"
                   ID="eSc_textblock_fa44dda0"
                   TAGREFS="BT42">
          <Shape><Polygon POINTS="72 2072 87 2072 87 2081 72 2087 72 2072"/></Shape>
        </TextBlock>
        <TextBlock HPOS="66"
                   VPOS="1972"
                   WIDTH="27"
                   HEIGHT="21"
                   ID="eSc_textblock_c2034487"
                   TAGREFS="BT42">
          <Shape><Polygon POINTS="83 1972 93 1987 72 1993 66 1983 83 1972"/></Shape>
        </TextBlock>
        <TextBlock HPOS="83"
                   VPOS="838"
                   WIDTH="10"
                   HEIGHT="5"
                   ID="eSc_textblock_8e0333de"
                   TAGREFS="BT42">
          <Shape><Polygon POINTS="88 838 93 843 83 843 83 838 88 838"/></Shape>
        </TextBlock>
        <TextBlock HPOS="72"
                   VPOS="1933"
                   WIDTH="15"
                   HEIGHT="21"
                   ID="eSc_textblock_cfc742e2"
                   TAGREFS="BT42">
          <Shape><Polygon POINTS="83 1933 87 1954 72 1954 77 1933 83 1933"/></Shape>
        </TextBlock>
        <TextBlock HPOS="66"
                   VPOS="1377"
                   WIDTH="32"
                   HEIGHT="27"
                   ID="eSc_textblock_2f740bed"
                   TAGREFS="BT42">
          <Shape><Polygon POINTS="66 1377 98 1377 98 1393 66 1404 66 1377"/></Shape>
        </TextBlock>
        <TextBlock HPOS="72"
                   VPOS="2022"
                   WIDTH="15"
                   HEIGHT="9"
                   ID="eSc_textblock_3609a6f7"
                   TAGREFS="BT42">
          <Shape><Polygon POINTS="77 2022 87 2022 87 2031 72 2031 77 2022"/></Shape>
        </TextBlock>
        <TextBlock HPOS="61"
                   VPOS="1461"
                   WIDTH="43"
                   HEIGHT="32"
                   ID="eSc_textblock_993b6392"
                   TAGREFS="BT42">
          <Shape><Polygon POINTS="77 1461 104 1481 66 1493 61 1477 77 1461"/></Shape>
        </TextBlock>
      </PrintSpace>
    </Page>
  </Layout>
</alto>
