1571 2270
707 121 257 71 5 (0)2

1417 126 80 51 725

131 166 1368 79 ſterden des Grafen MaLel-Rhain, ſo ohne Mannliche Erden verſchie⸗

128 223 1368 70 den, den Beſitz von deſſen Guͤtern Da indeſſen zwiſchen den Kayſer

127 271 1361 70 und den Koͤnig in Franckreich wegen der Pohlniſchen Koͤnigs⸗Wahe

123 322 1365 66 der Krieg angienge, erwaͤhlte er die Neutralitaͤt, doch wurden die

122 373 1363 65 BBayriſche Trouppes vermehret, einige gegen denen Boͤhmiſchen Graͤ⸗

121 423 1367 62 nitzen, und andere gegen Schwaben verlegt, das Contingent aber be⸗

114 467 1373 65 hielte er aus ſeinen Urſachen in dem Land. Den 22. May Anno

121 515 1369 70 1727. gienge er mit Seiner Churfuͤrſtlichen Gemahlin, und Herrn

114 564 1371 62 Bruder Hertzogen Ferdinand nach Loretto: opferte allda ein ſchoͤne

111 611 1370 70 von puren Gold geardeitete Ampel. Kame nach Muͤnchen wider zu⸗

108 662 1373 71 ruck den 26. ſunii. Anno 1738. ſchickte er unter gewiſſen Bedingnuſ⸗

111 710 1369 69 ſen dem Kayſer einige Huͤlffs⸗Trouypen nach Ungarn, welche allda biß

104 759 1373 67 nn Monath April Anno 1720. verblieben. Das folgende Jahr Anno

111 805 1366 72 1730. gienge er zu Waſſer mit ſeiner Churfuͤrſtlichen Gemahlin und

104 855 1372 70 geſambten fungen gnaͤdigiſten Durchlauchtigiſten Herrſchafften nach

104 897 1368 70 Cloſter Moͤlck, um allda der verwittibten Kayſerin Majeſtaͤt Eliſaͤbe-

99 944 1369 74 thæ (als Frauen Muttern, Seiner lebſten Churfuͤrſtlichen Gemahlin,)

98 993 1373 76 eine Vilite abzuſtatten, bey welcher Gelegenheit er, den a. Julii, mit

100 1040 1367 82 Seiner Maſeſtaͤt dem Kayſer Carl den VL. zu Burckersdorff ſich un⸗

95 1094 1371 76 terredete. Anno 1720. nach Abſterben des letzten Graffen von Woit-

93 1140 1369 78 ſtein, bekame er des Verſtorbenen Herrſchafften und Gerechtſame,

90 1187 1373 82 als Lehen des Reichs, die Schloͤſſer Sultzbuͤrg, Puͤrnbaum, und das

90 1235 1372 79 Dorff Muͤhlhauſen. Nach Ableiben Caroli VI. Roͤmiſchen Kayſers,

88 1288 1377 74 verſahe er mit Chur⸗Pfaltz gemeinſchafftlich das Reichs⸗Vicuriat in

88 1338 1371 69 Landen des Rheins und Schwabens, und Fraͤnckiſchen Rechtens ꝛc.

87 1382 1367 78 Derohalben zu Augſpurg den 1. Februarii 172T. das Reichs⸗Vica-

85 1435 1214 78 riars⸗ Gericht von beyden hohen Churfuͤrſten angeſtellet worden.

218 1525 1235 89 Was hinnach wegen der Succeſſion in denen Erblanden des

87 1580 1365 79 derſtordenen Kayſers Caroli VI. von Carolo Alberto Churfuͤrſten

87 1631 1365 80 und HHertzogen in Bayrn verfuͤget, und unternommen worden, kan der

85 1688 868 81 keſer weitlaͤnffig bey denen Hiltoricis finden.

213 1768 1238 97 Anno 1722. den 2g. Fenner wurde Carl Abrecht zu Franckfurth

84 1822 1364 94 zum Roͤmiſchen Kayſer erwaͤhlet, allwo er den 3r. ſelben Monaths ſei⸗

85 1874 1361 105 ven Einzug gehalten, und von ſeinen Herrn Brudern Titl. Tiet.

772 1939 123 100 SkI.

1316 1919 126 76 Chur⸗
