1959 2500
52 323 41 64 o.

659 222 396 71 aS (0) Lhg-

1475 238 88 56 239

179 269 1388 89 agefangen, aber endlich ſein Unrecht thun erkenner, vor dem Kayſer

177 326 1388 79 eweynet, und um Gnad Anno 1017. im Reichs⸗Tag allhie gebet⸗

173 358 72 73 en,

255 379 1312 77 hat ſelbde nicht allein gefunden, ſonder endlich auch das Lano wie⸗

179 423 1384 90 er dekommen. Anno 10TT. ſtarde der Ertz⸗Biſchoff zu Magdeburg,

176 476 718 78 inſer ſeelige Tagminus, oder Lagmo.

286 529 1278 77 Das andere Jahr Anno 10 18. hernach erfuhr er allhie augen⸗

175 576 1390 82 ſcheinlich die Goͤttliche Gerechtigkeit aus folgender Hiſtoria: Fudirba

177 613 43 63 ti

238 629 1327 80 Fuͤrſtin aus dem Nordgau, ein Groß⸗ Mutter des Heil. Kayſer

180 680 1384 82 dainrich, und Brunonis, Biſchoffen zu Augſpurg, ſtifftete und ſchenck⸗

213 737 1351 74 u unſerem Cloſter eine ſchoͤne HHoffmarch Ayrerhofen nechſt Strau⸗

177 759 84 84 ong

179 816 98 71 dann

308 786 1250 72 Der Tudithe Donation aber geſchahe mit dem Beding, daß,

286 836 1279 76 durch Gewalt, oder andere Zufaͤll ſeide von unſerem Cloſter

183 883 1381 80 cuweg kommen ſollte, der noͤchſte Erd ſolche zu vindiciren befuge

183 913 64 75 tye

288 936 1272 79 Biſchoff Gebbardus allhie zoge dis Gut gewaltthaͤtig an ſich,

193 973 39 57 as

255 988 1313 74 loſter morirt ihme ein Stritt, noch bey Kayſer Orrone II. das

205 1038 1358 74 thei gab uns Reſtirutionem in integrum, und vermeinte man nun

209 1069 56 74 er

277 1093 1287 70 zu ſtehen. Die ungerechte eigennuͤtzige ſurilten friſchten den be⸗

184 1112 49 65 ze

238 1140 1323 72 gen Lrunonem, Biſchoffen zu Augſpurg, S. Heinrici Bruder an,

180 1163 35 56 de

232 1195 22 49 .

275 1194 1286 72 weilen die HHoffmarch ſchon von S. Emmeram kommen, er Fug

179 1212 80 75 zade

183 1265 78 72 mer

297 1243 1271 77 ihme dieſelbige eigen zu machen. Fangt alſo mit dem Abbten

282 1294 1282 75 Rechts⸗HHandel an, und weilen die meiſte Richter ſchon durch

191 1313 74 75 det

276 1348 1289 68 auf Brunonis Seythen gezogen, wollte Orpoldus, ein ausgeſto⸗

184 1368 104 73 hener

295 1397 1269 62 uriſt, welcher einen jeden ungerechten HHandel mit ſeiner abge⸗

182 1415 119 83 Aͤhrter

186 1472 109 79 eden,

329 1445 1236 68 Wohlredenheit, und Sophismatibus wußte einen Schein zu

183 1513 51 66 at

313 1490 1247 80 und Faͤrbl anzuſtreichen, des Ausſpruchs den Anfang machen,

250 1544 1315 81 der ſo torrecht⸗ und kindiſche Wort, und heyloſe Urſachen auf die

191 1563 49 68 de

244 1590 31 50 1

291 1600 1274 72 gebracht, daß ſich manniglich darob entſetzet. Ja daraus ge⸗

183 1613 62 67 ch⸗

266 1651 1298 72 en, er muſſe in dieſer Sach von GOttes Allwiſſen⸗ und Gerech⸗

194 1672 90 72 gkeit

304 1704 1261 71 geſtrafft ſeyn worden. Iſt alſo der meiſte Theil von unrecht

186 1719 58 64 zefe

255 1751 1308 71 ter Meynung abgewichen. Auf welchen Bruno den HHandel ſo

201 1772 54 62 eir

273 1801 1294 75 ferlohren, doch daß der Sentenz verſchoben dliebe, bis auf das

186 1811 115 95 achſte

315 1850 285 70 Hof⸗Gericht.

297 1893 1270 83 Hertzog Gainrich ſaſſe zu Gericht in Beyſeyn ſeiner Schweſter

238 1950 1326 79 unegund, und anderen Raͤthen, die all dem Biſchoff geneigt wa⸗

186 1963 52 62 en

277 2002 1292 77 er wollte nicht glauben, dieſe Richter wurden fuͤr Prunonem

180 2008 139 96 prechen

193 2095 1374 88 revrte Brunon den Sreg. Da man aber den Handel angreiffen

362 2055 1205 74 Die erſte Advocaten ſtunden wider das Cloſter, jedermann

1458 2158 107 79 ſolt,

56 566 25 53 ,

29 576 27 61 u

30 973 42 58 de

41 1112 39 78 e

36 1268 48 59 die

31 1416 49 72 es⸗

31 1573 48 60 del
