1939 2441
924 151 384 70 .ꝛꝛ (0) Eht-

412 157 92 65 282

405 204 1406 76 ren lieben Vettern Ertz⸗Hertzog Sigmund zu Oeſterreich bezahlet iſt,

408 256 1402 68 16. M. Hungariſche Gulden in einer beſtimmten Zeit baar entrichten⸗

405 306 1399 76 und wollen demſelden Hertzog Abrecht um die andere 1. M. Gulden

407 356 1399 77 auch begnuͤgig machen, und darum mit genugſamer Verſicherheit,

408 405 1389 76 und die Kayſerliche Majeſtaͤt ſoll ihme oder ſeiner Erben die jetzt ae

409 454 1394 78 nannte Herꝛſchafft in ſeinen Gewaltſamb laſſen, bis er ſolch1c. M,

407 507 1386 76 Hungariſch Gulden bezahlt haͤt. Doch ſoll Hertzog Albrecht fuͤr ſi

408 557 1387 76 und ſeine Erben jetzund gegen der Kayſerlichen Majeſtaͤt, und ihre

405 604 1387 79 Erben Nothduͤrfftigkeit verſchreiben, wann die, oder ihre Erben ſol⸗

405 656 1383 72 Bezahlung der gemeldten 16. M. Gulden thuen, das dann er und ſet

404 705 1383 80 ne Erben ihme deroſelben Herꝛſchafft, alle Schloß, und Zugehoͤruns

405 756 1329 80 was und wieviel der obgemeldre Niclas Weyl. zu Abenſperg, als

408 802 1350 82 beſtimmt iſt, von der Kayſerlichen Majeſtaͤr, zu Lehen gehabt,.

405 854 1371 77 verlaſſen hat, zur Stund, ohne allen Vorwand, Aufzua und Ve

402 905 1374 79 hindernuß, abtretten, und zu ihren, oder ihrer Anwaͤld Haͤnden ub⸗

401 958 1327 74 antworten ſolle, und ſich auch, die genannt unſer Schweſter

400 1006 1374 76 Gemahl gegen der Kayſerlichen Majeſtaͤt, uns und unſeren Haus O

407 1057 1370 76 ſterreich Herkommen, jetzo fuͤr ſich und ihre Erden nothduͤͤrfftiglich de.

407 1109 1371 72 zeyhen, darzu genannter unſer Schwager Hertzog Albrecht fur ſich un

400 1152 1357 80 ſeine Leibs⸗ Erden verwilligen, und dieſelbe ſein Gemahl, um ihr.

401 1201 1372 88 rath⸗Gut, Wiederlag und Morgen⸗Gaab, als unter Fuͤrſten s

401 1257 599 69 buͤhret, genugſam verſorgen.

545 1301 1179 84 Es ſoll auch Hertzog Albrecht der Kayſerlichen Maſeſtat

405 1353 1316 83 Verzug, alle Verſchreibung und Vermaͤcht, ſo er von unſeren.

408 1404 1360 80 Vettern Ertz⸗Hertzogen Sigismunden auf unſer Hauß Oeſterreid

407 1456 1313 80 Schloß, Staͤdt, Aembter, Land und Leuth gehabt hat, ſambt,

409 1502 1314 84 Todts⸗Brief, ob derſelben Verſchreibung nachmahls einig mehr

405 1554 1296 84 funden wurde, zu ihren Handen uͤberantworten; So will die K

402 1605 1292 79 liche Maieſtaͤt verfugen, ob Hertzog Sigmnnd dagegen, auc

409 1654 1289 80 Verſchreibung und Vermaͤcht gegeden und gethan haͤrte, daß ihr

402 1705 1336 79 auch gereichet werden ſollen, oder ihme darum mit norhduͤrffti

408 1756 1285 80 Todts⸗Brieffen verſehen und verſorgen. Und ob etliche von Adel

1706 1799 26 60 e

404 1806 1255 83 andere, ſo den Schwaͤbiſchen Bund und anderen verwandt,

1705 1842 68 66 red

408 1856 1227 84 Hanolungen und Fuͤrnehmen ihre Lehen, ſo ſie von Hertzoa

404 1905 1293 84 ten, oder dem Hauß Bayrn haben, aufgefagt haͤtten, ſolle.H

405 1952 1291 82 Albrecht ihre Ausſend⸗Brief wieder herausgeben, und dieſelden!

402 2008 1279 100 ꝛen Eehen und Lehzen⸗ Pruchten ohne wentere Enplang⸗ imins

1734 2034 51 72 dis
