1991 2551
36 328 73 50 wi⸗

36 369 76 64 los

24 425 86 69 kein

39 476 61 56 ol-

39 575 63 82 ich

42 632 57 52 a-

51 678 49 61 rs

249 314 1405 101 mu einer Geiſel uͤbergeben. Er Suatebogus aber verziehe ſich der Welt,

1574 306 79 46 1 12

252 365 1404 102 wurde ein Moͤnch, und beſchloſſe ſein Leden ſeelig. Von dieſer erhal⸗

251 419 1399 98 lenen groſſen Schlacht zoge Arnolphns ſiegreich zu Regenſpurg ein,

251 470 1405 98 nit der gantzen Stadt Freud und Frolocken, danckete GOTT um

253 521 1400 91 breſe Gnad, und ſeinen Heiligen. (H) Schickte groſſe Gaaben i al⸗

256 573 1396 87 e umliegende Cloͤſter, ſonderbar aber begabte er S. Emmeramum mit

266 612 28 59 e

330 623 1322 92 Feld⸗Tapetzerey, mit einem goldenen, und mit Steinen verſet⸗

251 656 59 71 zen

328 676 1324 89 Altaͤrl, und vielen Grundſtuck von Aeckern und Weinbergen.

251 724 1399 90 Immirtels aber iſt ſein Gemahlin Ura, ſo zu Dettingen verbueden, ih⸗

255 776 1398 92 er Leibs⸗Burd erlediget worden, und eines Sohns geneſen, deme

251 827 1395 92 (daldero, Biſchoff zu Augſpurg getaufft; Harto. Ertz⸗Biſchor zu

251 875 1395 101 Nayntz, und Alperrus, Biſchoff zu Regenſpurg aus der Tauff ge⸗

246 924 735 86 hedt, und Ludoricum nennen laſſen.

374 983 1275 89 Bald hernach wurde von Vidone, Fuͤrſten zu Spoleto (ſo auch

259 1028 1387 93 zuido von etlichen genennet wird) und ſeinen Sohn Lamderto, dem

246 1078 1403 95 Dapſt Formolo Gewalt zugefugt, ſogar auch Rom wuͤrcklich belaͤge⸗

251 1118 56 62 et,

347 1130 1297 97 Formoſus batte Arnolphum um HHuͤlf, bekommts alſobald, und

252 1163 61 64 rir

310 1170 47 75 9

252 1214 30 62 e

360 1187 1287 84 Italien wieder in Ruhe. Als nun Vido geſtorben, iſt Lam-

307 1237 1337 83 as aus Antrib ſeiner Mutter Angltrude wieder abtrinnig worden,

245 1258 41 67 e

306 1285 1337 93 gert Rom abermahl, Arnolphus kame wieder, entſetzt die Stadt,

249 1333 1395 94 ertreibt Lamderrum, und ſein Mutter, und errettet Formolam zum

246 1384 1398 94 ndernmahl; worauf er ihne zu Danck Anno 895. zum Roͤmiſchen

241 1431 1403 95 Kayſer geſalbet, und gecroͤnet hat. Formolus nach uͤberſtandener

235 1472 1322 103 Ltoſſer Verfolgung ſtarde noch ſelbiges Jahr, den 12. December.

354 1529 1289 92 Anglerudis aber hoͤchſt deaͤngſtigt, weil ſie mit Gewalt Arnol-

248 1566 52 60 he

323 1578 1319 101 mchts moͤchte abgewinnen, hat auf ein Betrug geſinnet, und

239 1629 1403 104 urch die Mund⸗Schencken Curtium und Germanum einen von ihr

245 1682 1394 105 erordneten ſo vergifften Trunck ihme reichen laſſen, daß er gleich

238 1714 106 70 dara

232 1757 82 68 cken

377 1740 1266 93 ſich ubel befunden, in Teutſchland gekehret, und mit einer ſtar⸗

236 1806 56 70 er

421 1798 1219 89 ckheit uͤberfallen worden. Arnolphus ſich in etwas von gedach⸗

307 1818 108 78 Frun

232 1862 129 81 muher

445 1850 1195 84 erholend, doch Anno 829 hierauf fruͤheren Tod deſorgend, de⸗

384 1897 1252 82 ſich ſeinen kaum A⸗ jaͤhrigen Sohn Ludoricum zur Succedlion

239 1935 1393 102 a dringen, ſo er auch erhalten. In demſelben Jahr iſt aus Anſtiff⸗

235 1989 1401 107 uns Garami wirderum ein Trunck von Roddurga ihme gereicht wor⸗

1528 2080 111 60 den,

48 785 49 59 let

45 831 47 60 en

36 881 54 62 ol⸗

48 1095 41 43 ,,

53 1133 26 54 .

49 1184 30 58 e.

48 1424 31 13 -

260 2179 484 97 Lwnzer vn. V. rꝛc. 192.
