1978 2545
338 248 63 58 86

914 248 58 72 13

471 298 1290 80 Anno 897. im Monath May hat Tutto bergewohnt der Ver⸗

338 356 1427 76 ſammlung oder Concilio Triburienſi in Mayntziſchen Biſtumb neben

335 405 1089 75 andern 22. Biſchoͤffen, welches er auch unterſchriben.

473 477 1285 81 Als man zehlte 920. hat Kayſer Hainrich der erſte diſes Nah⸗

335 533 1422 74 mens das Koͤnigreich Boͤhmen mir Kriegs⸗Nacht uͤberzogen, einig da⸗

338 589 1423 69 rumen, damit er Spirigneum den Fuͤrſten, und das gantze Reich zum

336 636 1421 72 Chriſtlichen Glauben braͤchte, ſo dann wol gelungen, und hat unſer Tur-

338 685 1420 70 to in ſelbigen Zug die groſſe, anjetzo aber Thumb⸗Kirchen zu Prag dem

332 738 1425 66 heiligen Vito zu Ehren geweyhet. Nachdem er aber in aller Heitigkeit

335 787 1423 74 gelebt, und dem Biſtum in die a0 Jahr hoͤchſt ruͤhmlich vorgeſtanden⸗

332 848 1423 62 hat er ſich zu Ende ſeines Lebens (denen waͤhrenden Kriegs⸗Tronblen

335 889 1418 72 ferr zu ſeyn) nacher Monſee begeben, wie nutzbar man allda dem H.

333 937 1422 76 Emmeramo hauſe, zu ſehen, iſt endlich erblindet denen leiblichen Augen

332 988 1418 76 nach, (f) dem Geiſt nach aber alſo erleuchtet worden, daß er kuͤnfftige

335 1049 1418 69 Sachen geſehen und vorgeſagt. Iſt endlich in gedachtem Cloſter Monſes

333 1094 1421 72 ſeelig geſtorden den S. Octob. im Jahr Chriſti 920. wie unſer Arnoldus

332 1145 1422 69 ſchreibt: (g) uti nobis, dictat bona ſpes, migravit ad cœlicas ſedes,

332 1197 1418 69 ibi quem hic dilerzit Patronum, ſuum lemper vilurus Emmeramum-

336 1247 1411 72 Von Monſee iſt ſein Coͤrper allhero nacher Regenſpurg gefuͤhrt, und

328 1293 1419 71 diſer unſer Cloſter⸗Kirchen naͤchſt, und im Antritt S. Georgen Capellen

328 1343 1415 73 begraben worden: allwo uͤber ſein Bildnuß diſe Uberſchrifft geleſen wird:

328 1395 1416 74 Der ſeelige Turto Biſchoff zu Regenſpurg, Koͤnigs Arnolphi Cantzler

326 1446 1411 82 ein Moͤnch und Cultos diſes Cloſters geweſen, iſt geſtorden im Jahr de:

331 1498 346 92 DErrn 220. ()

357 1990 882 74 CO Arnoldm arud Daenage tom. 71. gag. 110. cap. 6.

359 2040 1377 83 c) O. koro von. 1n. Pc. rre. err 6. non Arroldur. ꝛas Tuto m zoͤſtn ZehrHeri-

397 2078 385 61 ci Aucuris geſtorden ſeyr.

357 2123 1377 79 c Dſes Grab n gach reachrn Hand an dn waud, vor Engang m et. Gergm⸗Larda.

390 2174 567 65 nebſt der alleh Drabliati d. Wollgang

1901 944 50 45 ie.

1895 1084 46 51 ari

1898 1133 27 49 2

1897 1169 59 65 9o

1901 1221 33 64 2

1890 1269 66 78 deſe

1887 1333 75 56 Lar

1891 1377 45 70 ꝛ0

1893 1429 56 69 on

1903 1477 66 61 zur

1887 1525 71 61 mii

1918 1573 40 67 en

1911 1678 38 116 ,

1584 1743 150 99 CA-

1900 873 32 64 21

1903 1027 39 58 ve
