1923 2446
731 173 327 71 23 (0) Eh

1498 195 78 56 179

23 226 111 81 half

301 218 1279 87 Nach geſchehener Propoſition haben die Proteltirende gleich ib⸗

190 273 1389 87 ſt alte vermeinte Gravamina moriret, ſpecialiter mutationem der

20 286 109 65 ten dit

35 341 96 55 ST1.

190 320 1387 93 Ooldenen Bull, und daß die mehrere Stimmen in Reichs⸗Seſlionen

197 373 1380 87 uͤcht binden ſollen, begehrt. Entgegen kamen die Catholiſche viel mit

40 380 86 64 bon

198 423 1373 85 ſehreren, und wichtigeren Beſchwaͤrden wider ſie aufgezogen. Den

31 430 91 78 einzi

43 481 83 70 nod

217 474 1359 83 ergleich machte der Tuͤrckiſche Einbruch, und Abfall des Gabriel

199 524 1367 80 erhlems ſchwaͤr, gleichwohl verglichen ſich die Proteltirende endlich⸗

29 535 89 71 lieſſe⸗

192 573 1380 98 n nach vielem Gezanck mit denen willigen Catholiſchen auf ein An⸗

35 587 77 62 noth

35 637 79 73 Kar

217 619 387 80 i Roͤmer⸗Monath.

33 688 74 59 nir

298 660 1270 92 a) Den 22. October re12. iſt nach Ableiden Biſchoff wolgr⸗

190 725 1379 75 ſangzs zur Biſchoͤflichen Wurde erkuſer, und ordentlich erwaͤhlet wor⸗

195 774 1376 79 en Albertus, (e) vom alten Freyherꝛlichen, jetzt Graͤflichen Geſchlecht

191 823 1380 79 errn von Coͤring zum Srain und Pertenſtain, Canonicus zu Saltz⸗

218 876 1353 73 s, und allhie. Er war ein frommer, GOtt⸗liebender, andaͤch⸗

201 914 49 61 e

271 925 1297 77 Herr, der ihme die Ehr GOttes, mit Befoͤrderung ſonderdah⸗

239 977 1330 76 Andachten, nicht allein mit Anſchaffen, ſondern eigenen Erempel

73 1019 23 78 t

224 1025 1338 75 e angelegen ſeyn. Sollte jemand ein mildreichen, ſanfftmuͤthigen,

254 1076 1308 73 demuͤthigen Fuͤrſten ſuchen, kunte er kein beſſeren als Aldertum

184 1122 1381 81 nden. Er ware gutthaͤtig, das erfuhren die arme Studenten, zu⸗

63 1180 28 55 e

222 1176 1343 78 deriſt aber die Ordens⸗ Leuth; dann durch ſein Erlaubnuß ſeynd die

248 1227 1317 81 . Francilci de Panla auf Neuburg vor dem Wald. (D Die Ca⸗

184 1278 1381 76 ucmner Anno 1613. allhero. Anno 1627. auf Deckendorff. Anno

55 1278 41 64 dei

53 1327 42 60 er-

218 1330 1346 69 2. nacher Straubing. Die PP. Societaris HElu Anno 1621. na⸗

188 1372 1377 79 er Amberg. Anno 1620. auf Etraubing. Die PP. Rekormari

53 1383 29 56 m

197 1424 1363 72 fno 1637. zur Sradr am Gof. Anno 1622. auf Dingifing. An-

61 1420 35 74 er

228 1467 1333 83 16a9. auf Eggenfelden. Die PP. Carmelite Diſcalceati allhero

203 1517 1359 113 Regenſpurg tomnen. Was dieſer edie Furſt don ſeinem Eetni-

1409 1584 151 60 monio

198 1718 1355 73 A) Diue Erudung der Pee S. Woldgenei, ig nad, Anforgs Nekes Jahrs gicchezen. Dahere

58 1721 33 53 nt

222 1751 124 53 Wollgai

225 1785 249 64 Vide Cap. XIT

375 1770 1176 72 n Diſchoſf dit dolennitas der ProceEon, und Tranelntion noch ver ſ chanch gehalten.

198 1824 1356 82 o Ano ic,e. dcꝛLbern rv. Dichef, dn etigen wois, ingo vaan ein ſdetts Ant.

222 1879 1329 76 gendiun, Met⸗Gewano ꝛc. und m der Bruſte das heuigt Meß⸗ Ooſſer crlebrirer, den 1.

221 1906 92 57 Jnnn.

205 1935 1344 93 O) Ardnn Ligg,, Aigin nachte tun oetg, dn, non , vn ar

225 1998 1325 63 cden leſdlichen Manns⸗ Erben bekommen ſottre, er dem heiuigen Franciſco d Panla em Oreens,

225 2034 1325 62 Soſter in ſeinem Land erbdaren wore Ferdinandus Naria wurde grbohren, urs de r P. S

228 2068 1326 76 raneiſei de Paula bekammen Amno 16ꝛ8. ihr Cloſter znu Nendurg, weche ader m das nen

224 2096 704 86 cwtn nach Ambers Anno 1652. uberſeter norden.
