1978 2545
328 197 56 63 e2

829 203 134 72 .12

321 250 1413 87 oflicia, timebant enim, ne, li Monaſterio Abbatem prœeſle kacerent, quia

974 205 256 73 (O) Log

321 298 1415 75 a Patre Monaſterii omnnia ſperanda ſunt, ſibi coactum minneretur obſe-

322 343 1415 81 guium. Ob hoc atqui (itaque) licentiam dabant Monachis aliunde ac-

324 388 1412 75 quirere vro victu & veſtitu, quæcunque poſlent, quia ipſi bonis, gug-

321 431 1415 78 ad annonam eorum pertinebant, ad luum abutebantur ſerritium.) Zn teutſch.

329 472 1407 89 Es ware in der Regenſpurgeriſchen Rirche diſe alte Gewohnheir,

321 521 1417 92 daß die Biſchoͤff zugleich die Abbten (ber Sr. Emmerain) wa⸗

319 575 1418 86 ren, welchen TTahmen ſie wegen den zeirlichen TTurzen angenom⸗

316 627 1422 81 men, aber das Ambr eines Abbtens nicht verrichreren. Sie ſor⸗

318 675 1418 89 geren, wann ſie dem Cloſter einen eigenen Abbren zulieſſen, daßt

318 725 1419 89 ihnen zu kurrz wurde geſcheben, weilen die VVoͤnch von dem Vor⸗

319 783 1418 80 ſteber, oder Abbren des Cloſters alle TTorbwendigkeit zuboffen

315 828 1421 92 baben. Dahero erlaubten ſie denen WVoͤnchen, daß ſelbe von an⸗

316 880 1421 92 deren Oerben ihr Speis und Rlerdung ſuchen koͤnnten, ſo gur ſte

315 928 1416 90 mochten, dann ſie (die Biſchoͤff) nammen das jenige zu ſich,

315 986 1418 85 was vor die VVoͤnch gewidmer ware. Alſo Arnoldus. Michin er⸗

314 1036 1416 79 hellet klar, daß an diſem Orth gleich Anfangs die Moͤnch eingeſetzet worden,

314 1084 1419 79 ainige ( quidam) Biſchoͤff aber, das jenige, was denen Moͤnchen zugehoͤrte, an

311 1128 1419 72 ſich gezogen, und ſolches mißbrauchet haben. Wann Sintpertus, oder ein ande-

311 1172 1420 72 rer Biſchoff, diſes Cloſter erſt angefangen haͤtte, ( wie Conradus de Monte

314 1215 1416 80 pucllarum ſchreibet,) ſo haͤtten ja ſeibe, als Stiffter diſes Cloſters, denen Moͤn⸗

311 1254 704 70 cten, gewislich daß ihrige nicht entzohen.

427 1296 1306 69 Arnoldus fahret weiter ſort: (1) TEſt quoque ALIA CAUSA, ver

311 1336 1420 70 quam non conſtituti ſunt Abbates in prenominato Monaſterio. Ev eo

309 1381 1422 72 quippe tempore, quo primum a Beato Bonitacio Apoſtolicz Sedis Vica-

307 1426 1424 72 rio, junta Decreta Canonum, in Bajoaria ordinabantur Epiſcopi, vicil-

308 1470 1419 72 ſim ubi luccedebant in hujus Epiſcopatn, Monachi atque Canonici, ita,

309 1515 1419 71 nt ſi anteceſlor eſlct Canonicus, ſieret ſucceſlor Monachus, & iterum

309 1552 1418 69 huic Anteceſſori Tuccederet Canonicus, nec conluerudo usque ad noſtra

309 1600 1419 75 perman ſit tempora. Es ware noch ein andere Urſach, warumben

307 1647 1414 80 keine Aebbte in dem Cloſter zu Sr. Emmeram beſtellet worden;

308 1695 1418 86 dann von jener Jeir an, wo Bonifacius auſ Befelch des Pabſtens in

307 1747 1417 85 Bayrn die Biſchoͤff beſtellte, ſo ware in dem Negenſpurgiſchen

307 1801 1417 80 Biſtumb diſer Gebrauch, daß die Woͤnch mit denen Canonieis in

312 1852 1409 82 Verwalrung des Biſtumbs abwechsleren, welche Gewohnheir bife

302 1908 1422 75 zu unſern Seiren (nemlich biß auf S. Wolkgangi Biſchoffens, und Ramvol-

299 1955 1415 76 di Abdtens) verbliben iſt. Arnoldus erzehlet noch mehr, und ſaget (1)

309 2004 1408 75 IEpilcopalis vero ledes erar apad S. Emmeramum usque ad Tempora Ca,

1632 2051 89 59 roli

332 2113 274 57 () Cit. pag- 122.

331 2146 198 70 () Ldiden.
