1872 2498
848 210 406 80 c&(O0 EùE-

338 256 1395 90 Baſel gehalten wurde, auf Regenſpurg, als Schidmaͤnner, Mer

340 316 1140 78 colaum Cuſanum, und ſoannem Biſchoffen zu Lubeck

476 362 1252 76 Anno 1277. wurde Fridericus I. in Numero der 12. von Ade⸗

340 409 1390 79 lichen Geſchlecht der Parſperger, Thumb⸗Probſt allhie, zum Biſchoſt

341 466 1387 75 erwaͤhlt, und aus Bewilligung des Concili zu Baſel von ſoanne Erti

341 514 1374 71 Biſchoffen zu Galtzburg den letzten julit conlecrirt, vor der Wal

341 567 1378 71 hat man kuͤnfftigen Biſchoff ein Capitulation gemacht; als Eridericu

341 616 1379 72 hernach ſelbe nit halten wolte, iſt zwiſchen ihme und ſein Capitel eit

343 664 1374 75 Handel entſtanden, den der Ertz⸗Biſchoff von Saltzburg aus Vefels

340 714 1369 77 Nicolai des Pabſtens Anno 12g0. vergleichen und beylegen muͤſt

343 764 1374 75 Hat den tieffen Brunnen zu WVoͤrrh graben laſſen, und Anno 111.

336 813 1376 109 deo Enventer ung des Ehors zur alten Capelen den erſten Sreus

336 861 104 72 legt.

468 902 1244 90 Er war ein behertzter und großmlirhiger Fuͤrſt, der auch Kos

334 960 1367 78 ſer Friderichen den II. und andern Fuͤrſten, die ſemnem Piſtum

340 1018 1350 72 nahend kommen wollten, ſich widerſetzet; hat Anno 1220. ſeine e-

331 1064 1379 76 nonicos in einem Synodo retormiren wollen, richrete aber wens

331 1114 1372 78 Er ſtarb nach langwuͤrriger Kranckheit den letzten Februarii 11:

333 1164 1057 66 Ligt mitten im Domb. .. i

462 1214 1244 78 Anno 1297. beſchloß auch ſein Leben Kayſer Sigmund. Nas

331 1262 1346 78 ihme wurd erwaͤhlt Aidertus HHertzog in Oeſterreich; war nicht gar

337 1314 1348 76 Jahr Kayſer Auf dieſen iſt Anno 1239. erwaͤhlet worden Erideri⸗

330 1365 1300 85 II, der hielte hierauf Anno 1222. allhie einen Reichs⸗Tag...-

349 1414 663 70 rol. duii,.r C.

1144 1432 446 52 . c2t.

359 1455 154 66 .

583 1464 115 66 C

1352 1477 90 59 .

870 1514 356 124 Du ſatz.

351 1616 1250 104 Hos der Ze an, vn ſoenne. n de EFenpdon deg eiancre

334 1687 1275 71 1D rami erneneret, iſi die Wahl deren neuen Aebkten der onstſliehen

326 1736 1286 68 reſerviret worden, und ſeynd die Aebbte Albertus, ſo auf Baldwinum

327 1772 1300 79 nen, mit alen Nachfolgeren dis auf Volkhardum von denen Paͤbſten, ꝛroi

330 1817 1289 77 gremio S. Emmerami, beſtellet worden. Wolk hardus aber, nachdem di

327 1861 1254 76 lervation ouſgehoben ware, wurde von denen Moͤnchen erwaͤylet. Auwo

326 1902 1275 81 dey der Wayl erſchienen, als die Religioſen des Cloſters S. Emmerami

324 1945 1306 74 welche unter ſich, nebſt einen, in ſure Canonico wohl erfaͤhrnen Syndico

1672 1892 41 93 .

333 1987 1337 73 ſe ihnen erkuͤſeten⸗dieWahlvornahmen⸗denErwaͤhlten alsdann dem Tirl. Titl. Herm

326 2028 1372 73 ſchoſfſen zu Negenipurg anzeigten, und von ihme die. Conlirmarkon, uao Benee,

326 2069 1258 94 Ctionem fuͤr ihren nnr rrwaͤhuen Abten broehrten, wilches anch alnen,

1658 2058 44 51 20

1616 2098 86 73 ritas
