1955 2499
366 187 99 55 222

919 194 362 68 123 (0) Lège.

363 236 1400 91 mußte die Zeit andeuten. Als aber Kayſer Otto denſelben auch erhoͤ⸗

365 290 1394 89 ret, hat er ſich in guter Poſtur finden laſſen, die Ausfallende dermal⸗

365 347 1391 81 ſen empfangen, daß wenig zuruck kommen, minder Proviant mitge⸗

362 395 1395 83 bracht. Die Burger verluhren den Luſt zum Kriegen, wollten ltebet

362 441 1390 89 ſich ergeben, als Hunger ſterben. Ludolphus vermerckt dero Klein⸗

359 497 1394 83 muthigkeit, ſchickt zu ſeinem Hermn Vattern, erbietret die Stadt, abei

356 544 1393 91 die Ubergabs⸗Puncten, und Friedens⸗Bedingnuß wolt er ſelbſt ma

354 598 984 80 chen und vorſchreiben, erhielt derowegen nichts.

492 651 1256 83 Des Kayſers Feld⸗Obriſter HHauptmann Gerer in Kriegs⸗Se

351 696 1399 88 chen faſt erfahren und beruͤhmt, lieff dey dem Oſten⸗ Thor einen

355 748 1394 86 Sturm an, wolt alſo die Stadt in einer Eyl gewinnen. Hfaltgral

349 796 1394 88 Arnolph fiel mit dem Geinigen zum Thor hinaus unter die Feind, d.

348 846 1391 88 ward zu beyden Theilen ein ritterlich fechten, und waͤhret das Schlaͤ

351 899 1388 88 gen etlich Stund, daß kein Theil dem andern weichen wolt, zu les

345 952 1390 85 niel Arnolphen ſein Pferd, als er nun mit auf dem Boden kam, wur

342 1000 1393 87 er gleich mit einem Pfeil erſchoſſen, und ſeines Gewehrs und Kleidel

344 1048 1386 91 beraubt. Als ſeine Knecht ſahen, daß ihr Herr todt war, gaben)

344 1105 1386 83 die Flucht mit groſſen Schroͤcken in die Stadt, und wollten nit mel

341 1153 1389 86 fechten. Bekam alſo der Kayſer hieſige Stadt widerum, und abe⸗

340 1202 1388 86 gabs, wie vorhero, ſeinem Bruder Heinrichen. Ludolph aber ſen

338 1255 1382 84 Sohn hat ſich mit etlichen der Seinigen in die Flucht begeben, un

336 1303 1388 88 gen Tuſſen an die Flar gezogen. St. Ulrich hat nit nachgelaſſen bi

333 1355 1388 86 er den rebelliſchen Sohn Ludolph ſeinem Herrn Vatter Ortoni wide

333 1407 1373 86 verſoͤhnt. Denen er unter andern mit folgenden Worten zugeſproche

334 1456 1368 87 Was werden ſagen die Nachkoͤmmling, wann ſie hoͤren muͤſſen⸗

333 1506 1380 86 Sohn habe mit unverſoͤhnlichen Zorn zu dem Todt ſeines Vatterss

330 1553 1304 88 eylet. Der Vatter entgegen aus ſchwaͤhriſten Nothzwang die &

327 1610 1341 82 des Sohns mit Rach des Schwerds durchrennet? Was fuͤr ein ſchi

326 1660 1377 80 licher Krieg, in welchem, Ob Uberwinder, oder der Uberwundene arn

330 1710 1326 83 ſeeliger ſeye? im Zweiffel ſtehet? Iſt dann das Chriſten Blut ſo ſchl

1673 1711 34 70 H

320 1761 1310 84 daß es zum Theil dem unerſattlichen Haß, zum Theil der zornigen

1681 1761 33 66 6

326 1814 1319 83 ſoll aufgeopffert werden . Soll ein ſolcher Zorn uͤber den mildreick

330 1860 1282 90 Vatter, ein ſolche Grauſamkeit uber den Sohn gehen, daß ihn

322 1913 1378 83 GOtt noch Menſchen erweichen? Gehe, gehe eure bewaffnete Kries.

1610 1863 102 69 wede

326 1964 1355 79 Macht einander zu umfangen, und ferneres Gluͤck ihme vorzubeb

317 2013 1338 80 ten. Es wird bald die Zeit kommen, daß man das, wider das 2

317 2065 1343 100 gerliche Deyl, gezuckte Schwerd zu demn gemeinen Nuten wuder

1578 2124 34 73 ?

1868 247 81 72 Hey

1868 301 80 72 Ruh

1863 351 75 65 und

1859 402 90 78 Santz

1866 456 80 68 nan

1871 505 71 69 durt

1866 551 75 75 Nitte

1861 656 62 61 ter

1868 701 57 69 Oe

1860 753 56 59 du

1874 805 69 68 ler.

1860 860 79 64 Zedg

1863 905 65 66 rel⸗

1868 952 43 62 ꝛe

1861 998 82 76 Bbͤr⸗

1859 1053 73 70 tand

1856 1098 86 82 ſchia

1859 1155 57 65 ich

1861 1202 48 66 ne

1853 1450 56 71 en

1853 1502 39 59 m

1860 1657 61 71 tn.

1848 1749 55 68 as

1870 1802 47 73 59

1827 1893 73 104 .

1864 2099 29 69 e
