1978 2545
342 251 51 65 75

861 248 371 78 28 (00) 228-

332 295 1413 89 Predigen und heilſamen Ermahnungen uderans viel der Sunder welt⸗

326 352 1313 77 uchen Stands zum Chriſtlichen Wandel und Andacht gewieſen.

464 401 1284 82 Als einsmahls zwiſchen Kayſer Ortone, und Henrico Hertzog

326 452 1422 81 in Bayrn Feindſeeligkeit entſtunde, hat der heilige Biſchoff ſich nicht

326 503 1421 82 wollen einmiſchen, ſonder ein einſames Orth in Galtzburger⸗Gebuͤrg

326 555 1419 81 bey dem Falckenberg geſucht, alldort mit Faſten, Wachen, Betten,

325 610 1422 79 und Betrachten 5.Jahr in hoͤchſter Suißigkeit ſeines Hertzens zuge⸗

324 657 1423 79 bracht, und ſchoͤne Zeichen ſeiner Heiligkeit auch in denen hartiſten

326 706 1421 84 Felſen hinterlaſſen. Die Abweſenheit diſes eyfferigen Gcel⸗Gorgers

321 762 1423 76 ſiele ſchwaͤr der dazumal gantz frommen Stadt Regenſpurg, ſuchten

321 815 1424 70 dahero denſelben mit andaͤchtigen Gebett bey dem Allerhoͤchſten im

321 862 1424 81 Himmel, durch unterſchiedliche Botten aber auf Erden; und da er

322 916 1422 79 ungefaͤhr durch einen Jaͤger in der Wuͤſten gefunden worden, hat man

318 965 1426 75 ihne aus der Werckſtatt Goͤttlicher Betrachtung wiederum zu voriger

316 1016 1425 75 Arbeit ſeines Biſchoͤflichen Amts Anno 981. abgehollet; deſſen Ge⸗

315 1071 1423 72 genwart war ſonderbar lieb Kayſer Ortoni dem Anderen dis Nah⸗

318 1121 1422 75 mens, der in vielen wichtigen Gachen dieſes heiligen Manns Ratbͤ

316 1174 1427 73 vfloge; dahero auch miteinander beſchloſſen, denen Boͤhmen, damit

316 1224 1424 72 ſie nicht vom wahren Glauben abfallen moͤchten, einen beſonderen Bi⸗

315 1276 1422 70 ſchoff, nemlich Adalbertum, ſo hernechſt um Chriſtt willen gemarte⸗

315 1323 449 71 ret worden, zu ſetzen.

440 1368 1294 79 Mit gedachtem Kayſer Ortone, als er im Jahr Chriſti 976,

312 1425 1422 73 Krieg fuͤhrte wider Lorharium Koͤnig in Franckreich, reiſete woin⸗

315 1480 1421 72 gangus, und da der Kayſer mit ſeinem Kriegs⸗.eer in Durchſetzung

312 1531 1418 66 eines groſſen Waſſer⸗Flut in gegenwaͤrtiger Gefahr des Lebens ſtun⸗

312 1579 1419 58 de, Aventinus und Hundius nennen denſelben AXonam, hat der hei⸗

308 1623 1420 86 Eige Mann mit ſeinem Gebett von GOrt ſo viel erhalten, daß alle ſi⸗

309 1674 535 74 cherlich hindurch kommen.

448 1724 1280 77 Er weisſagte auch Hertzog Heinrichens in Bayrn (ſo ein ab⸗

307 1780 1423 73 ſonderlicher Freund Voiſtgangi war) vier Kinder ihren kuͤnfftigen

309 1832 1414 71 Stand: nennet den aͤltiſten Sohn Heinrichen einen Kayſer, den an⸗

308 1881 1415 75 dern Brunonem einen Biſchoff, die aͤltere Tochter Gilalam ein Koͤ⸗

308 1932 1415 74 nigin, die jungere Brigidam, ſo er ſelbſt getaufft, ein Abbtiſ⸗

308 1985 1420 69 ſin, welches alles hernach erfullt worden; dann HHeinrich wurde

304 2030 1422 76 Kayſer, und ſamt ſeiner Gemahlm Cunegund von der Kirchen heilig

305 2084 1418 73 geſprochen. Bruno, Biſchoff zu Augſpurg; Gilala heyrarhet Srephan

298 2136 1425 69 Koͤnig in Ungarn, nach deſſen Tod ſie ſich in ein Cloſter begeben;

299 2185 1407 101 und En gias wurd Abdußo des Eloſters S.Lanb in Regenſpurg orgtt.

1598 2229 123 74 Zuſatz

1897 800 45 38 10

1890 827 32 52 e.

1897 868 45 53 ài

1891 920 72 37 Oc. 1

1900 950 44 59 mui

1895 999 68 55 zon.

1893 1136 46 44 2a

1887 1166 45 64 8o

1897 1214 49 55 an

1890 1247 71 65 dug

1884 1292 81 68 ſtule

1883 1341 79 70 nidi

1893 1385 69 59 is n

1921 1429 31 58 1

1884 1466 51 63 ad

1888 1510 24 58 ⸗

1887 1556 49 57 es

1887 1601 65 60 im⸗

1887 1647 72 58 zuar

1880 1691 64 46 len

1880 1723 61 54 die

1880 1763 56 60 Ele

1883 1814 87 53 cordi

1883 1852 61 62 pra

1878 1901 63 55 hab

1881 1942 61 62 den

1881 1986 50 66 all

1910 745 35 51 en
