<?xml version="1.0" encoding="UTF-8"?>
<alto xmlns:xsi="http://www.w3.org/2001/XMLSchema-instance"
      xmlns="http://www.loc.gov/standards/alto/ns-v4#"
      xsi:schemaLocation="http://www.loc.gov/standards/alto/ns-v4# http://www.loc.gov/standards/alto/v4/alto-4-2.xsd">
  <Description>
    <MeasurementUnit>pixel</MeasurementUnit>
    <sourceImageInformation>
      <fileName>image238.jpg</fileName>
      <fileIdentifier>https://archiv.ub.uni-marburg.de/eb/2010/0168</fileIdentifier>
    </sourceImageInformation>
  </Description>
  <Tags>
    <OtherTag ID="BT1" LABEL="Title" DESCRIPTION="block type Title"/><OtherTag ID="BT2" LABEL="Main" DESCRIPTION="block type Main"/><OtherTag ID="BT3" LABEL="Commentary" DESCRIPTION="block type Commentary"/><OtherTag ID="BT4" LABEL="Illustration" DESCRIPTION="block type Illustration"/><OtherTag ID="BT42" LABEL="text" DESCRIPTION="block type text"/>
    <OtherTag ID="LT33" LABEL="default" DESCRIPTION="line type default"/>
  </Tags>
  <Layout>
    <Page WIDTH="1955"
          HEIGHT="2499"
          PHYSICAL_IMG_NR="238"
          ID="eSc_dummypage_">
      <PrintSpace HPOS="0"
                  VPOS="0"
                  WIDTH="1955"
                  HEIGHT="2499">
        <TextBlock HPOS="327"
                   VPOS="194"
                   WIDTH="1476"
                   HEIGHT="1970"
                   ID="eSc_textblock_35615dd6"
                   TAGREFS="BT42">
          <Shape><Polygon POINTS="362 194 437 194 488 227 566 233 809 227 905 199 1248 205 1281 216 1299 255 1748 255 1803 272 1770 366 1764 472 1759 1903 1742 1954 1748 2136 1725 2164 949 2164 327 2136 338 544 344 244 362 194"/></Shape>
          <TextLine ID="eSc_line_ab1f3fd9"
                    TAGREFS="LT33"
                    BASELINE="356 231 455 229" 
                    HPOS="355"
                    VPOS="194"
                    WIDTH="100"
                    HEIGHT="60">
            <Shape><Polygon POINTS="452 205 438 195 437 194 424 194 410 194 398 194 390 202 380 195 379 195 377 195 376 195 365 197 355 209 356 231 356 247 424 254 426 254 427 254 455 240 455 229 454 205 452 205"/></Shape>
            <String CONTENT="210"
                    HPOS="355"
                    VPOS="194"
                    WIDTH="100"
                    HEIGHT="60"
                    WC="0.9999624093373617"></String>
          </TextLine>
          <TextLine ID="eSc_line_6db48fbf"
                    TAGREFS="LT33"
                    BASELINE="867 234 998 245 1267 241" 
                    HPOS="866"
                    VPOS="199"
                    WIDTH="401"
                    HEIGHT="74">
            <Shape><Polygon POINTS="1255 208 1241 204 1227 204 1213 204 1199 204 1185 204 1171 204 1158 202 1144 202 1141 202 1137 206 1123 202 1116 202 1102 202 1096 202 1087 206 1038 201 1033 201 1019 201 1016 201 983 206 974 199 963 199 949 199 935 199 921 199 908 199 894 201 880 205 867 209 867 234 866 261 888 270 890 270 891 270 951 262 1009 272 1010 272 1012 272 1033 262 1058 269 1059 269 1060 269 1141 262 1156 272 1158 272 1159 272 1160 273 1238 273 1238 272 1239 272 1266 262 1267 241 1263 211 1255 208"/></Shape>
            <String CONTENT="-28 (O) EN-."
                    HPOS="866"
                    VPOS="199"
                    WIDTH="401"
                    HEIGHT="74"
                    WC="0.9034971793492635"></String>
          </TextLine>
          <TextLine ID="eSc_line_ab1dda01"
                    TAGREFS="LT33"
                    BASELINE="355 297 717 295 1321 312 1752 308" 
                    HPOS="355"
                    VPOS="242"
                    WIDTH="1397"
                    HEIGHT="93">
            <Shape><Polygon POINTS="355 297 355 316 883 316 912 327 913 327 915 327 1016 317 1046 329 1048 329 1049 329 1116 319 1156 330 1158 330 1159 330 1256 320 1282 331 1284 331 1285 331 1605 329 1656 335 1657 335 1750 324 1752 308 1750 258 1660 258 1659 258 1657 258 1618 270 1545 261 1544 261 1505 270 1387 270 1284 259 1282 259 1234 267 1153 267 1138 258 1137 258 1135 258 1134 258 1037 265 1003 255 1002 255 1001 255 944 263 913 254 912 254 910 254 827 262 767 248 766 248 692 258 631 245 630 245 569 259 533 244 531 244 355 242 355 297"/></Shape>
            <String CONTENT="Biſchoͤff zu Regenſpurg gelangt, doch den Regenſpourgiſchen HHoch"
                    HPOS="355"
                    VPOS="242"
                    WIDTH="1397"
                    HEIGHT="93"
                    WC="0.9756226181983948"></String>
          </TextLine>
          <TextLine ID="eSc_line_4a46fff5"
                    TAGREFS="LT33"
                    BASELINE="359 347 710 344 1460 363 1752 356" 
                    HPOS="359"
                    VPOS="305"
                    WIDTH="1393"
                    HEIGHT="82">
            <Shape><Polygon POINTS="359 347 359 366 641 360 680 372 681 372 683 372 733 362 823 363 838 374 840 374 841 374 842 374 896 366 958 376 959 376 960 376 992 367 1012 377 1013 377 1014 377 1087 369 1127 379 1128 379 1130 379 1341 376 1420 383 1421 383 1423 383 1444 376 1475 384 1477 384 1478 384 1555 379 1659 387 1660 387 1750 376 1752 356 1749 319 1674 329 1643 320 1642 320 1641 320 1600 327 1291 324 1248 312 1246 312 1245 312 1199 322 1121 312 1120 312 1052 319 1020 309 1019 309 1017 309 946 317 891 306 890 306 888 306 856 316 820 305 819 305 359 305 359 347"/></Shape>
            <String CONTENT="Stifft die Collegiat- Kirchen zu bemeldten Spalr damahls vorbehalten"
                    HPOS="359"
                    VPOS="305"
                    WIDTH="1393"
                    HEIGHT="82"
                    WC="0.9908709569888956"></String>
          </TextLine>
          <TextLine ID="eSc_line_5eee8ff7"
                    TAGREFS="LT33"
                    BASELINE="354 391 1344 413 1749 409" 
                    HPOS="354"
                    VPOS="352"
                    WIDTH="1395"
                    HEIGHT="88">
            <Shape><Polygon POINTS="354 391 355 415 372 408 420 416 422 416 566 410 585 419 587 419 588 419 652 412 752 423 862 424 863 424 865 424 887 417 912 426 913 426 915 426 1095 422 1134 430 1135 430 1137 430 1159 424 1450 435 1452 435 1513 427 1592 438 1593 438 1650 430 1670 440 1671 440 1673 440 1748 430 1749 409 1746 372 1593 380 1564 369 1563 369 1562 369 1560 369 1524 379 1492 370 1491 370 1489 370 1439 377 1412 367 1410 367 1409 367 1360 376 1344 365 1342 365 1341 365 1339 365 1338 365 1303 373 1278 366 1277 366 1276 366 1274 366 1251 373 1156 366 1155 366 1045 370 989 359 988 359 987 359 966 369 934 358 933 358 931 358 842 363 831 356 830 356 828 356 708 354 706 354 705 354 680 360 653 352 652 352 651 352 597 359 556 352 555 352 554 352 531 360 354 359 354 391"/></Shape>
            <String CONTENT="worden; maſſen ſolche jetzt Hoch⸗ermeldten Hoch⸗Stifft Regenſput⸗"
                    HPOS="354"
                    VPOS="352"
                    WIDTH="1395"
                    HEIGHT="88"
                    WC="0.9874696337259733"></String>
          </TextLine>
          <TextLine ID="eSc_line_23d89527"
                    TAGREFS="LT33"
                    BASELINE="351 442 1145 460 1737 465" 
                    HPOS="349"
                    VPOS="401"
                    WIDTH="1388"
                    HEIGHT="90">
            <Shape><Polygon POINTS="351 442 349 466 762 466 851 477 852 477 1128 476 1252 484 1253 484 1291 476 1305 484 1306 484 1307 484 1309 484 1544 483 1582 490 1584 490 1585 490 1620 481 1653 491 1655 491 1656 491 1735 481 1737 465 1735 423 1670 428 1639 420 1638 420 1637 420 1635 420 1609 431 1567 419 1566 419 1509 419 1507 419 1506 419 1487 428 1378 422 1377 422 1257 426 1238 415 1237 415 1235 415 1234 415 1176 423 1160 412 1159 412 1158 412 1156 412 1155 412 1153 412 1139 420 1120 415 1119 415 1117 415 1116 415 1088 423 1066 415 1064 415 1063 415 1008 422 967 410 966 410 965 410 917 416 903 408 902 408 901 408 899 408 852 419 828 410 827 410 826 410 824 410 798 417 735 406 734 406 601 409 509 401 508 401 351 409 351 442"/></Shape>
            <String CONTENT="annoch der Geſtalten zuſtaͤndig, daß dahin von denen Regenſpurs"
                    HPOS="349"
                    VPOS="401"
                    WIDTH="1388"
                    HEIGHT="90"
                    WC="0.9948366000538781"></String>
          </TextLine>
          <TextLine ID="eSc_line_2c78370a"
                    TAGREFS="LT33"
                    BASELINE="356 491 1110 510 1741 508" 
                    HPOS="355"
                    VPOS="455"
                    WIDTH="1386"
                    HEIGHT="80">
            <Shape><Polygon POINTS="356 491 355 509 694 522 695 522 697 522 715 516 851 527 852 527 853 527 881 519 912 530 913 530 915 530 989 519 1221 534 1223 535 1739 535 1741 508 1738 472 1645 481 1326 478 1295 465 1294 465 1292 465 1291 465 1267 477 1234 477 1148 476 1131 465 1130 465 1128 465 1127 465 910 472 863 462 862 462 860 462 837 469 806 456 805 456 803 456 740 462 701 455 356 455 356 491"/></Shape>
            <String CONTENT="ſchen Herren Biſchoͤffen jederzeit ein Domb⸗Herr eꝛ gremio Capiru"
                    HPOS="355"
                    VPOS="455"
                    WIDTH="1386"
                    HEIGHT="80"
                    WC="0.9906428804764381"></String>
          </TextLine>
          <TextLine ID="eSc_line_163bab7b"
                    TAGREFS="LT33"
                    BASELINE="354 538 1184 560 1575 563 1738 558" 
                    HPOS="352"
                    VPOS="499"
                    WIDTH="1386"
                    HEIGHT="92">
            <Shape><Polygon POINTS="354 538 352 552 501 555 527 571 529 571 530 571 648 574 649 574 651 574 652 574 676 560 697 560 751 562 774 577 776 577 777 577 778 577 895 573 991 580 992 580 994 580 1021 570 1048 583 1049 583 1051 583 1102 576 1131 584 1133 584 1134 584 1135 584 1174 573 1194 585 1195 585 1196 585 1349 590 1351 590 1389 583 1413 590 1414 590 1416 590 1417 590 1453 577 1502 577 1532 591 1534 591 1535 591 1737 581 1738 558 1734 528 1607 535 1559 535 1542 524 1541 524 1539 524 1538 524 1413 531 1324 530 1303 520 1302 520 1301 520 1299 520 1298 520 1284 528 1149 516 1148 516 1146 516 1113 524 1027 524 992 513 991 513 989 513 910 519 896 510 895 510 894 510 892 510 855 516 821 509 820 509 738 516 717 508 716 508 715 508 616 513 570 503 569 503 516 509 354 499 354 538"/></Shape>
            <String CONTENT="lari Carhedralis Eccleliæ Ratisbon: ad Prepolituram S. Emmeram"
                    HPOS="352"
                    VPOS="499"
                    WIDTH="1386"
                    HEIGHT="92"
                    WC="0.9812872448275166"></String>
          </TextLine>
          <TextLine ID="eSc_line_7f117855"
                    TAGREFS="LT33"
                    BASELINE="354 598 1450 617 1730 612" 
                    HPOS="352"
                    VPOS="552"
                    WIDTH="1378"
                    HEIGHT="88">
            <Shape><Polygon POINTS="354 598 352 609 487 612 501 621 502 621 504 621 505 621 506 621 529 613 598 620 599 620 647 615 659 623 660 623 662 623 663 623 720 619 738 626 740 626 741 626 827 617 919 628 920 628 991 621 1062 630 1063 630 1064 630 1092 621 1189 633 1191 633 1277 624 1303 634 1305 634 1306 634 1413 628 1430 635 1431 635 1432 635 1589 633 1639 640 1641 640 1728 630 1730 612 1727 573 1593 585 1575 577 1574 577 1573 577 1475 584 1453 570 1452 570 1450 570 1449 570 1369 583 1253 581 1230 570 1228 570 1227 570 1226 570 1203 578 1188 567 1187 567 1185 567 1184 567 1182 567 1160 580 1102 580 1052 578 1010 563 1009 563 1008 563 933 574 895 562 894 562 892 562 830 574 790 574 762 559 760 559 759 559 563 566 510 555 509 555 463 565 354 552 354 598"/></Shape>
            <String CONTENT="Chor⸗HHerrn⸗Stifft, aufgeſtellet, auch in denen Regenſpurgiſch⸗"
                    HPOS="352"
                    VPOS="552"
                    WIDTH="1378"
                    HEIGHT="88"
                    WC="0.9947357452104962"></String>
          </TextLine>
          <TextLine ID="eSc_line_ee549592"
                    TAGREFS="LT33"
                    BASELINE="349 648 1395 667 1718 659" 
                    HPOS="348"
                    VPOS="608"
                    WIDTH="1370"
                    HEIGHT="83">
            <Shape><Polygon POINTS="349 648 348 662 431 673 433 673 527 666 630 676 631 676 666 669 744 676 745 676 866 670 973 681 974 681 1252 678 1269 685 1270 685 1271 685 1332 680 1349 687 1351 687 1624 691 1625 691 1717 681 1718 659 1716 626 1663 633 1620 626 1618 626 1553 631 1530 623 1528 623 1527 623 1341 628 1302 620 1301 620 1246 627 1149 617 1148 617 1112 624 1049 616 1048 616 965 623 937 615 935 615 934 615 871 621 816 613 559 609 558 609 504 616 490 609 488 609 487 609 448 615 349 608 349 648"/></Shape>
            <String CONTENT="Allmanach derſelde Cannonicus, Drobſt zu Spalr, abſonderlich in"
                    HPOS="348"
                    VPOS="608"
                    WIDTH="1370"
                    HEIGHT="83"
                    WC="0.9877479871114095"></String>
          </TextLine>
          <TextLine ID="eSc_line_b93bfb83"
                    TAGREFS="LT33"
                    BASELINE="351 694 1257 716 1635 717 1706 710" 
                    HPOS="349"
                    VPOS="656"
                    WIDTH="1357"
                    HEIGHT="89">
            <Shape><Polygon POINTS="351 694 349 709 437 721 438 721 637 716 734 727 735 727 737 727 753 719 824 719 845 730 846 730 848 730 892 724 902 731 903 731 905 731 906 731 951 726 1002 733 1003 733 1005 733 1030 724 1053 734 1055 734 1056 734 1123 728 1137 735 1138 735 1139 735 1187 730 1348 739 1349 739 1351 739 1369 731 1438 742 1439 742 1555 735 1570 745 1571 745 1573 745 1574 745 1705 737 1706 710 1705 681 1539 678 1538 678 1537 678 1507 687 1498 678 1496 678 1495 678 1494 678 1438 684 1421 676 1420 676 1419 676 1327 683 1305 673 1303 673 1302 673 1251 681 1223 671 1221 671 1220 671 1219 671 1189 680 1155 670 1153 670 1152 670 1151 670 1117 678 1083 669 1081 669 1080 669 841 673 824 663 823 663 821 663 820 663 770 671 705 660 703 660 647 669 547 658 545 658 544 658 522 666 424 656 423 656 351 662 351 694"/></Shape>
            <String CONTENT="tuliret wird Wie aber alsdann die Stadt Uoͤrdlingen wiedert"
                    HPOS="349"
                    VPOS="656"
                    WIDTH="1357"
                    HEIGHT="89"
                    WC="0.9822704054541507"></String>
          </TextLine>
          <TextLine ID="eSc_line_7f3d8e4a"
                    TAGREFS="LT33"
                    BASELINE="348 748 1192 767 1734 763" 
                    HPOS="348"
                    VPOS="706"
                    WIDTH="1386"
                    HEIGHT="88">
            <Shape><Polygon POINTS="348 748 348 770 465 767 481 776 483 776 484 776 485 776 512 767 563 778 565 778 566 778 585 769 638 769 678 781 680 781 681 781 788 771 806 783 808 783 809 783 810 783 945 776 962 785 963 785 965 785 1069 787 1070 787 1071 787 1098 778 1256 789 1257 789 1394 781 1442 792 1537 794 1538 794 1732 783 1734 763 1731 726 1659 735 1531 726 1530 726 1528 726 1509 733 1341 733 1267 721 1266 721 1219 728 1198 719 1196 719 1195 719 1155 728 1045 728 880 714 878 714 877 714 848 724 748 712 747 712 745 712 727 717 541 709 540 709 538 709 522 716 479 709 477 709 476 709 455 719 427 708 426 708 424 708 423 708 392 714 348 706 348 748"/></Shape>
            <String CONTENT="dem Hoch⸗Stifft Regenſpurg an das Reich kommen, thut zwar b."
                    HPOS="348"
                    VPOS="706"
                    WIDTH="1386"
                    HEIGHT="88"
                    WC="0.9835201183954875"></String>
          </TextLine>
          <TextLine ID="eSc_line_1edbd49f"
                    TAGREFS="LT33"
                    BASELINE="351 799 1482 820 1632 820 1728 810" 
                    HPOS="351"
                    VPOS="756"
                    WIDTH="1377"
                    HEIGHT="85">
            <Shape><Polygon POINTS="351 799 351 819 676 817 697 826 698 826 699 826 741 820 1174 834 1176 834 1228 827 1567 841 1568 841 1570 841 1592 834 1725 834 1728 810 1727 778 1631 777 1630 777 1578 788 1445 784 1407 773 1406 773 1405 773 1266 783 1232 771 1231 771 1230 771 1167 781 1098 769 1096 769 1005 778 794 776 777 764 776 764 774 764 773 764 683 773 606 760 605 760 535 769 505 758 504 758 502 758 501 758 472 769 398 756 397 756 351 759 351 799"/></Shape>
            <String CONTENT="ſagter Herꝛ Hermes in angezogenem ſeinen Tractat Meldung, als wi"
                    HPOS="351"
                    VPOS="756"
                    WIDTH="1377"
                    HEIGHT="85"
                    WC="0.9982366012409329"></String>
          </TextLine>
          <TextLine ID="eSc_line_56cf4655"
                    TAGREFS="LT33"
                    BASELINE="349 849 1453 869 1638 869 1732 856" 
                    HPOS="349"
                    VPOS="809"
                    WIDTH="1383"
                    HEIGHT="86">
            <Shape><Polygon POINTS="1727 828 1563 835 1524 826 1523 826 1521 826 1473 834 1407 834 1387 823 1385 823 1384 823 1257 830 1176 821 1174 821 1041 827 931 817 930 817 869 824 778 813 777 813 698 821 678 812 677 812 676 812 601 819 583 810 581 810 506 809 505 809 504 809 483 817 351 812 349 849 349 870 434 864 459 876 460 876 462 876 512 867 562 877 563 877 608 867 652 877 653 877 694 869 727 880 728 880 784 881 785 881 917 873 960 884 962 884 963 884 1031 876 1059 885 1060 885 1062 885 1063 885 1078 878 1127 887 1128 887 1167 880 1213 888 1214 888 1371 884 1384 891 1385 891 1387 891 1388 891 1530 882 1560 894 1562 894 1649 895 1650 895 1652 895 1678 885 1731 885 1732 856 1727 828"/></Shape>
            <String CONTENT="re ein ſolches ob delictum alicujus Epiſoopi Ratisdonenlis geſchehel"
                    HPOS="349"
                    VPOS="809"
                    WIDTH="1383"
                    HEIGHT="86"
                    WC="0.990087207625894"></String>
          </TextLine>
          <TextLine ID="eSc_line_2e6fb6d0"
                    TAGREFS="LT33"
                    BASELINE="349 901 1316 920 1710 916" 
                    HPOS="349"
                    VPOS="859"
                    WIDTH="1361"
                    HEIGHT="86">
            <Shape><Polygon POINTS="349 901 351 926 372 917 394 926 395 926 397 926 469 919 490 928 491 928 492 928 649 921 827 934 828 934 910 927 1138 938 1139 938 1141 938 1158 930 1180 939 1181 939 1182 939 1259 931 1321 941 1323 941 1413 935 1532 945 1534 945 1709 937 1710 916 1707 878 1534 887 1499 876 1498 876 1496 876 1446 885 1423 874 1421 874 1420 874 1360 884 1326 873 1324 873 1323 873 1270 882 1142 870 1141 870 1139 870 1106 880 1083 869 1081 869 1080 869 1078 869 1055 877 1014 870 1013 870 965 877 895 866 894 866 844 876 749 876 703 863 702 863 701 863 530 867 510 860 509 860 508 860 470 867 454 859 452 859 451 859 349 859 349 901"/></Shape>
            <String CONTENT="Es dezeigt ſich aber aus eines Hochwurdigen Domb⸗Capitels all"
                    HPOS="349"
                    VPOS="859"
                    WIDTH="1361"
                    HEIGHT="86"
                    WC="0.9874012265049044"></String>
          </TextLine>
          <TextLine ID="eSc_line_91c00a4d"
                    TAGREFS="LT33"
                    BASELINE="347 948 1369 971 1725 966" 
                    HPOS="345"
                    VPOS="906"
                    WIDTH="1380"
                    HEIGHT="90">
            <Shape><Polygon POINTS="347 948 345 967 626 978 627 978 695 971 770 981 772 981 813 974 917 984 919 984 1031 978 1077 987 1078 987 1217 984 1284 991 1285 991 1392 985 1431 994 1580 996 1581 996 1724 989 1725 966 1724 931 1625 930 1624 930 1623 930 1587 939 1571 928 1570 928 1568 928 1567 928 1566 928 1539 938 1417 926 1416 926 1360 935 1298 935 1281 923 1280 923 1278 923 1277 923 1276 923 1253 930 1149 923 1148 923 1070 930 1058 921 1056 921 1055 921 1053 921 1008 928 876 920 874 920 773 924 687 913 685 913 592 919 574 910 573 910 572 910 522 919 469 907 467 907 405 914 374 906 373 906 372 906 370 906 347 916 347 948"/></Shape>
            <String CONTENT="Archivo ein anders, und zwar einer daſelbſt von Weiland .Hert⸗"
                    HPOS="345"
                    VPOS="906"
                    WIDTH="1380"
                    HEIGHT="90"
                    WC="0.997284201845046"></String>
          </TextLine>
          <TextLine ID="eSc_line_3e55b382"
                    TAGREFS="LT33"
                    BASELINE="345 1002 1066 1017 1681 1021" 
                    HPOS="344"
                    VPOS="963"
                    WIDTH="1337"
                    HEIGHT="82">
            <Shape><Polygon POINTS="345 1002 344 1023 1678 1045 1681 1021 1678 980 1589 988 1498 980 1496 980 1238 982 1224 974 1223 974 1221 974 1220 974 1162 981 1131 971 1130 971 1128 971 1127 971 1126 971 1112 981 1052 981 1001 970 999 970 998 970 974 978 946 969 945 969 944 969 942 969 908 977 852 967 851 967 765 975 737 966 735 966 734 966 635 971 619 964 617 964 616 964 559 970 345 963 345 1002"/></Shape>
            <String CONTENT="Leopolden von Oeſterreich beſchehener Conkirmation, daß nemlich"
                    HPOS="344"
                    VPOS="963"
                    WIDTH="1337"
                    HEIGHT="82"
                    WC="0.9963958055254013"></String>
          </TextLine>
          <TextLine ID="eSc_line_cafd00df"
                    TAGREFS="LT33"
                    BASELINE="345 1053 1302 1073 1696 1067" 
                    HPOS="344"
                    VPOS="1013"
                    WIDTH="1352"
                    HEIGHT="86">
            <Shape><Polygon POINTS="345 1053 344 1073 1516 1098 1517 1098 1593 1091 1605 1099 1606 1099 1607 1099 1609 1099 1695 1091 1696 1067 1692 1035 1371 1038 1351 1028 1349 1028 1309 1028 1307 1028 1259 1037 1244 1025 1242 1025 1241 1025 1239 1025 1238 1025 1212 1035 1074 1035 1039 1021 1038 1021 1037 1021 974 1032 912 1020 910 1020 828 1030 791 1017 790 1017 788 1017 738 1027 673 1016 672 1016 590 1024 520 1013 519 1013 345 1014 345 1053"/></Shape>
            <String CONTENT="Biſchoff von Regenſpurg Floͤrdlingen und Dragew (verſtehe"
                    HPOS="344"
                    VPOS="1013"
                    WIDTH="1352"
                    HEIGHT="86"
                    WC="0.9960830180268538"></String>
          </TextLine>
          <TextLine ID="eSc_line_acee84d0"
                    TAGREFS="LT33"
                    BASELINE="344 1107 1174 1121 1638 1123 1714 1117" 
                    HPOS="344"
                    VPOS="1067"
                    WIDTH="1370"
                    HEIGHT="81">
            <Shape><Polygon POINTS="344 1107 344 1131 420 1123 462 1131 463 1131 502 1124 531 1132 533 1132 534 1132 535 1132 537 1132 548 1125 656 1132 658 1132 708 1127 834 1137 835 1137 837 1137 838 1137 852 1128 962 1139 963 1139 1091 1134 1371 1143 1373 1143 1471 1137 1505 1146 1506 1146 1606 1148 1607 1148 1713 1138 1714 1117 1712 1081 1612 1089 1598 1080 1596 1080 1595 1080 1593 1080 1499 1088 1394 1088 1367 1078 1366 1078 1364 1078 1291 1085 1160 1077 1159 1077 1035 1081 1021 1073 1020 1073 1019 1073 1017 1073 874 1080 841 1070 840 1070 838 1070 769 1078 748 1069 747 1069 745 1069 645 1077 610 1067 609 1067 344 1067 344 1107"/></Shape>
            <String CONTENT="Dringen) dem Roͤmiſchen Reich vor die ſurisdiction und Obrigk⸗"
                    HPOS="344"
                    VPOS="1067"
                    WIDTH="1370"
                    HEIGHT="81"
                    WC="0.9942248540539895"></String>
          </TextLine>
          <TextLine ID="eSc_line_9330c0d8"
                    TAGREFS="LT33"
                    BASELINE="338 1155 1203 1173 1693 1170" 
                    HPOS="337"
                    VPOS="1114"
                    WIDTH="1356"
                    HEIGHT="85">
            <Shape><Polygon POINTS="338 1155 337 1177 633 1177 706 1185 708 1185 709 1185 727 1178 737 1187 738 1187 740 1187 890 1188 891 1188 1017 1182 1067 1191 1309 1195 1310 1195 1357 1188 1420 1196 1421 1196 1470 1189 1598 1199 1599 1199 1692 1191 1693 1170 1689 1134 1592 1142 1524 1131 1523 1131 1521 1131 1488 1139 1273 1130 1271 1130 1206 1137 1077 1124 1076 1124 963 1131 916 1121 915 1121 758 1130 712 1118 710 1118 709 1118 631 1125 619 1117 617 1117 616 1117 615 1117 544 1124 524 1116 523 1116 522 1116 477 1121 408 1114 406 1114 405 1114 387 1124 338 1124 338 1155"/></Shape>
            <String CONTENT="auf beeden damahligen Cloͤſteren UTider⸗ und Obermuͤnſter gegel"
                    HPOS="337"
                    VPOS="1114"
                    WIDTH="1356"
                    HEIGHT="85"
                    WC="0.9755728670528957"></String>
          </TextLine>
          <TextLine ID="eSc_line_e98b324a"
                    TAGREFS="LT33"
                    BASELINE="344 1205 1164 1224 1696 1223" 
                    HPOS="344"
                    VPOS="1162"
                    WIDTH="1352"
                    HEIGHT="81">
            <Shape><Polygon POINTS="1692 1182 1524 1189 1469 1180 1467 1180 1349 1187 1035 1181 1020 1173 1019 1173 1017 1173 745 1177 728 1167 727 1167 726 1167 724 1167 651 1175 637 1167 635 1167 634 1167 633 1167 585 1174 551 1164 549 1164 548 1164 547 1164 519 1171 345 1162 344 1205 344 1228 387 1221 758 1235 759 1235 817 1228 934 1238 1693 1243 1696 1223 1692 1182"/></Shape>
            <String CONTENT="Die Stadt iſt anjetzo ein Biſchoͤſlich⸗Regenſpurgiſch Lehen, ſo&amp;"
                    HPOS="344"
                    VPOS="1162"
                    WIDTH="1352"
                    HEIGHT="81"
                    WC="0.9705523075535893"></String>
          </TextLine>
          <TextLine ID="eSc_line_295c9d8d"
                    TAGREFS="LT33"
                    BASELINE="342 1256 1691 1277" 
                    HPOS="341"
                    VPOS="1216"
                    WIDTH="1350"
                    HEIGHT="84">
            <Shape><Polygon POINTS="342 1256 341 1271 441 1281 442 1281 585 1277 610 1286 612 1286 613 1286 683 1278 803 1289 805 1289 937 1282 1062 1293 1063 1293 1262 1289 1281 1296 1282 1296 1284 1296 1285 1296 1316 1289 1362 1298 1363 1298 1364 1298 1391 1289 1420 1298 1421 1298 1423 1298 1463 1291 1510 1300 1512 1300 1689 1299 1691 1277 1688 1234 1602 1241 1500 1230 1499 1230 1446 1238 1417 1231 1416 1231 1414 1231 1331 1237 1027 1232 1006 1223 1005 1223 1003 1223 905 1230 791 1218 790 1218 710 1227 684 1217 683 1217 681 1217 610 1224 598 1216 597 1216 595 1216 342 1216 342 1256"/></Shape>
            <String CONTENT="Churfuͤrſtliche Durchlaͤucht in Bayrn von dem Hoch⸗Stifft Rts"
                    HPOS="341"
                    VPOS="1216"
                    WIDTH="1350"
                    HEIGHT="84"
                    WC="0.9931255901446108"></String>
          </TextLine>
          <TextLine ID="eSc_line_5b500670"
                    TAGREFS="LT33"
                    BASELINE="345 1313 896 1313" 
                    HPOS="345"
                    VPOS="1267"
                    WIDTH="551"
                    HEIGHT="68">
            <Shape><Polygon POINTS="345 1313 345 1325 356 1334 358 1334 359 1334 361 1334 362 1334 390 1324 397 1331 398 1331 399 1331 401 1331 402 1331 420 1324 431 1334 433 1334 434 1334 435 1335 484 1335 484 1334 485 1334 487 1334 504 1324 562 1324 577 1334 579 1334 580 1334 581 1334 583 1334 584 1334 598 1324 844 1334 845 1334 896 1323 896 1313 896 1281 777 1281 752 1268 751 1268 749 1268 748 1268 705 1280 680 1268 678 1268 677 1268 676 1268 651 1280 534 1267 533 1267 531 1267 530 1267 519 1274 479 1270 477 1270 476 1270 456 1280 345 1267 345 1313"/></Shape>
            <String CONTENT="ſpurg zu Lehen empfangen."
                    HPOS="345"
                    VPOS="1267"
                    WIDTH="551"
                    HEIGHT="68"
                    WC="0.9828749704360962"></String>
          </TextLine>
          <TextLine ID="eSc_line_dcbabcaf"
                    TAGREFS="LT33"
                    BASELINE="479 1357 1567 1380 1630 1375 1707 1359" 
                    HPOS="477"
                    VPOS="1314"
                    WIDTH="1230"
                    HEIGHT="86">
            <Shape><Polygon POINTS="606 1314 479 1320 479 1357 477 1377 542 1382 544 1382 545 1382 573 1375 605 1384 606 1384 608 1384 609 1384 610 1384 622 1377 724 1377 826 1388 827 1388 870 1380 899 1389 901 1389 902 1389 987 1382 1028 1391 1030 1391 1205 1388 1274 1396 1276 1396 1355 1389 1413 1399 1414 1399 1496 1393 1507 1400 1509 1400 1510 1400 1512 1400 1560 1389 1705 1391 1707 1359 1703 1335 1637 1342 1584 1334 1582 1334 1430 1338 1405 1330 1403 1330 1402 1330 1400 1330 1374 1336 1316 1328 1314 1328 1216 1334 1182 1325 1181 1325 1180 1325 1070 1331 1041 1323 1039 1323 1038 1323 1005 1330 869 1320 867 1320 830 1327 802 1318 801 1318 799 1318 684 1324 608 1314 606 1314"/></Shape>
            <String CONTENT="Ludovico Arnolphi aus ſeiner Gemahlin Sohn, der Ani"
                    HPOS="477"
                    VPOS="1314"
                    WIDTH="1230"
                    HEIGHT="86"
                    WC="0.9892644052411995"></String>
          </TextLine>
          <TextLine ID="eSc_line_197b1ece"
                    TAGREFS="LT33"
                    BASELINE="342 1413 1339 1429 1677 1425" 
                    HPOS="341"
                    VPOS="1368"
                    WIDTH="1336"
                    HEIGHT="85">
            <Shape><Polygon POINTS="342 1413 341 1428 517 1429 533 1438 534 1438 535 1438 588 1432 598 1439 599 1439 601 1439 602 1439 603 1439 634 1432 715 1441 716 1441 826 1435 873 1443 874 1443 908 1436 1009 1445 1010 1445 1012 1445 1035 1439 1071 1446 1073 1446 1074 1446 1091 1439 1105 1446 1106 1446 1108 1446 1148 1441 1276 1449 1277 1449 1364 1442 1381 1450 1382 1450 1577 1453 1578 1453 1675 1445 1677 1425 1673 1384 1512 1391 1439 1381 1438 1381 1437 1381 1420 1389 1337 1380 1335 1380 1273 1388 1159 1380 1158 1380 996 1384 980 1375 978 1375 977 1375 887 1382 809 1373 808 1373 767 1381 742 1371 741 1371 740 1371 695 1380 613 1370 612 1370 610 1370 609 1370 598 1377 490 1368 488 1368 377 1375 342 1368 342 1413"/></Shape>
            <String CONTENT="892. (892.) zu Dettingen gebohren worden, iſt die Roͤmiſchee"
                    HPOS="341"
                    VPOS="1368"
                    WIDTH="1336"
                    HEIGHT="85"
                    WC="0.9787808448076248"></String>
          </TextLine>
          <TextLine ID="eSc_line_7785ece3"
                    TAGREFS="LT33"
                    BASELINE="342 1460 883 1468 1277 1481 1575 1481 1677 1473" 
                    HPOS="341"
                    VPOS="1418"
                    WIDTH="1336"
                    HEIGHT="88">
            <Shape><Polygon POINTS="342 1460 341 1484 966 1486 1058 1498 1167 1499 1169 1499 1170 1499 1171 1499 1181 1492 1235 1500 1237 1500 1306 1495 1438 1503 1439 1503 1480 1496 1588 1506 1589 1506 1675 1498 1677 1473 1674 1439 1589 1446 1531 1439 1530 1439 1417 1443 1405 1435 1403 1435 1402 1435 1400 1435 1149 1439 1088 1431 1087 1431 917 1435 791 1425 790 1425 719 1432 569 1423 567 1423 566 1423 535 1429 435 1420 434 1420 398 1427 342 1418 342 1460"/></Shape>
            <String CONTENT="im dritten Jahr zu Triburie vermeint, mit 7. Jahren aber von"
                    HPOS="341"
                    VPOS="1418"
                    WIDTH="1336"
                    HEIGHT="88"
                    WC="0.9972199628750483"></String>
          </TextLine>
          <TextLine ID="eSc_line_1466f010"
                    TAGREFS="LT33"
                    BASELINE="341 1511 1574 1531 1620 1528 1687 1511" 
                    HPOS="341"
                    VPOS="1470"
                    WIDTH="1346"
                    HEIGHT="82">
            <Shape><Polygon POINTS="341 1511 341 1529 458 1529 469 1536 470 1536 472 1536 473 1536 526 1529 566 1538 567 1538 802 1534 853 1542 855 1542 916 1535 949 1543 951 1543 952 1543 1008 1536 1337 1549 1338 1549 1403 1542 1500 1552 1502 1552 1685 1545 1687 1511 1684 1488 1618 1488 1617 1488 1616 1488 1593 1499 1503 1496 1491 1486 1489 1486 1488 1486 1487 1486 1485 1486 1459 1496 1339 1496 1307 1484 1306 1484 1305 1484 1239 1493 1133 1493 1112 1482 1110 1482 1109 1482 1041 1491 1012 1478 1010 1478 1009 1478 920 1486 873 1477 871 1477 823 1485 802 1477 801 1477 799 1477 798 1477 773 1486 717 1479 716 1479 680 1485 655 1473 653 1473 652 1473 594 1484 567 1471 566 1471 437 1470 435 1470 434 1470 416 1478 373 1473 372 1473 370 1473 341 1479 341 1511"/></Shape>
            <String CONTENT="nen Wahl⸗ Herren in Forchheim darzu erklaͤret worden, ( A."
                    HPOS="341"
                    VPOS="1470"
                    WIDTH="1346"
                    HEIGHT="82"
                    WC="0.97917640209198"></String>
          </TextLine>
          <TextLine ID="eSc_line_a7084418"
                    TAGREFS="LT33"
                    BASELINE="340 1559 1595 1581 1646 1577 1692 1560 1727 1554" 
                    HPOS="338"
                    VPOS="1520"
                    WIDTH="1389"
                    HEIGHT="83">
            <Shape><Polygon POINTS="340 1559 338 1581 448 1585 449 1585 451 1585 490 1574 530 1586 531 1586 533 1586 635 1577 662 1586 663 1586 665 1586 666 1586 695 1578 826 1592 827 1592 1044 1585 1067 1593 1069 1593 1252 1597 1253 1597 1331 1591 1398 1602 1399 1602 1444 1593 1469 1602 1470 1602 1602 1603 1603 1603 1605 1603 1645 1593 1724 1593 1727 1554 1721 1538 1078 1538 995 1528 994 1528 958 1535 912 1524 910 1524 909 1524 908 1524 869 1534 802 1523 801 1523 702 1531 666 1520 665 1520 663 1520 662 1520 635 1529 529 1520 527 1520 340 1525 340 1559"/></Shape>
            <String CONTENT="200.) Hatto Erb⸗ Biſchoff zu Mayns, und Orto Fuͤrſt in Sachlcn"
                    HPOS="338"
                    VPOS="1520"
                    WIDTH="1389"
                    HEIGHT="83"
                    WC="0.9692283964926197"></String>
          </TextLine>
          <TextLine ID="eSc_line_26ce58c3"
                    TAGREFS="LT33"
                    BASELINE="344 1610 1650 1632" 
                    HPOS="344"
                    VPOS="1568"
                    WIDTH="1306"
                    HEIGHT="86">
            <Shape><Polygon POINTS="344 1610 344 1631 413 1625 480 1625 494 1635 495 1635 497 1635 498 1635 552 1628 590 1638 591 1638 592 1638 631 1629 885 1632 942 1643 944 1643 994 1635 1084 1646 1085 1646 1123 1638 1158 1647 1159 1647 1160 1647 1539 1647 1568 1654 1570 1654 1571 1654 1649 1645 1650 1632 1648 1588 1552 1593 1445 1585 1444 1585 1407 1592 1377 1584 1375 1584 1374 1584 1373 1584 1352 1591 1212 1581 1210 1581 1108 1586 1080 1578 1078 1578 1077 1578 933 1584 919 1575 917 1575 916 1575 915 1575 863 1582 853 1575 852 1575 851 1575 849 1575 770 1581 648 1571 647 1571 645 1571 620 1578 591 1570 590 1570 588 1570 552 1577 502 1568 501 1568 344 1572 344 1610"/></Shape>
            <String CONTENT="waren immittels Verwalter des Reichs. Valdo aber Biſchoff zu"
                    HPOS="344"
                    VPOS="1568"
                    WIDTH="1306"
                    HEIGHT="86"
                    WC="0.9871683657169342"></String>
          </TextLine>
          <TextLine ID="eSc_line_01798b18"
                    TAGREFS="LT33"
                    BASELINE="1689 1611 1703 1611" 
                    HPOS="1689"
                    VPOS="1570"
                    WIDTH="14"
                    HEIGHT="64">
            <Shape><Polygon POINTS="1689 1611 1691 1634 1703 1629 1703 1611 1703 1570 1689 1570 1689 1611"/></Shape>
            <String CONTENT=""
                    HPOS="1689"
                    VPOS="1570"
                    WIDTH="14"
                    HEIGHT="64"
                    WC="0.9999861717224121"></String>
          </TextLine>
          <TextLine ID="eSc_line_40cb5d39"
                    TAGREFS="LT33"
                    BASELINE="340 1664 595 1661 1287 1682 1609 1681" 
                    HPOS="338"
                    VPOS="1614"
                    WIDTH="1271"
                    HEIGHT="95">
            <Shape><Polygon POINTS="340 1664 338 1674 387 1685 388 1685 452 1675 658 1678 731 1692 733 1692 734 1692 763 1682 794 1693 795 1693 796 1693 996 1686 1066 1699 1067 1699 1110 1692 1133 1700 1134 1700 1135 1700 1174 1695 1201 1702 1202 1702 1203 1702 1445 1700 1541 1709 1542 1709 1607 1697 1609 1681 1606 1650 1562 1650 1538 1639 1537 1639 1535 1639 1534 1639 1510 1647 1471 1639 1470 1639 1344 1645 1330 1635 1328 1635 1327 1635 1326 1635 1324 1635 1305 1643 1109 1634 1108 1634 1106 1634 1088 1639 1027 1628 1026 1628 931 1636 862 1624 860 1624 812 1632 726 1621 724 1621 567 1627 554 1618 552 1618 551 1618 549 1618 501 1625 484 1617 483 1617 481 1617 480 1617 455 1627 355 1614 354 1614 352 1614 340 1620 340 1664"/></Shape>
            <String CONTENT="ſing, Ludorici Zuchtmeiſter. Er hatte 2. unehelige Bruͤder"
                    HPOS="338"
                    VPOS="1614"
                    WIDTH="1271"
                    HEIGHT="95"
                    WC="0.9763954908683382"></String>
          </TextLine>
          <TextLine ID="eSc_line_58115f98"
                    TAGREFS="LT33"
                    BASELINE="1643 1670 1685 1661" 
                    HPOS="1638"
                    VPOS="1631"
                    WIDTH="50"
                    HEIGHT="59">
            <Shape><Polygon POINTS="1643 1670 1648 1690 1688 1678 1685 1661 1677 1631 1638 1645 1643 1670"/></Shape>
            <String CONTENT="ua"
                    HPOS="1638"
                    VPOS="1631"
                    WIDTH="50"
                    HEIGHT="59"
                    WC="0.9999932646751404"></String>
          </TextLine>
          <TextLine ID="eSc_line_276e5c29"
                    TAGREFS="LT33"
                    BASELINE="338 1713 828 1715 1470 1734 1571 1732 1657 1722" 
                    HPOS="337"
                    VPOS="1668"
                    WIDTH="1320"
                    HEIGHT="85">
            <Shape><Polygon POINTS="338 1713 337 1722 492 1734 494 1734 569 1727 795 1738 796 1738 948 1734 966 1742 967 1742 969 1742 1033 1735 1045 1743 1046 1743 1048 1743 1049 1743 1108 1736 1120 1745 1121 1745 1123 1745 1124 1745 1189 1738 1425 1750 1549 1752 1550 1752 1552 1752 1578 1745 1603 1753 1605 1753 1606 1753 1656 1745 1657 1722 1655 1690 1505 1700 1485 1693 1484 1693 1482 1693 1373 1697 1362 1690 1360 1690 1359 1690 1357 1690 1199 1695 1180 1684 1178 1684 1177 1684 1176 1684 1174 1684 1135 1693 1051 1693 1013 1679 1012 1679 959 1678 958 1678 852 1685 758 1675 756 1675 755 1675 728 1685 698 1675 697 1675 637 1672 635 1672 634 1672 601 1682 505 1671 504 1671 419 1681 338 1668 338 1713"/></Shape>
            <String CONTENT="bog andere nennen Zrventibaldum, und Rarholdum: jener her"
                    HPOS="337"
                    VPOS="1668"
                    WIDTH="1320"
                    HEIGHT="85"
                    WC="0.997486856945774"></String>
          </TextLine>
          <TextLine ID="eSc_line_1a5e9511"
                    TAGREFS="LT33"
                    BASELINE="344 1767 740 1768 1550 1786 1721 1757" 
                    HPOS="344"
                    VPOS="1720"
                    WIDTH="1377"
                    HEIGHT="84">
            <Shape><Polygon POINTS="344 1767 344 1782 433 1777 474 1788 476 1788 477 1788 559 1778 620 1789 622 1789 763 1779 796 1789 798 1789 799 1789 905 1786 949 1796 951 1796 952 1796 985 1785 1026 1799 1027 1799 1028 1800 1099 1800 1099 1799 1101 1799 1137 1788 1185 1799 1491 1804 1492 1804 1720 1789 1721 1757 1716 1734 1492 1746 1377 1736 1375 1736 1374 1736 1348 1743 1198 1736 1196 1736 1145 1742 1105 1732 1103 1732 1102 1732 1056 1736 1030 1725 1028 1725 1027 1725 1026 1725 983 1736 960 1727 959 1727 958 1727 910 1735 894 1724 892 1724 891 1724 890 1724 766 1731 747 1722 745 1722 744 1722 742 1722 715 1738 683 1738 531 1720 530 1720 529 1720 495 1729 462 1720 460 1720 459 1720 458 1720 434 1731 344 1722 344 1767"/></Shape>
            <String CONTENT="uͤber Lothringen, aber ſo beſchwaͤrlich und tyranniſch, daß Ludrv."
                    HPOS="344"
                    VPOS="1720"
                    WIDTH="1377"
                    HEIGHT="84"
                    WC="0.9911781206275477"></String>
          </TextLine>
          <TextLine ID="eSc_line_5356a411"
                    TAGREFS="LT33"
                    BASELINE="342 1818 1402 1836 1577 1833 1650 1822" 
                    HPOS="341"
                    VPOS="1770"
                    WIDTH="1309"
                    HEIGHT="87">
            <Shape><Polygon POINTS="342 1818 341 1831 1380 1854 1381 1854 1463 1849 1560 1857 1562 1857 1563 1857 1564 1857 1578 1849 1649 1849 1650 1822 1648 1789 1584 1789 1582 1789 1581 1789 1560 1799 1388 1797 1342 1788 1341 1788 1217 1793 1180 1784 1178 1784 1177 1784 1176 1784 1151 1792 1052 1792 1002 1779 1001 1779 955 1786 837 1777 835 1777 735 1782 724 1775 723 1775 722 1775 642 1774 641 1774 579 1784 548 1772 547 1772 463 1772 462 1772 460 1772 431 1781 413 1771 412 1771 342 1770 342 1818"/></Shape>
            <String CONTENT="dieſen Laſt mit Kriegs⸗Macht hinweg nehmen maͤſſen, das vaͤrte"
                    HPOS="341"
                    VPOS="1770"
                    WIDTH="1309"
                    HEIGHT="87"
                    WC="0.9833090728329074"></String>
          </TextLine>
          <TextLine ID="eSc_line_22c5f63e"
                    TAGREFS="LT33"
                    BASELINE="340 1864 1226 1885 1562 1885 1630 1877" 
                    HPOS="338"
                    VPOS="1820"
                    WIDTH="1292"
                    HEIGHT="95">
            <Shape><Polygon POINTS="365 1820 363 1820 340 1822 340 1864 338 1885 377 1890 379 1890 380 1890 416 1881 445 1893 447 1893 544 1895 545 1895 547 1895 576 1885 592 1896 594 1896 595 1896 649 1897 651 1899 690 1899 690 1897 691 1897 709 1888 730 1899 731 1899 733 1899 734 1899 767 1888 856 1888 913 1902 915 1902 994 1892 1012 1904 1013 1904 1014 1904 1071 1906 1073 1906 1207 1896 1264 1908 1266 1908 1267 1908 1303 1899 1391 1899 1489 1914 1491 1914 1556 1903 1627 1915 1630 1877 1627 1845 1545 1852 1482 1842 1481 1842 1480 1842 1457 1853 1413 1840 1412 1840 1410 1840 1348 1852 1289 1852 1256 1838 1255 1838 1253 1838 1252 1838 1224 1849 1196 1836 1195 1836 1194 1836 1192 1836 1173 1846 1159 1836 1158 1836 1156 1836 1102 1835 1101 1835 1099 1835 1074 1846 1008 1833 1006 1833 1005 1833 983 1845 933 1845 915 1835 913 1835 912 1835 871 1842 853 1829 852 1829 851 1829 849 1829 848 1829 803 1840 783 1829 781 1829 780 1829 727 1839 701 1832 699 1832 698 1832 560 1835 540 1825 538 1825 537 1825 535 1825 508 1833 434 1821 433 1821 431 1821 401 1832 366 1820 365 1820"/></Shape>
            <String CONTENT="Reich bekamm zwar Ludvrig, das Gluͤck aber wollte ſich nich"
                    HPOS="338"
                    VPOS="1820"
                    WIDTH="1292"
                    HEIGHT="95"
                    WC="0.9891327750884881"></String>
          </TextLine>
          <TextLine ID="eSc_line_19a30bf7"
                    TAGREFS="LT33"
                    BASELINE="345 1915 959 1932 1637 1936" 
                    HPOS="344"
                    VPOS="1877"
                    WIDTH="1293"
                    HEIGHT="83">
            <Shape><Polygon POINTS="345 1915 344 1931 391 1940 392 1940 431 1933 551 1943 552 1943 554 1943 566 1938 577 1945 579 1945 580 1945 581 1945 727 1939 749 1949 751 1949 752 1949 888 1943 994 1951 995 1951 996 1951 1033 1943 1103 1954 1105 1954 1106 1954 1134 1945 1155 1954 1156 1954 1158 1954 1277 1946 1305 1957 1306 1957 1307 1957 1364 1951 1381 1958 1382 1958 1384 1958 1385 1958 1412 1950 1459 1960 1460 1960 1635 1950 1637 1936 1637 1906 1570 1895 1568 1895 1567 1895 1549 1904 1469 1904 1435 1893 1434 1893 1432 1893 1431 1893 1410 1900 1373 1890 1371 1890 1370 1890 1203 1899 1166 1888 1164 1888 1163 1888 1162 1888 1127 1897 1117 1890 1116 1890 1114 1890 1113 1890 1024 1896 1006 1885 1005 1885 1003 1885 1002 1885 1001 1885 965 1895 946 1885 945 1885 944 1885 865 1893 838 1882 837 1882 835 1882 834 1882 801 1892 785 1882 784 1882 783 1882 781 1882 735 1889 701 1882 699 1882 698 1882 670 1890 602 1890 572 1878 570 1878 569 1878 567 1878 530 1888 441 1877 440 1877 345 1878 345 1915"/></Shape>
            <String CONTENT="geſellen; Dann in fuͤnfften Jahr nach ſeiner Wahl iſt gantz 2"
                    HPOS="344"
                    VPOS="1877"
                    WIDTH="1293"
                    HEIGHT="83"
                    WC="0.9844812809443865"></String>
          </TextLine>
          <TextLine ID="eSc_line_0d08d9bf"
                    TAGREFS="LT33"
                    BASELINE="337 1964 1384 1988 1607 1981" 
                    HPOS="337"
                    VPOS="1924"
                    WIDTH="1270"
                    HEIGHT="83">
            <Shape><Polygon POINTS="337 1964 337 1982 560 1982 580 1990 581 1990 583 1990 642 1983 656 1990 658 1990 659 1990 740 1986 803 1995 1126 2001 1127 2001 1238 1996 1294 2004 1295 2004 1296 2004 1314 1997 1402 2007 1403 2007 1606 2001 1607 1981 1603 1947 1474 1956 1399 1943 1398 1943 1282 1951 1217 1942 1216 1942 1214 1942 1199 1949 1059 1949 971 1935 970 1935 926 1945 848 1932 846 1932 845 1932 844 1932 827 1942 716 1942 644 1928 642 1928 587 1936 567 1927 566 1927 565 1927 515 1935 497 1925 495 1925 337 1924 337 1964"/></Shape>
            <String CONTENT="durch Berengarium von ihme abtrinnig worden, nicht weniger"
                    HPOS="337"
                    VPOS="1924"
                    WIDTH="1270"
                    HEIGHT="83"
                    WC="0.9965915710761629"></String>
          </TextLine>
          <TextLine ID="eSc_line_e24e7809"
                    TAGREFS="LT33"
                    BASELINE="333 2018 562 2018 1334 2038 1498 2038 1609 2028" 
                    HPOS="331"
                    VPOS="1972"
                    WIDTH="1278"
                    HEIGHT="89">
            <Shape><Polygon POINTS="333 2018 331 2036 509 2031 556 2038 558 2038 605 2033 623 2043 624 2043 626 2043 669 2035 717 2045 719 2045 812 2039 921 2050 923 2050 1128 2043 1170 2043 1195 2056 1196 2056 1198 2056 1251 2049 1292 2057 1498 2061 1499 2061 1607 2051 1609 2028 1605 1995 1484 2000 1473 1993 1471 1993 1470 1993 1469 1993 1406 1999 1319 1989 1317 1989 1269 1995 1180 1986 1178 1986 1133 1993 944 1990 921 1981 920 1981 919 1981 853 1988 715 1976 713 1976 580 1982 495 1972 494 1972 333 1974 333 2018"/></Shape>
            <String CONTENT="die Ungarn, und ihre benachbarte wilde Voͤlcker, ſo ihre Hei"
                    HPOS="331"
                    VPOS="1972"
                    WIDTH="1278"
                    HEIGHT="89"
                    WC="0.9878967543443044"></String>
          </TextLine>
          <TextLine ID="eSc_line_2554bf29"
                    TAGREFS="LT33"
                    BASELINE="336 2070 649 2068 1395 2090 1537 2086 1684 2068" 
                    HPOS="334"
                    VPOS="2021"
                    WIDTH="1350"
                    HEIGHT="92">
            <Shape><Polygon POINTS="336 2070 334 2081 442 2090 444 2090 445 2090 469 2082 510 2094 512 2094 513 2094 667 2083 708 2094 709 2094 710 2094 770 2090 858 2101 859 2101 928 2094 1006 2104 1164 2107 1166 2107 1207 2100 1467 2113 1469 2113 1562 2101 1682 2101 1684 2068 1682 2043 1563 2042 1562 2042 1475 2056 1313 2054 1284 2039 1282 2039 1281 2039 1280 2039 1255 2051 1219 2038 1217 2038 1216 2038 1159 2049 1046 2032 1045 2032 951 2046 919 2036 917 2036 916 2036 823 2040 806 2032 805 2032 803 2032 752 2038 735 2031 734 2031 733 2031 731 2031 712 2038 699 2029 698 2029 697 2029 695 2029 640 2039 609 2024 608 2024 606 2024 605 2024 576 2039 535 2022 534 2022 452 2021 451 2021 449 2021 448 2021 424 2036 336 2028 336 2070"/></Shape>
            <String CONTENT="von Kayſer Arnolpho zu Lehen emvfangen hatten, gantz aus dem."
                    HPOS="334"
                    VPOS="2021"
                    WIDTH="1350"
                    HEIGHT="92"
                    WC="0.9861669784686604"></String>
          </TextLine>
          <TextLine ID="eSc_line_81e8d54d"
                    TAGREFS="LT33"
                    BASELINE="331 2122 838 2125 1331 2142 1609 2133" 
                    HPOS="330"
                    VPOS="2076"
                    WIDTH="1279"
                    HEIGHT="98">
            <Shape><Polygon POINTS="331 2122 330 2144 362 2151 363 2151 365 2151 387 2142 424 2142 447 2156 448 2156 449 2156 623 2164 624 2164 723 2146 762 2158 763 2158 765 2158 766 2158 794 2147 951 2147 989 2168 991 2168 1060 2169 1062 2169 1063 2169 1064 2169 1084 2157 1151 2169 1152 2169 1205 2163 1228 2171 1230 2171 1231 2171 1388 2167 1407 2174 1409 2174 1410 2174 1492 2156 1606 2156 1609 2133 1606 2092 1499 2101 1230 2099 1209 2090 1207 2090 1206 2090 1005 2094 930 2083 928 2083 869 2093 820 2082 819 2082 785 2089 730 2081 728 2081 626 2090 599 2079 598 2079 597 2079 506 2086 454 2078 452 2078 451 2078 449 2078 434 2088 404 2076 402 2076 401 2076 331 2076 331 2122"/></Shape>
            <String CONTENT="ſchirr kommen, und haben gleich einen reiſfenden Waſſer alle"
                    HPOS="330"
                    VPOS="2076"
                    WIDTH="1279"
                    HEIGHT="98"
                    WC="0.9786107579867045"></String>
          </TextLine>
        </TextBlock>
        <TextBlock HPOS="1821"
                   VPOS="244"
                   WIDTH="132"
                   HEIGHT="1703"
                   ID="eSc_textblock_1d77ed16"
                   TAGREFS="BT42">
          <Shape><Polygon POINTS="1846 244 1953 255 1953 1942 1909 1947 1821 1931 1827 1493 1843 1442 1827 272 1846 244"/></Shape>
          <TextLine ID="eSc_line_09b01c1a"
                    TAGREFS="LT33"
                    BASELINE="1849 279 1921 280" 
                    HPOS="1848"
                    VPOS="244"
                    WIDTH="73"
                    HEIGHT="54">
            <Shape><Polygon POINTS="1918 251 1905 249 1891 248 1877 247 1863 245 1849 244 1849 279 1848 292 1918 298 1921 280 1920 251 1918 251"/></Shape>
            <String CONTENT="und"
                    HPOS="1848"
                    VPOS="244"
                    WIDTH="73"
                    HEIGHT="54"
                    WC="0.9999910593032837"></String>
          </TextLine>
          <TextLine ID="eSc_line_deafae0d"
                    TAGREFS="LT33"
                    BASELINE="1848 331 1949 335" 
                    HPOS="1846"
                    VPOS="291"
                    WIDTH="103"
                    HEIGHT="68">
            <Shape><Polygon POINTS="1848 331 1846 347 1946 359 1949 335 1949 299 1848 291 1848 331"/></Shape>
            <String CONTENT="Hoffe"
                    HPOS="1846"
                    VPOS="291"
                    WIDTH="103"
                    HEIGHT="68"
                    WC="0.9997302770614624"></String>
          </TextLine>
          <TextLine ID="eSc_line_383b6b24"
                    TAGREFS="LT33"
                    BASELINE="1843 381 1945 384" 
                    HPOS="1842"
                    VPOS="345"
                    WIDTH="103"
                    HEIGHT="64">
            <Shape><Polygon POINTS="1843 381 1842 392 1881 394 1900 409 1902 409 1903 409 1905 409 1943 406 1945 384 1945 349 1843 345 1843 381"/></Shape>
            <String CONTENT="geriſſe"
                    HPOS="1842"
                    VPOS="345"
                    WIDTH="103"
                    HEIGHT="64"
                    WC="0.9972944600241525"></String>
          </TextLine>
          <TextLine ID="eSc_line_5f24a218"
                    TAGREFS="LT33"
                    BASELINE="1843 430 1941 433" 
                    HPOS="1842"
                    VPOS="392"
                    WIDTH="99"
                    HEIGHT="61">
            <Shape><Polygon POINTS="1843 430 1842 442 1938 453 1941 433 1941 405 1911 405 1895 392 1893 392 1892 392 1891 392 1843 401 1843 430"/></Shape>
            <String CONTENT="fallen"
                    HPOS="1842"
                    VPOS="392"
                    WIDTH="99"
                    HEIGHT="61"
                    WC="0.9615895847479502"></String>
          </TextLine>
          <TextLine ID="eSc_line_abb4c601"
                    TAGREFS="LT33"
                    BASELINE="1843 476 1935 485" 
                    HPOS="1841"
                    VPOS="433"
                    WIDTH="95"
                    HEIGHT="77">
            <Shape><Polygon POINTS="1843 476 1841 490 1931 510 1935 485 1936 449 1846 433 1843 476"/></Shape>
            <String CONTENT="icchen"
                    HPOS="1841"
                    VPOS="433"
                    WIDTH="95"
                    HEIGHT="77"
                    WC="0.9999755422274271"></String>
          </TextLine>
          <TextLine ID="eSc_line_60971fd7"
                    TAGREFS="LT33"
                    BASELINE="1843 527 1948 528" 
                    HPOS="1842"
                    VPOS="484"
                    WIDTH="106"
                    HEIGHT="74">
            <Shape><Polygon POINTS="1843 527 1842 541 1945 558 1948 528 1948 499 1903 491 1902 491 1900 491 1889 497 1877 485 1875 485 1874 485 1843 484 1843 527"/></Shape>
            <String CONTENT="lich,,"
                    HPOS="1842"
                    VPOS="484"
                    WIDTH="106"
                    HEIGHT="74"
                    WC="0.9323934515317281"></String>
          </TextLine>
          <TextLine ID="eSc_line_ad8f8401"
                    TAGREFS="LT33"
                    BASELINE="1853 578 1868 581" 
                    HPOS="1850"
                    VPOS="530"
                    WIDTH="25"
                    HEIGHT="64">
            <Shape><Polygon POINTS="1850 588 1863 594 1868 581 1875 537 1861 530 1853 578 1850 588"/></Shape>
            <String CONTENT="e"
                    HPOS="1850"
                    VPOS="530"
                    WIDTH="25"
                    HEIGHT="64"
                    WC="0.9998805522918701"></String>
          </TextLine>
          <TextLine ID="eSc_line_6bcdad9d"
                    TAGREFS="LT33"
                    BASELINE="1855 631 1938 640" 
                    HPOS="1852"
                    VPOS="590"
                    WIDTH="87"
                    HEIGHT="70">
            <Shape><Polygon POINTS="1855 631 1852 644 1867 653 1868 653 1870 653 1871 653 1903 651 1932 660 1938 640 1939 599 1857 590 1855 631"/></Shape>
            <String CONTENT="tgene"
                    HPOS="1852"
                    VPOS="590"
                    WIDTH="87"
                    HEIGHT="70"
                    WC="0.9496405363082886"></String>
          </TextLine>
          <TextLine ID="eSc_line_0bfdb51b"
                    TAGREFS="LT33"
                    BASELINE="1845 673 1893 678" 
                    HPOS="1842"
                    VPOS="633"
                    WIDTH="54"
                    HEIGHT="68">
            <Shape><Polygon POINTS="1845 673 1842 687 1888 701 1893 678 1896 648 1849 633 1845 673"/></Shape>
            <String CONTENT="al."
                    HPOS="1842"
                    VPOS="633"
                    WIDTH="54"
                    HEIGHT="68"
                    WC="0.9997153282165527"></String>
          </TextLine>
          <TextLine ID="eSc_line_24593b9b"
                    TAGREFS="LT33"
                    BASELINE="1849 728 1900 731" 
                    HPOS="1848"
                    VPOS="684"
                    WIDTH="52"
                    HEIGHT="69">
            <Shape><Polygon POINTS="1849 728 1848 739 1896 753 1900 731 1900 703 1850 684 1849 728"/></Shape>
            <String CONTENT="ey"
                    HPOS="1848"
                    VPOS="684"
                    WIDTH="52"
                    HEIGHT="69"
                    WC="0.9999115467071533"></String>
          </TextLine>
          <TextLine ID="eSc_line_98a14a35"
                    TAGREFS="LT33"
                    BASELINE="1845 778 1884 784" 
                    HPOS="1842"
                    VPOS="731"
                    WIDTH="46"
                    HEIGHT="68">
            <Shape><Polygon POINTS="1842 788 1878 799 1884 784 1888 744 1852 731 1845 778 1842 788"/></Shape>
            <String CONTENT="ed"
                    HPOS="1842"
                    VPOS="731"
                    WIDTH="46"
                    HEIGHT="68"
                    WC="0.9999792575836182"></String>
          </TextLine>
          <TextLine ID="eSc_line_f7ff6f94"
                    TAGREFS="LT33"
                    BASELINE="1843 833 1896 838" 
                    HPOS="1841"
                    VPOS="781"
                    WIDTH="58"
                    HEIGHT="72">
            <Shape><Polygon POINTS="1841 846 1893 853 1896 838 1899 795 1848 781 1843 833 1841 846"/></Shape>
            <String CONTENT="ſerr"
                    HPOS="1841"
                    VPOS="781"
                    WIDTH="58"
                    HEIGHT="72"
                    WC="0.9991135150194168"></String>
          </TextLine>
          <TextLine ID="eSc_line_ca9eeb5d"
                    TAGREFS="LT33"
                    BASELINE="1843 878 1923 885" 
                    HPOS="1842"
                    VPOS="838"
                    WIDTH="82"
                    HEIGHT="71">
            <Shape><Polygon POINTS="1843 878 1842 891 1918 909 1923 885 1924 855 1875 838 1874 838 1873 838 1845 841 1843 878"/></Shape>
            <String CONTENT="zeue"
                    HPOS="1842"
                    VPOS="838"
                    WIDTH="82"
                    HEIGHT="71"
                    WC="0.9463990926742554"></String>
          </TextLine>
          <TextLine ID="eSc_line_73ffaf8e"
                    TAGREFS="LT33"
                    BASELINE="1848 926 1891 934" 
                    HPOS="1843"
                    VPOS="884"
                    WIDTH="53"
                    HEIGHT="65">
            <Shape><Polygon POINTS="1848 926 1843 944 1885 949 1891 934 1896 898 1855 884 1848 926"/></Shape>
            <String CONTENT="oo"
                    HPOS="1843"
                    VPOS="884"
                    WIDTH="53"
                    HEIGHT="65"
                    WC="0.9999491572380066"></String>
          </TextLine>
          <TextLine ID="eSc_line_9185763f"
                    TAGREFS="LT33"
                    BASELINE="1849 980 1895 987" 
                    HPOS="1846"
                    VPOS="938"
                    WIDTH="53"
                    HEIGHT="65">
            <Shape><Polygon POINTS="1846 989 1891 1003 1895 987 1899 945 1870 948 1856 938 1849 980 1846 989"/></Shape>
            <String CONTENT="nel"
                    HPOS="1846"
                    VPOS="938"
                    WIDTH="53"
                    HEIGHT="65"
                    WC="0.9999507665634155"></String>
          </TextLine>
          <TextLine ID="eSc_line_123e5ba3"
                    TAGREFS="LT33"
                    BASELINE="1843 1028 1902 1034" 
                    HPOS="1841"
                    VPOS="987"
                    WIDTH="62"
                    HEIGHT="66">
            <Shape><Polygon POINTS="1843 1028 1841 1044 1871 1053 1873 1053 1874 1053 1899 1048 1902 1034 1903 998 1846 987 1843 1028"/></Shape>
            <String CONTENT="uen"
                    HPOS="1841"
                    VPOS="987"
                    WIDTH="62"
                    HEIGHT="66"
                    WC="0.9999844233194987"></String>
          </TextLine>
          <TextLine ID="eSc_line_7a8e1355"
                    TAGREFS="LT33"
                    BASELINE="1845 1082 1892 1084" 
                    HPOS="1843"
                    VPOS="1037"
                    WIDTH="49"
                    HEIGHT="63">
            <Shape><Polygon POINTS="1845 1082 1843 1096 1889 1100 1892 1084 1892 1046 1845 1037 1845 1082"/></Shape>
            <String CONTENT="wi"
                    HPOS="1843"
                    VPOS="1037"
                    WIDTH="49"
                    HEIGHT="63"
                    WC="0.9787726402282715"></String>
          </TextLine>
          <TextLine ID="eSc_line_76edfd8f"
                    TAGREFS="LT33"
                    BASELINE="1849 1128 1880 1135" 
                    HPOS="1846"
                    VPOS="1084"
                    WIDTH="42"
                    HEIGHT="64">
            <Shape><Polygon POINTS="1849 1128 1846 1139 1874 1148 1880 1135 1888 1092 1857 1084 1849 1128"/></Shape>
            <String CONTENT=""
                    HPOS="1846"
                    VPOS="1084"
                    WIDTH="42"
                    HEIGHT="64"
                    WC="0.997340738773346"></String>
          </TextLine>
          <TextLine ID="eSc_line_8ba40923"
                    TAGREFS="LT33"
                    BASELINE="1839 1281 1918 1288" 
                    HPOS="1838"
                    VPOS="1234"
                    WIDTH="80"
                    HEIGHT="75">
            <Shape><Polygon POINTS="1842 1245 1839 1281 1838 1293 1914 1309 1918 1288 1918 1252 1892 1253 1843 1234 1842 1245"/></Shape>
            <String CONTENT="ſemne⸗"
                    HPOS="1838"
                    VPOS="1234"
                    WIDTH="80"
                    HEIGHT="75"
                    WC="0.9824624061584473"></String>
          </TextLine>
          <TextLine ID="eSc_line_b18e9a66"
                    TAGREFS="LT33"
                    BASELINE="1838 1328 1880 1335" 
                    HPOS="1835"
                    VPOS="1300"
                    WIDTH="47"
                    HEIGHT="50">
            <Shape><Polygon POINTS="1839 1317 1838 1328 1835 1343 1875 1350 1880 1335 1882 1306 1849 1300 1839 1317"/></Shape>
            <String CONTENT="ſto"
                    HPOS="1835"
                    VPOS="1300"
                    WIDTH="47"
                    HEIGHT="50"
                    WC="0.9309318661689758"></String>
          </TextLine>
          <TextLine ID="eSc_line_5f0bb536"
                    TAGREFS="LT33"
                    BASELINE="1841 1423 1867 1428" 
                    HPOS="1838"
                    VPOS="1391"
                    WIDTH="33"
                    HEIGHT="52">
            <Shape><Polygon POINTS="1842 1409 1841 1423 1838 1434 1861 1443 1867 1428 1871 1395 1849 1391 1842 1409"/></Shape>
            <String CONTENT="N"
                    HPOS="1838"
                    VPOS="1391"
                    WIDTH="33"
                    HEIGHT="52"
                    WC="0.9998611211776733"></String>
          </TextLine>
          <TextLine ID="eSc_line_99bbd614"
                    TAGREFS="LT33"
                    BASELINE="1836 1529 1899 1535" 
                    HPOS="1836"
                    VPOS="1477"
                    WIDTH="66"
                    HEIGHT="75">
            <Shape><Polygon POINTS="1836 1529 1836 1546 1852 1541 1895 1552 1899 1535 1902 1499 1841 1477 1836 1529"/></Shape>
            <String CONTENT="ſann"
                    HPOS="1836"
                    VPOS="1477"
                    WIDTH="66"
                    HEIGHT="75"
                    WC="0.9983783960342407"></String>
          </TextLine>
          <TextLine ID="eSc_line_5bd8d334"
                    TAGREFS="LT33"
                    BASELINE="1857 1588 1891 1591" 
                    HPOS="1855"
                    VPOS="1535"
                    WIDTH="38"
                    HEIGHT="71">
            <Shape><Polygon POINTS="1857 1588 1855 1599 1888 1606 1891 1591 1893 1541 1860 1535 1857 1588"/></Shape>
            <String CONTENT="e"
                    HPOS="1855"
                    VPOS="1535"
                    WIDTH="38"
                    HEIGHT="71"
                    WC="0.9998362064361572"></String>
          </TextLine>
          <TextLine ID="eSc_line_e1dea0bf"
                    TAGREFS="LT33"
                    BASELINE="1834 1621 1877 1627" 
                    HPOS="1831"
                    VPOS="1579"
                    WIDTH="49"
                    HEIGHT="67">
            <Shape><Polygon POINTS="1834 1621 1831 1641 1873 1646 1877 1627 1880 1595 1838 1579 1834 1621"/></Shape>
            <String CONTENT="der"
                    HPOS="1831"
                    VPOS="1579"
                    WIDTH="49"
                    HEIGHT="67"
                    WC="0.9809674024581909"></String>
          </TextLine>
          <TextLine ID="eSc_line_d32c66b4"
                    TAGREFS="LT33"
                    BASELINE="1832 1677 1893 1681" 
                    HPOS="1831"
                    VPOS="1627"
                    WIDTH="64"
                    HEIGHT="75">
            <Shape><Polygon POINTS="1832 1677 1831 1690 1891 1702 1893 1681 1895 1643 1843 1627 1842 1627 1841 1627 1839 1627 1838 1627 1834 1628 1832 1677"/></Shape>
            <String CONTENT="ſter"
                    HPOS="1831"
                    VPOS="1627"
                    WIDTH="64"
                    HEIGHT="75"
                    WC="0.9885864108800888"></String>
          </TextLine>
          <TextLine ID="eSc_line_378dbb56"
                    TAGREFS="LT33"
                    BASELINE="1835 1718 1874 1728" 
                    HPOS="1830"
                    VPOS="1685"
                    WIDTH="48"
                    HEIGHT="61">
            <Shape><Polygon POINTS="1835 1718 1830 1736 1868 1746 1874 1728 1878 1695 1842 1685 1835 1718"/></Shape>
            <String CONTENT="de."
                    HPOS="1830"
                    VPOS="1685"
                    WIDTH="48"
                    HEIGHT="61"
                    WC="0.8034417927265167"></String>
          </TextLine>
          <TextLine ID="eSc_line_60cd498f"
                    TAGREFS="LT33"
                    BASELINE="1831 1771 1914 1779" 
                    HPOS="1828"
                    VPOS="1728"
                    WIDTH="86"
                    HEIGHT="83">
            <Shape><Polygon POINTS="1831 1771 1828 1788 1853 1790 1868 1807 1868 1808 1870 1808 1871 1808 1909 1811 1914 1779 1914 1746 1834 1728 1831 1771"/></Shape>
            <String CONTENT="ꝛtzer"
                    HPOS="1828"
                    VPOS="1728"
                    WIDTH="86"
                    HEIGHT="83"
                    WC="0.9998709321022033"></String>
          </TextLine>
          <TextLine ID="eSc_line_70220146"
                    TAGREFS="LT33"
                    BASELINE="1834 1829 1899 1835" 
                    HPOS="1832"
                    VPOS="1779"
                    WIDTH="68"
                    HEIGHT="77">
            <Shape><Polygon POINTS="1834 1829 1832 1842 1895 1856 1899 1835 1900 1800 1874 1799 1857 1782 1857 1781 1856 1781 1855 1781 1836 1779 1834 1829"/></Shape>
            <String CONTENT="der"
                    HPOS="1832"
                    VPOS="1779"
                    WIDTH="68"
                    HEIGHT="77"
                    WC="0.9999495347340902"></String>
          </TextLine>
          <TextLine ID="eSc_line_cdf3dae9"
                    TAGREFS="LT33"
                    BASELINE="1830 1925 1881 1932" 
                    HPOS="1827"
                    VPOS="1874"
                    WIDTH="58"
                    HEIGHT="76">
            <Shape><Polygon POINTS="1830 1925 1827 1943 1877 1950 1881 1932 1885 1885 1835 1874 1830 1925"/></Shape>
            <String CONTENT="dar"
                    HPOS="1827"
                    VPOS="1874"
                    WIDTH="58"
                    HEIGHT="76"
                    WC="0.869268556435903"></String>
          </TextLine>
        </TextBlock>
        <TextBlock HPOS="1852"
                   VPOS="2115"
                   WIDTH="57"
                   HEIGHT="32"
                   ID="eSc_textblock_0bf5211e"
                   TAGREFS="BT42">
          <Shape><Polygon POINTS="1852 2115 1898 2115 1909 2125 1877 2147 1852 2115"/></Shape>
        </TextBlock>
        <TextBlock ID="eSc_dummyblock_">
          <TextLine ID="eSc_line_e2dbf7a0"
                    TAGREFS="LT33"
                    BASELINE="1860 2139 1878 2140" 
                    HPOS="1859"
                    VPOS="2094"
                    WIDTH="21"
                    HEIGHT="63">
            <Shape><Polygon POINTS="1860 2139 1859 2156 1875 2157 1878 2140 1880 2097 1863 2094 1860 2139"/></Shape>
            <String CONTENT="9"
                    HPOS="1859"
                    VPOS="2094"
                    WIDTH="21"
                    HEIGHT="63"
                    WC="0.9998607635498047"></String>
          </TextLine>
        </TextBlock>
      </PrintSpace>
    </Page>
  </Layout>
</alto>
