1935 2499
376 217 93 64 224

873 211 400 70 .6o8 (O) Lig-

509 267 1259 71 (b) Anno 979. verehrt OTTO I. unſerm Cloſter Srein⸗Rir⸗

370 317 1398 73 chen in Unter⸗Deſterreich, und die Guͤter bey Npß, erlaudt eir

370 370 1396 70 Schloß zu bauen zwiſchen der groſſen, und kleinen Erlaff; confir-

372 422 1393 69 mirt vor ſeinen Todt Anno 982. andere Guͤter, und ſchenckt demſel⸗

370 472 1402 70 ben interventu venerandi Prœlulis ⸗olfgangi, & amabilis Ramvoldl.

373 522 1388 79 Schierſtarr unweit Regenſpurg. Ingleichen den HHoff Aresſeld g⸗

369 577 150 65 nannt.

508 621 1254 73 Als Kayſer Otto ſich in Boͤhm aufhielte, nahmen beede Hein

369 674 1392 72 rici der in Bayrn, und Kaͤrnten Paſſau emn. Abraham von Freyſin

370 727 1387 72 blibe des Kayſers Feind. Es wurden aber alle drey gefangen, un

369 777 1392 67 ins Elend nacher Crier verſchickt. Da aber Kayſer Orto Anno 9s;

372 827 1390 71 den S. Septemb. zu Rom durch empfangenes Gifft geſtorben war⸗

377 878 1374 67 zoge Hertzog Heinrich heimlich von Crier auf Coͤlln, und uͤberkat

368 927 1394 71 mit Liſt Ottonem tertium noch unmuͤndigen, wolt deſſen Vormunder,

368 977 1386 78 und Verwalter des Reichs ſeyn. Die Reichs⸗Fuͤrſten lieſſens nitzu

368 1030 611 69 gaben ihm aber Bayrn wider.

505 1078 1248 77 Allhie zu Zeiten Caroli Magni ſtunde ſchon ein Kirchen naͤch

366 1128 1382 77 Ober⸗Muͤnſter, bey S. Paul genannt, worzu hernach Hertzog Geinris

370 1187 1377 65 aut Zuſprechen S. Wolfgangi ein Benedictineriſch Adeliches Zungfraues

370 1230 1369 72 Cloſter bauen laſſen, wie oben im 12. Capitel angezogen worde

370 1280 1320 73 Als aber nach und nach gedachte Cloſter⸗Frauen von Eyffer und

369 1330 1382 70 dacht nachlieſſen, die Diſciplin vergieng, niemand ſie darzn antriebe

368 1381 1304 76 ein freyes Leben einſchliche, die Zahl deren Cloſter⸗Frauen gar

368 1435 1376 76 wurde, hat man dieſes Cloſter in ein Collegium Soc. Ffeſu Anno 158.

368 1485 239 61 veraͤnderet.

505 1532 1213 74 Heinricus ſtarb endlich den z. Octob. 997. von deme oben m

366 1584 1343 76 in dem drey und zwantzigiſten Capitel. Dieſer verlieſſe unter ane

369 1634 1338 73 Kindern bey ſeiner Gemahlin Gilala, Koͤnigs Conradi aus Burg

369 1688 1286 68 Tochter, einen Sohn ſeines Nahmens Heinrich, ein Enickl zu

368 1738 1290 65 tzog Heinrichen den erſten, der Ortonis I. Bruder war, iſt ge.

363 1790 1285 71 worden Anno 977. (Adelsreutter ſetzt 972.) zu Abbach zwet

1697 1761 58 71 pei

369 1838 1363 79 oberhalb Regenſpurg an der Donau, wurde von S. Follgang getas

368 1892 1287 71 fet, erzogen von denen beruͤhmtiſten Lehrmeiſtern Vernardo Pr

365 1939 1232 83 zu Hildesheim, und Burcardo Biſchoffen zu VVormbs, und

1604 1943 44 60 ir

1658 1932 47 68 gi

1615 1983 56 77 Kl

404 2149 333 59 C) Vide Diplomaia.

1886 1697 21 53 n
