1939 2441
424 189 101 61 160

937 199 30 45 ur

987 189 356 71 15 (O) EEg-

424 240 1410 81 die Hoffmarch Hainſpach, und Zaindling, ſo ulrimars die Rholbi⸗

431 301 1400 71 ſchen zu Lehen von dem Cloſter gehabt, Anno 1775. wieder zum Clo⸗

431 347 1400 76 ſter gebracht, mit paar erlegten 10000. fl. Zu Befoͤrderung des GOi⸗

431 397 1406 66 tes⸗ DDienſt, und Horarum Canonicarumn, hat er ſchoͤne Brevjari, zi

431 447 1402 75 Muͤnchen drucken laſſen. Vorher muͤßte ſich ein jeder eines beſchrie⸗

432 499 1401 70 benen bedienen. Er hat Anno 1562. die Schlͤſſel und Abbtey den

431 547 1399 75 Convent freywillig religniren wollen, aber durch deſſen eyfferiges Bitten

431 603 1394 69 wieder angenommen. Er iſt dem Cloſter nutzlich und ruͤhmlich vor⸗

431 649 1160 73 geſtanden 12. Jahr, a. Monath, ſtarb Anno 1775. (d,

430 771 1403 69 broſius VHayrhofer; bekam von Kayſer Marimilian die Inveſtitur aul

567 722 1262 72 Gleich in dieſem Jahr iſt erwaͤhlet worden der zoſte Abbt An-

432 824 1399 73 die Reichs⸗Guͤtter allhie den 28. Oetober 1775. (e) von Hertos

432 871 1401 70 Wilhelm in Bayrn 1780. Confirmationem omnium Privilegiorum,

432 919 1394 76 & conluetudinum in allen Pundten und Claululen, als waͤrens vor

434 970 1388 74 Wort zu Wort inleriret. (H Er war ein Eyfferer der Catholiſchel

431 1021 1392 74 Religion, fromm, verſtaͤndig, gelehrt, und freygebig: hat gebar

428 1071 1397 74 den noch ſtehenden veſten und zierlichen Kirchen⸗Thurn, und zwal

430 1121 1389 75 von dem Fundament auf, ſo 15822. fl. 56. kr. 11. Wienner gekoſtet

434 1171 1388 69 Von welchem ein vornehmer Author geſchrieben: daß ſeye Inlignes

428 1217 1395 76 Magnificum opus laude & zternitate dignum; das iſt: ein vortrefilch

428 1270 1394 69 und hoch⸗ achtbares Werck, ſowohl Lobs als ewiger Gedaͤchenus

427 1319 1388 77 werth. Zu dieſem Kirchen⸗ Thurn hat Hertzog Albrecht in Bayrn den

427 1372 1380 72 Cloſter verguͤnſtiget, und brechen zu laſſen verwilliget ein groſſe An

427 1422 1388 72 zahl Quaterſtuck aus dem Stainbruch zu Abbach. So fuͤhrete er aus

428 1471 1391 74 noch andere Gebaͤu, derentwegen er ein Ziegel⸗ Stadl zu Pendlins

428 1522 1335 80 auſgerichtet hat. (8) Regierte loͤblich, aber nur z. Jahr, 9.:

1713 1567 106 67 nath⸗

449 1743 1367 72 () Albertus Hertzag i Dayrn, machte Abten Blaſium zu ſenen Nart Anno 1572. Origine,

455 1791 1361 69 in Archivo. Jum har Alderrus Hartzag i DTayrn de Pfan m Oberlaunerbach, gꝛg.

487 1834 1333 67 der vrar Hedranſtornf wverel⸗was nur RIalio Adten verauſcher, Anno 1sra der ned,

1784 1864 34 53 in

492 1872 1252 75 lentere pfar das ſus Prrlentandi Werel⸗wus, (nach doren Monathern) von Bayrt

493 1914 557 68 von E. Emmnerarn ans enrerciret wird.

459 1952 420 64 (O) Originole in Arenivo.

459 1997 417 64 ce) Originale in Arenira.

449 2049 1361 67 (e) nudolſos der Anderr zus Rabrus Nsnuſcher Xener arrckena Antross Adun dte Kerh

484 2095 1270 66 Eeben Annd 1s7d. und deſtaͤniget ant Privddssia Aano 15ꝛr Oritinalia in Archuͤrs,
