1935 2499
354 222 98 62 282

887 222 379 66 -6A8 (0) Feg-

351 269 1403 79 lichen Schaden, abgetrieben. Hernach begab ſich Velpho gen win⸗

354 329 1400 68 ſperg, allda wurde er Anno 1120. von Conrado belaͤgert, und ſo weil

352 379 1403 68 bezwungen, daß er ſich ergeben muſte, und dieſe einige Gnad erhiell⸗

352 430 1398 65 daß zedem Weib erlaubt wurde, aus der Veſtung mitzutragen, wat

352 480 1396 67 jeder am Liebſten waͤre. Auf ſolche des Kayſers Bewilligung, nahn

347 530 1393 69 jede ihrem Mann auf den Rucken, und trug ihn hinaus aus der Ve

348 581 1395 68 ſtung. Alſo entranne auch Welpho durch ſein Gemahl. Der Kayſe

350 634 1387 67 lobte die Treu und Lieb der Weiber hoch; Velpho aber nun frey, be

348 687 1157 62 hielte die Hoffnung zum Fuͤrſtenthum Bayrn zu kommen.

490 735 1258 68 Anno 1121. iſt Bertholden des andern Grafen von Graißbad

348 785 1391 70 Schloß und Stadt Lechomund durch die Stadt Regenſpurg ausg.

347 838 1390 63 brennt worden, aus Urſachen er denen Regenſpurgern das Gewer

348 888 1393 68 und Zugang auf der Thonau wehren wollen; dann dazumal faſt als

350 937 1389 75 Gewerb (ſo jett zu Nuͤrnderg) dey der Stadt Regenſpurg gew⸗

343 987 90 65 ſen.

482 1038 1250 71 Anno 1122. ware allhie Hertzog Leopold. Graf Otto von Wi

345 1089 1387 68 telſpach, Velphonis guter Freund, bekam einen Anhang in dieſt

348 1142 1384 70 Stadt wider Leopolden, der wuſte nit ehender aus der Stadt,

348 1193 1348 68 kommen, als durch verurſachte Feurs⸗Noth, welcher zu begegnen

347 1241 1375 73 Burger die Thor zu verwahren, verabſaumeten. Ubel herrſchet.

351 1293 1342 67 Furſt widerwaͤrtige Koͤpff; dann wann er nit maͤchtig iſt, liebt

345 1342 1345 72 niemand, foͤrchten ihn wenig, und die Waffen bringen Haß.-

345 1403 1352 63 tzog Leopola aber erholet ſich, belaͤgerte Regenſpurg, und muſten

345 1448 1371 70 Leben jene mit Geld erkaufen, die kurtz vorhero dem Hertzog trohete

345 1499 1377 72 Er zoge hernach an dem Lech, gewann Falley, verderbt daſſelbe gan

345 1547 1364 63 Ober⸗Land an dem Lech ohn allen Widerſtand, und unterſchie

345 1599 1294 64 kam hierauf wider allhero, wurd aber bald kranck, verhoffte dod

1672 1579 57 67 urs

347 1649 1311 72 Veraͤnderung des Luffts zu recht zu kommen. In dem er aber C

341 1702 1350 66 reich zureiſete, ſtarb er unter Weegs bey TLider⸗Alraich Anno1,

343 1753 1328 71 den 21. Octobr. Dieſer Hertzog hatte kein Gemahlin, ſtarb alſi

343 1804 898 67 ne Leibs⸗ Erben nach z. jaͤhriger Regierung.

476 1852 1243 73 Kayſer Conrad verlohe das Hertzogthum Bayrn des verſtorbeu.

343 1904 1373 71 Leopoldi Brudern, Heinrich dem XI. (uneracht es, Heinrico Leon

348 1954 1275 72 Heinrici luperbi, noch minder⸗jaͤhrigen Sohn zuſtunde) gab

1647 1949 31 54 1

343 2006 1279 69 Ehe Heinrici luperbi hinterlaſſene Wittib, des Kayſer Lorhari

1686 1978 33 61 c

345 2056 1334 69 ter Gertrudem, kame bald hernach, als Anno 1122. allhero gen

338 2104 1346 90 genſong, hande ain Douiſchant don kwannele Enechilden a.

1673 2131 56 65 pol

1857 279 68 59 von

1858 322 68 76 bao

1859 376 67 59 Con

1864 427 64 64 Ho

1859 474 69 73 fuͤh

1864 531 61 60 vn

1868 574 50 66 Ae

1865 624 56 72 Bi

1861 691 65 55 gere

1869 784 54 60 del

1868 844 53 48 der

1862 878 64 71 fah

1871 927 45 71 ar

1864 987 62 59 ma

1866 1035 57 60 me.

1869 1078 60 74 Au

1866 1130 57 75 do

1868 1184 53 68 dvr

1866 1231 55 74 dde

1866 1281 59 65 ten

1871 1334 43 68 un

1871 1386 43 63 me

1875 1428 29 67 2,

1878 1542 34 51 O

1873 1827 46 69 M

1871 1931 44 61 do

1869 2089 43 67 sn
