1571 2270
129 238 1366 96 Folget die Form, Weiſe, und Ordnung, wie dieſes

186 315 1253 80 Hoch⸗loͤbliche Sacrament und Adendmahl des Herin

507 374 610 74 zu Regenſpurg gehalten wird.

199 464 1297 80 Rſtlich, ſo iſt fuͤr gut, und unſer Schwachheit halb, fuͤr norh⸗

137 524 1357 64 ⸗ wendig bedacht, und angeſehen, daß neben der gemeinen offent⸗

118 568 1374 68 lichen Predigt, Beicht, und Abſolution, die auf der Cantzel geſchicht⸗

116 616 1372 72 auch die heimliche beſondere Beicht in der Kirchen nicht unterlaſſen,

118 664 1368 73 fondern erhalten werde, alſo, daß ein jeder, der zu des HHerrn Abend⸗

117 715 1370 75 mahl gehen, und ſich mit dem Leib und Blut Chriſti ſpeiſen laſſen will⸗

116 762 1367 72 ſich den Abend darvor bey dem verordneten Kirchen⸗Diener anzeige,

114 809 1371 72 und beichte, gleichwohl aber, ſo ſolle ſolches nicht dermaſſen verſtan⸗

113 855 1373 78 den werden, daß man jemands Gewifſen darmit beladen, oder zwin⸗

112 901 1371 78 gen wolle, wie etwa geſchehen, alle Guͤnde zu erzehlen, welches dann

109 949 1371 76 auch ohnmoͤglich iſt, ſondern nur etliche, darinn der Menſch fuͤrnem⸗

109 1001 1372 72 lich beſchwaͤret, auch Unterricht und Troſtes nothduͤrfftig iſt, wie wir

108 1047 1368 79 dann in der Wahrheit, alle, ſo viel unſer ſich ſelbſt recht erkennen,

108 1092 1370 85 guts Berichts und Froſts faſt wohl bedaͤrffen. So hat auch GOtt

108 1141 1365 78 die Schluͤſſel denen Kirchen⸗ Dieneren befohlen, welcher Befeich

105 1189 1367 88 GOttes wahrlich mit hocher Danckbarkeit zu ſuchen, und nicht zu

104 1257 354 62 verachten iſt. (g-

229 1278 1243 85 und dieſes geſchieht auch ſonderlich aus nachfolgenden Urſachen;

102 1334 1368 79 Erſtlich daß die Ablolution und Vergebung deren Suͤnden, in dieſer

100 1387 1367 79 beſonderen heimlichen Beicht nicht weniger, ſondern ja ſo troͤſtlich⸗

100 1432 1365 86 und bey vielen angefochtenen Gewifſen troͤſtlicher und annehmlicher iſt,

102 1483 1363 88 dann wann ſie auf der Cantzel ins gemein geſchihet, welches auch der

1370 1527 97 70 erſte

623 121 290 75 &Z (0)1

1425 131 76 53 599

129 1689 1333 84 () In dieſer vorgeſchriebenen Hronung wiro geſagt; daß die heimliche Beicht gut, und faͤr

165 1734 1296 82 unſere Schwarhheit nothwendig ſeye. 2. Das Gewiſſen ſolle aber nicht beladen

164 1770 1294 90 nnd bezwungen werden, alle Suͤnden zu erzehlen, dann es ohnmoͤglich iſt; ſon⸗

160 1810 1299 87 dern nur die jenige, die den Menſchen fuͤrnehmlich beſchwaͤren. asir Catholiſch⸗

160 1862 1297 75 ſagen auch/ daß die henmnitche Heicht gut und inothwendig ſeye. OOtt aber, nno ſeine Kirchen ver⸗

162 1887 1296 87 langer uns nicht zu beladen und zu zwingen/ daß wir alle unſere Euͤnden, ſo wohl kleine oder

162 1934 1294 79 laͤßliche, (maffen wir nchr a ertennen,) ſoͤndern die zenige, di dmn Nenſchen fumehmlich

157 1982 1030 82 beſchwaͤren, nemnch du Schwaͤre m Tod⸗Suͤnden, arzrhzten muigen⸗
