1566 2270
74 126 82 59 706

582 136 30 55 .

673 124 22 75 8

729 124 250 68 0) 22ga

71 179 1389 74 daſelbſt, offentlich reichen, und geben zu laſſen, und aber, wie die

71 232 1390 69 Erfahrung zu erkennen gibet, und vor Augen iſt, wo etwas loͤbliches⸗

74 282 1375 71 und zuvorab, daß die Ehr GOttes betrifft, und zu unſer Geelen Hey

74 332 1355 70 und Seeligkeit dienlich iſt, gehandlet, oder aufgerichtet wird, der S

73 382 1379 68 tan (welcher allezeit allen loͤblichen guten Wercken (b) und inſonder

74 426 1375 73 heit GOtt und ſetnen Goͤttlichen Wort, und Ordnungen widerwaͤr

76 479 1376 74 tig, und Feind iſt) alsdann nit feyert, durch unruhide boͤſe Menſcher

73 529 1373 71 daſſelbig faͤlſchlich zu berichtigen, und hin und wider zum argiſten aus

69 580 1379 66 zubreiten, ob er es dardurch verhinderen, oder je aufs wenigiſt ver⸗

70 628 1376 68 daͤchtig machen, und zerritten moͤchte; damit dann denſeiben unruhl

71 678 1373 67 gen Leuten, ſo viel moͤglich geſteuert werde, und dieſenigen, an wel⸗

68 727 1380 71 che dieſer Handel, anderſt, dann er an ihme ſeibſt iſt, gelangen mas,

70 776 1373 73 einen gruͤndlichen Bericht der Wahrheiten dawider haben. n. So hal

74 827 1362 68 ein Ehrbahrer Rath obgemeit fuͤr gut, auch ibr unrermeidentlid

73 875 1365 69 Nothdurfft bedacht, und angeſehen, ſolch ihr Fuͤrnehmen, auch woͤ

70 923 1374 73 rum daſſelbige geſchehen, und mit was Form und Weiß, und Ori

69 982 1379 63 nung es gehalten werde, (c) aufs kuͤrtziſte in eine Schrifft verfaſſen,

70 1024 1377 65 und offentlich in Druck ausgehen zu laſſen, damit es deſto foͤrderliche.

70 1073 1373 69 und baß, maͤnniglichen kundbar und zu wiſſen gemacht werde, der un

70 1123 1379 64 zweiflichen Hoffnung und Zuverſicht, es werde ein jeder verſtaͤndiger⸗

68 1172 1378 67 und zu vorab diejenigen, ſo die Lehre Chriſti fuͤr die Wahrheit un⸗

69 1220 1375 67 ſeinen Goͤttlichen Vefelch zu folgen, fuͤr nothwendig erkennen und ache

66 1269 1378 70 ten, ſich aus ſolchem Bericht genugſam zu erinnern wiſſen, daß dieſet

66 1319 1380 64 Eines Ehrbahren Raths Furnehmen, aus keinen unbeſonnenen Ge⸗

66 1364 1378 72 muͤthe oder Fuͤrwitz, ſondern nach ſleißigen Bedacht, aus bedrangtet

66 1416 1380 72 hoher Nothdurfft geſchehen ſeye, und mit guten Gewiffen nit hab⸗

66 1465 903 73 koͤnnen oder moͤgen laͤnger aufgezogen werden.

1377 1532 66 121 9

99 1712 1286 61 () Auhter wird geſagt, daß der Eathan aller Loͤblichen guten Wercken ein Feind ſeye.

1388 1699 58 57 Es

131 1754 1317 56 entſtehet die Frag, was durch die gute Werck hter zu verktehen ſeyer wann du Duß nnd an⸗

132 1790 1315 56 dere Engends⸗oder Andachrs⸗Werer dardurch zu verſtehen ſeynd, ſo ſuehe ich nicht, wie dieſe

132 1832 1240 42 Eatz/ mit der neuen Lehr Lutheri, oder vielmehr deren Herren Lutheranern beſtehen mege.

1400 1809 44 49 E⸗

128 1860 1309 55 ran aber ſeyn, das man aubuer i Regenſpurg von denen guten Wercken oin andere meynung ſiͤ

129 1901 755 47 re, als an anderrn Orthen deren Herren Retormirten.

100 1937 1346 70 (e) Die Weiß, Ordnung, und Form, weiche in dieſem Bericht, wie ternach ſolget, vor⸗

123 1979 1324 61 geſchricden i/ nird in Regenſynrsl lo viel i wriß/ nicht beodochtet. Worumen aber diele

121 2022 1159 60 Forin, und Ordnung wiederum geaͤnderet und unterlaſſen wordenꝛ iͤt mir undetannt.
