1911 2480
348 232 90 61 362

848 254 35 38 ers

920 242 54 70 2

1008 245 232 71 O) Faga

341 286 1389 94 tig hochfeyerlich zu halten, und mit allen Haus⸗Geſind den heisgen

341 344 1388 90 Abend zu faſten, am heiligen Feſt zu beichten und zu communiciren;

340 395 1387 88 iſt man durch die Gnad GOttes von fernerem Fahil conlerriret wor⸗

341 445 1385 89 den. Sein Succellor Abbt Michael folgte in der Andacht, und liez

341 491 1383 93 dieſem HHeiligen zu Ehren einen ſonderbahren Altar machen, den abet

340 546 1378 87 die Brunſt Anno 1622. eingeaͤſcheret. Zu Continuation dieſer An

341 599 1381 81 dacht, und damit auch andere Catholiſche Chriſten die Vorbitt des

337 648 1383 87 heiligen Sebaſtiani genieſſen, und von ſo leydiger Sucht prœlerrirel

337 697 1378 86 werden, hat der Hochwuͤrdige Abbt ſoannes Anno 1620. ein Prudes

338 748 1375 86 ſchafft in unſer S. Ruperti-Pfarꝛ⸗ Kirchen aufzurichten, von den

343 794 1368 96 Hochwuͤrdigiſten Fuͤrſten und Biſchoff Alderto IV. Erlaubnuß, un

334 848 670 77 ſelbiger Conkirmation dekommen-

735 1110 638 120 CAPUT LI.

457 1273 1241 93 ſchael Teurer der aꝛſte Abbt, von Rottenburg an der Tanber

336 1354 115 51 A V.1

472 1329 1188 87 luccedirte Abbten Conrado, es waͤre von ihme noch eine ſi

467 1381 1183 84 ne Gedaͤchtnuß verhanden, an denen von Aichen⸗Holtz zie

333 1430 1274 85 gemachten Chor⸗Stuͤhlen, wann ſelbe nicht die letzte Brunſt zu

327 1483 1308 82 gemacht haͤtte. Anno 1677. ſeynd gedachte Chor⸗Stuͤhl von

329 1529 1311 89 chen⸗ Holtz wieder auf das zierlichiſt erſetzt, und verfertiget worden.

336 1581 1306 91 Hertzos Albrecht conkirmiret ihme die Soll⸗Befrerung Anno 1a67.

365 1785 423 63 (a) Unter Abten Cœleſtino.

369 1829 408 54 (b) Originale in Archivo.

376 1873 1244 73 unter Abbeen Micharle beſtaͤttigte Peulus II. alle Prirtlegi- dem Cloſter S. Emmerami,

1634 1868 67 47 Ann⸗

405 1919 1292 73 eꝛcs Er tetaͤruigrt aul an neues dir Lelia ſoanni⸗ XAI. 165. Orizinalia on ⸗rasꝛ-

384 1957 1312 79 Priderieus uomſcher Karſer beſtaͤttugrt aur Frerbetten, 1ass Stem benichr er der Aradr 2

398 2004 1223 73 genſpurg das Cloſter allezeit m beſchigen, rirs. Ein Fidimur darvon in Arebivo-

387 2044 1255 73 Vermoͤg dieſes Kapſeruchen Deſelchs tommen aurzen nach Ablebben eines Asdes zu S. Enn⸗

1661 2025 35 52 a

402 2087 1229 63 einige Herren Deputirten von dem Loͤbuchen Regenſpurgeriſchen Mariſtrar, und erbuerren,

396 2121 1220 79 ſchuduug des Cloſtere, welchen augrt mit Hoſauchtat drgrgnet, nnd un Fal der noth ſe.

396 2160 374 66 ſchuͤtzung vorbehalten wird.

1843 292 26 63 ,

1833 343 54 67 Iſt

1835 438 41 67 el

1842 489 16 66 .

1843 549 17 51 .

1836 591 35 63 ſe⸗

1842 749 57 58 en

1842 789 38 67 i

1837 845 34 51 er

1844 885 21 65 1

1840 993 55 63 ten

1833 1037 50 59 im

1844 1082 35 65 2,

1843 1235 34 62 n
