2047 2486
62 321 63 65 pro

98 370 26 63 1

56 426 69 65 hen

52 472 73 63 unoͤ

19 522 106 67 purger

62 625 49 57 ru

51 672 69 97 ds

23 763 94 89 mu⸗

733 259 396 73 .s&S (O) Eèg-

1552 266 80 57 372

241 305 1395 83 Lurniern kein Verkehrer des Glaubens, Ketzer, Moͤrder, Verraͤ⸗

241 365 1393 75 (her, Maineidige, falſche Zeugen: Item welche ein Zungfrau, oder

240 415 1394 73 Frauen ihr Ehr mit Worten oder Wercken genommen, und andere

245 465 1384 76 ergleichen inkamirte Perſohnen, vermoͤg aufgerichter Turnier⸗Ord⸗

236 515 667 76 aung nit admittirt und zugelaſſen.

240 642 1391 73 chafft nacher Rom. Berichtete lnnocentium IV. daß er Regenſpura

356 582 1280 85 In dieſem Jahr ſchickte Hertzog Abrechr ein anſehnlich Bott⸗

241 694 1394 73 oder zu ſeinen Land gebracht haͤtte, batte bevnebens um Licenz allhie

243 745 1391 72 as Feltum omninm Religniarum (ſo ſich noch allhie befinden) zu in-

245 799 1389 71 oduciren. Er erlangte ſelbe, und darzu ſchoͤnen Ablag. Bey Ein⸗

234 849 1398 73 ſellung dieſes Feſts erſchienen die umligende Biſchoͤffe, Praͤlaten und

241 879 47 73 in

305 904 1329 68 lroſſe Menge Volcks. Vor den Thumb wurd ein groſſes Thea-

244 952 1390 72 cum aufgericht, die Heylthumer ordentlich darauf geſteut, und dem

261 998 1368 76 zolck vorgezeigt, und hat dieſe Andacht lange Jahr gewaͤhret, diß

308 1049 1327 83 Hurger von der Catholiſchen Religion abgetretten, wie an ſeinem

241 1093 474 87 octh ſoll gemelt werden.

247 1200 43 66 er

349 1169 1285 78 Immittels gedachte Kayſer Friederich, wie er Regenſpurg wi⸗

303 1225 1331 73 zum Reich bringen moͤchte. Trohete denen Innwohnern mit der

241 1270 1393 82 lacht, wofern ſie ſich nit inner Monarhs⸗ Friſt an das Reich wie⸗

251 1325 1383 76 Arum begeden werden. Wider Hertzog Albrecht aber richt er ſich in

302 1374 1332 70 Verfaſſung, Willens ihne mit Kriegs⸗Macht zu uͤberziehen; fan⸗

274 1421 1358 77 darzu viel Gehuͤlffen, die theils dem HHertzog abhold waren, theils

256 1468 1375 78 tm Kayſer ein Gefallen zu erweiſen. Dieſes Vorhaben waͤre Anno

266 1519 1365 81 90. Werckſtellig worden, wann nit Koͤnigs Marrhiz in Ungarn

252 1568 672 78 odtfall ſolches verhinderet haͤtte.

230 1690 1399 86 Manimilian allhero, doch nit in die Stadt kommen; und als ihr Ma⸗

348 1643 1283 82 Im jetzt gemeltem 1a90 ſten Jahr, den 26. May, iſt Koͤnig

236 1744 1398 83 eſaͤr auf der Thonau vorbengefahren, haben dieſe be mit Trombetten

226 1770 62 65 ꝛer

314 1800 1315 90 Otadt zum Spott, das ſie vom Reich abgetretten, das dekannt

233 1823 48 81 1

295 1841 321 84 eutſche Geſang:

459 1914 492 62 O du armer judas ꝛc.

408 1961 336 77 aufblaſen laſſen.

346 2031 1282 77 Anno ra01. bemuhete ſich Koͤnig Marimilian mit allen Kraͤff⸗

230 2057 66 68 en

317 2084 1314 77 wie er moͤchte zwiſchen ſeinem HHerm Vattern und Schwagern ei⸗

229 2104 66 74 ur

309 2132 1323 84 Frieden ſtifften, und den ſchaͤdiichen Krieg verhinderen. Der

886 2198 170 78 Aa a ,

1484 2187 147 73 Kayſer

40 928 53 70 eoſi

56 981 47 56 pe.

30 1077 74 73 chalt

33 1680 58 64 er

30 1778 62 71 unl

26 1839 62 54 orn

33 1881 62 67 en;

49 1974 35 70 a

35 2131 54 62 den
