1918 2545
329 237 89 71 172

838 237 395 71 2828 (0) EMZ-

461 292 1275 74 Anno 717. ſtarb allhie ein Schottlaͤndiſcher Biſchoff Albertus,

323 344 1409 71 den einige fur St. Erhards Bruder, andere nur fur einen Landsmann

326 397 1408 72 und Gefaͤhrten hielten, ſoll ein Ertz⸗Biſchoff zu Caſſel geweſen ſeyn⸗

330 449 1401 71 (d) Als er nach vollendter Reiß in das heilige Land wider allhero kom⸗

326 499 1406 72 men, und St. Erhard todt gefunden, hat er bey ſeinem Grab voi

329 550 1399 70 GOtt auch ein ſeeliges Sterbſtundlein und Ruhbett erhalten. Lio.

325 599 1402 76 in dem Adelichen Stifft Nider⸗Muͤnſter allhie; Seines Ableibens Ge⸗

323 657 528 61 daͤchtnuß iſt den 27. May.

463 704 1271 70 Hertzog Thallel oder Thallilo hat zu ſeinem groſſen Schaden

326 755 1403 72 Luitpurg oder Lytobirgam des Lombardiſchen Koͤnigs Deſiderii Toch

326 805 1405 70 ter zur Ehe genommen; dabey erwarbe er einen Sohn Theodonen

328 856 1399 71 und etliche Toͤchter. Er dienete Pipino im Krieg als ein verpflichte.

326 906 1393 72 Lehen⸗Mann 6. Jahr, hierauf verlieſſe er Pipinum, und begab ſich i

322 958 1405 72 Bayrn, vermeynte, er nutzte ſeinem Land deſſer gegenwaͤrtig, als ſo ferl

323 1012 1405 69 entlegen, und jenes, was er mit ſeiner Kriegs⸗Erfahrenheit gewanne⸗

325 1063 1400 70 komme nur Pipino zu Nutzen, ihme verbleibe nichts. Es verſchmad

322 1114 1397 68 te aber Pipino dieſe Abreiß ſo hoch, daß er Thaſlilonem in einen

323 1165 1392 67 Reichs⸗Fag zu Wormbs bey den Staͤnden verklagte, und dieſelde.

322 1217 1388 66 weit diſponirte, daß der Schluß Thallilonem mit Krieg zu zuͤchtige

323 1266 1392 64 ergienge; und waͤre geſchehen, wann Pipinum der Krieg in Aquirant

326 1316 1391 69 nit verhinderet haͤtte. Immittelſt ſtarde er Anno 768. und verliei

319 1365 570 72 alles ſeinem Sohn Carolo.

458 1416 1218 74 (e) Carolus mit dem Zunahmen Magnus, Pipini H. Koͤnigi

323 1471 1341 65 Franckreich, und Berthæ oder Vertradæ ſeiner Gemahlin Cohn,

321 1521 1396 68 Enickl Caroli Martelli, deſſen Vatter Pipinus I. genannt Grollus,

318 1575 1355 65 der Anherr Angilus major Domus, Ur⸗Anherr Arnulphus war⸗

321 1621 1370 67 der Expedition ſeines Vatters Pipini und deſſen Bruder Caroloma

318 1674 1339 69 ni wider Urilonem, iſt gebohren worden Anno 7a2. in Bayrn an

321 1723 1325 72 nem Schloß am Wuͤrm⸗See, das noch Carls⸗Berg, oder e

329 1780 1297 75 Burg genannt wird. (U) Oſt hernach zu Inglheimd anferzogei

1657 1806 58 81 en

1852 302 60 58 den

1848 340 65 67 wu

1851 446 61 64 me

1850 504 63 53 Len

1852 545 61 65 vor

1858 605 52 49 ui

1854 648 52 63 ore

1857 689 55 70 Fu

1860 750 48 57 Ab

1858 793 40 66 ur

1854 853 47 54 zu

1858 899 44 61 wi

1862 941 37 69 tn

1857 1001 51 65 ni

1857 1046 49 58 in

1858 1097 50 72 dde

352 1979 1353 64 ca) Delehe Synodum Nattedoncnſem de Anno 1650. Pg. nilu 277. Ltem A2a S8. 2.

380 2028 867 54 PP. Bollandian. ad diem VIII. anuarii de S. Erhardo-

352 2060 1352 70 (.) Avenrins nd. 1 pas. m. 1. eiche, Scriprors Rerum Franciczrum V. Mertind

384 2106 857 57 quet, und tom. V. die Chronoranin zu Anfarg des Tomi.

345 2150 1311 81 cV eude Loord. rou. 1. Frws- Orten rs trt nt. ven Mnm vadudna,

380 2197 601 79 uunngen urgen den Hednitir.ndt Cꝛrcoli.

1860 1262 50 57 zin

1864 1299 38 63 vi

1864 1560 29 51 0

1867 1599 43 65 Ar

1860 1648 50 64 mi

1867 1702 31 56 ur

1861 1767 38 48 ꝛ,

1861 1802 49 67 ne
