2047 2486
240 294 1388 77 uß zu Gochburg geſtrafft. Wie nun dieſer Biſchoff ſeln Kirchen in

784 248 336 68 13 (0) Ehg-

1556 256 50 53 36

241 350 1383 74 ge 26. Jahr, 8. Monarh, 7. Taͤg loͤblich regieret, und ſich um die⸗

247 401 1373 71 zide, wie auch gemeine Stadt allhie, auf das beſte verdienet gemacht⸗

244 444 1380 80 ſt er den 26. Inlii, nachdem er das 82. Jahr, 1. Monath, 7. Taͤg

237 495 1387 79 ſeines Alters erreicht, ſeelig geſtorben, und im Domb auſſer des Chors⸗

238 545 915 75 eden St. Stephans⸗Altar begraben worden.

353 595 1275 76 Anno 1271. hielr Kayſer Friderich der ꝛte allhie einen Reichs⸗

263 646 1357 76 ag wegen des Tuͤrckens. Machte Fried im gantzen Teutſchland,

237 698 1390 71 Aedotte allen Staͤnden, wann einer wider den andern eine Klag haͤt⸗

317 751 1310 63 ſolle er bey dem Hof⸗oder Cammer⸗ Gericht deponiren, ſein

252 798 1376 73 lecht ſuchen, und nicht mit dem Schwerd verfechten. Viel minder

247 831 66 70 aß

314 852 1314 69 ein Fuͤrſt den anderen mit Waffen angreiffen, oder uͤberfallen

238 877 61 67 ſoll.

240 944 1387 79 ſoleſtirte, kommt in die Aacht. Beede vergleichen ſich wider des

345 897 1282 76 Pfaltz⸗Graf Friderich, um Willen er ſeinen Ludrvig mit Krieg

245 993 1383 75 cayſers Willen, man berathſchlagte ſich auch wegen eines Roͤmiſchen

245 1044 1382 74 Cnigs. Der Pabſt wollte denen Boͤhmen, als Ketzern die freye

248 1091 1377 73 Gahl nicht laſſen. Marrhias Koͤnig in Ungarn vermeinte, es gebuͤhr

245 1139 1389 83 ſn dieſe Cron vor allen. Aber der Kayſer, Chur⸗ und Fuͤrſten wa⸗

244 1187 948 79 en Uladislao geneigter, der ſie auch dekommen.

241 1263 100 79 uinar

356 1243 1269 70 Es hielt P. Petrus Higer ein Dominicaner wochentlich ein or-

382 1294 1246 77 Predig in der Biſchoͤfflichen Reſidenz, wordey die Zuden er⸗

247 1338 1381 77 Heinen muͤſſen. Anno 1a72. wurde ſonderbar bekannt Nicolaus de

255 1383 1372 89 onis ein Religios des Chur⸗Pfaͤltziſchen Cloſters Reichenbach wegen

243 1432 790 73 einer Erfahrenheit in der Colmographia.

349 1481 1275 83 Occalione jetzt gedachten Cloſters Reichenbach, und in Betrach⸗

243 1527 1381 91 ung, daß dieſe unſers Cloſters S. Emmeram beſchribne Geſchichten ſich

245 1581 1375 87 at auf das Jahr und die Zeit, als in ermeltes Cloſter Reichenbach,

245 1632 1379 84 ach dem daſelbſt ertirpirten Lutheranilmum, die Religioli, Ordinis

244 1664 23 56 .

279 1682 1345 85 penedicti, introducirt worden, erſtreckt, ertendiren thut, habe ich

244 1711 43 58 n

310 1737 1314 76 eſem Orth etwas melden, und geziemend anraͤhmen wollen.

252 1784 1372 79 Das maſſen Sr. Churfuͤrſtl. Durchl. in Bayrn Hertzog Ferdinand

245 1829 1379 85 Aaria Ec. hoͤchſt Seel. Angedenckens in moru proprio, von ſelbſten

248 1878 1377 84 Sreißwuͤrdigiſt, und in Gnaden ſich entſchloſſen, daß in dero Her⸗

251 1929 1373 83 ogrhumb der Obern⸗Pfaltz an dem Regen liegende Benedictiner Elo⸗

244 1957 54 62 ter

313 1980 1307 84 Reichenbach dem Orden S. Benedicti aus ſonderbarer gegen den⸗

240 2028 1377 85 riden gnaͤdigiſt tragenden Alkedtion, und Propenlion zu uberlaſſen,

247 2079 1373 86 zſien nacher iett gedachtem Cloſter einige Religolen aus dieſem mei⸗

1526 2140 98 68 nem

29 672 55 54 ker

48 810 45 69 ot

35 1121 39 59 1,
