1554 2270
660 105 342 65 -&AS CO) Et.

161 197 1366 74 denen Friedens⸗ Tractaten erſucht, das Armiſtitium wieder aufzukuͤn⸗

291 152 1241 75 Der Chur⸗Fuͤrſt Marimilian wurde von bielen Legatis bey

162 249 1360 67 den, weil ſolches weder ſeinem Land, noch dem Reich erſprießlich ſeye,

157 296 1369 70 la der Feind ſelbſten nicht halten werde, was er ihm verſprochen; ſo

160 345 1368 66 dann bald erſchienen, dann der Schwediſche Venipotentiarius mu⸗

158 394 1374 63 thete ihme zu, daß er mit dem Voto Electorali vergnuͤgt, kuͤnfftig im

155 440 1372 64 Fuͤrſten⸗Rath weder Seſſionem, noch Votum haben ſollte. Worvon,

156 488 1375 64 wie auch von anderen mehr Inconvenienzien, und unbillichen Thaten

153 534 1375 66 der Chur⸗Fuͤrſt Urſach bekommen, den Stillſtand deren Waffen im

153 585 1374 65 September aufzuheben, ſich wieder in das Gewehr zu ſtellen, und

150 634 1374 62 mit dem Kayſer ſich zu vergleichen, unter anderen Bedingen war auch⸗

150 682 1373 62 daß die Stadt am Hof, ſo bishero unter des Kayſerlichen Commen-

150 731 1373 67 danten Comwando geweſen, von dieſem frey und kuͤnfftig mit Bayri⸗

150 779 584 65 ſchen Voͤlckern beſetzt werde.

276 848 1246 72 Es haben ſonſten beede Armeen des Feinds und Freunds nichts

148 904 1374 73 ſonderliches dis Fahr proſperiret, und waͤr eine Frag, wer mehr ein⸗

148 955 443 70 gebaͤßt moͤchte haben?

277 1003 1247 109 In dieſem Fahr haben die Kaoſerliche Majeſtaͤt z einem Com⸗

147 1087 1376 69 mendanten allhero verordnet, Hainrich Rraffren Frey⸗Herꝛn von

148 1133 1370 68 Cammerſtorff, welcher bis zur voͤlliger Evacuation der Guarnilon,

147 1179 1372 80 tach beſchloſſenen Friedens⸗Schluß, als nemlich 1622. und 50. all⸗

146 1229 923 72 hie verblieben, und folgends abmarſchieret iſt.

269 1302 1253 82 Anno 1628. haben ſich in Francken die Kayſerlich und Bayriſche

145 1358 1372 74 Armeen conjungiret, dem Feind, der dem Land Bayrn zueylete,

148 1406 1369 80 dorzubiegen. Hierauf ſich in das Aichſtaͤttiſche Biſtum gezogen, und

146 1454 1370 79 ſeynd den 22. Mertzen zu Ingolſtar t und Neuburg uͤber die Donau

145 1498 1372 89 gangen. Der Chur⸗ Fuͤrſt die Armeen mit Probiant zu verſehen, hat

143 1546 1371 90 allhie viel Getrayd aufkauffen laſſen, und haben die Kayſerliche von

146 1592 1367 91 dieſer Stadt z00000. Pfund Brod begehrt, ſo dann gebacken nacher

148 1659 721 69 Kelheim zu Waſſer gefuͤhret worden.

272 1722 1236 88 Man kunte nach unterſchiedlichen Gefecht bey Augſpurg den Ein⸗

150 1779 1357 82 fall des Frantzoͤſiſchen Generals Tureini, mit 8000, und des Schwe⸗

156 1828 1351 76 oiſchen Vrangelni mit 16000. Mann in Bayrn nun nicht mehr ver⸗

156 1876 1350 90 Ehren. Gleichwohl iſt der Inn⸗ Stromb alſo verſicherer worden⸗

1425 1914 78 62 daß
