1959 2500
47 344 59 64 not

43 393 75 65 und

59 450 36 58 5.

61 502 48 57 er⸗

58 547 53 62 dt,

31 701 80 69 ſeyn.

25 854 76 64 Kay

780 247 359 75 68 (00 288-

1568 265 33 68 8.

351 309 1292 72 Ludorieus der Kanſer befreyet das Eloſter von Abgab deren HHaurten

263 354 1383 79 839. Welches Srephanus Hertzog in Banrn Anno 1328. mehrmahlen beſtaͤtti.

244 380 57 68 ꝛer.

327 397 1001 71 Wie auch Ludo vicus Marggraf in Brandenburg ꝛc. 1318.

351 476 1292 80 Karolus Roͤmiſcher Koͤnig beſtaͤttiget 1252 Alberto Abbten das Privi-

248 520 1398 85 egium, ſo Luderieus Noͤmiſcher Koͤnig Anno 902. dem Cloſter S. Emmeramo

248 561 179 79 ungetheilt.

350 638 1293 91 uner Adde Wete hat ein Religios zn S. Emnmeram, mit Rehmen auch

252 698 1390 82 ſderrus, daß ſchoͤne grofſe auf Pergament geſchriedene Saal⸗Buch verſager, bey⸗

255 733 324 76 uſfſtig Anno i256.

348 831 1294 81 Abbt Altertur hat mie dem Cloſter Eberſperg, ein geiſtliche Conlœde-

250 869 611 93 ation errichtet. Anno 1889.,

343 969 1297 75 Clemeng VT. incorporirt die Harr Pfoͤring dem Eloſter S. Emmerami

330 1020 1310 73 daß alle Einkunfften dem Cloſter, dem Pfarrer aber (portio congrua) ſein

298 1059 1253 74 undige Umerhalt verdleiden ſollc. Anno 1315. Originale in Archiro-

48 956 53 53 en⸗

38 998 46 67 O

34 1045 68 67 ver⸗

52 1202 48 60 olf

491 1269 883 142 APUTXLVIII

327 1418 1304 101 no Fannſtainer der ,eſte Abbt kam in die Regierung Anno

276 1488 1353 87 1 1552. (a) behielts 27. Jahr, z. Monath, 8. Tag. Starb im

333 1536 386 64 Jahr Chriſti 1287.

245 1601 73 85 ay

373 1587 1258 90 Von Hertzog Albrechten hat er Conkirmationem Privilegii

312 1634 1317 96 er Ludwigs wegen der Zoll⸗ Defreyung erhalten. Eben dergleichen

240 1668 65 109 2

330 1690 1299 100 derrog Stephan dem ſungern Anno 15cg. und Anno 1276. den

284 1723 161 85 Mut. (b.

348 1776 1278 100 anno 1779. unter dem Pabn Vrbano vI. wird unſern Pedla⸗

252 1836 1372 93 L. von Euco Cardinale erlaubt, ihren Religiolen quatuor minores

947 1904 82 69 U u

1564 1923 62 71 zu

323 2047 1301 87 Durde zu Arignon, als Ast benedleirt. Wvigen erneuerrer Eemption taden die neus

290 2088 1325 103 Fhen n s. Enueran un int Errnr den in dihannteut Mo tey dmn Padgucdon Hꝛſ g

286 2106 76 55 ſteuer

265 2143 253 88 ) Vide Unero.
