2127 2583
512 322 1422 69 diſer Geiftlichen Ordens⸗Moͤnnern auf ein gantz beſondere Weis das Lob und Ehr

513 373 1417 60 der Welt fuehet, und ſelbe heber vor der Welt unbekannt zu ſeyn, als, Auctores,

519 417 1043 65 nder Vertaſſer deren Buͤchern geruͤhmet zu werden, verlangen.

655 456 1278 57 ARNOLDUS, Moͤnch zu St. Emineram, ( von deme hernach ein mehrers

519 497 1408 65 zu leſen) hat im eylften Sœculo vieles von Regenſpurg; Dero Vekehrung zum Ehriſi⸗

518 548 1412 56 lichen Glauben: von denen Erſtern Biſchoͤffen allda: von denen HHertzogen aus Bayerns

522 589 1408 65 Carolo M. und nack folgenden Kayſern geſchrieden. Befiehe Henricum Caniſ. oder

519 631 679 64 Baſnage tom. 3. Edir. Amſtelœdam.

657 667 1276 63 CTIRTSTOPHORUS HOFTMANN, ſonſten Olroſrancur benamſet,

515 711 1413 72 gleichfahls Profels zu St. Emmeram, welcher bis 1522. gelebt, hat vieles von Re⸗

516 763 1415 66 genſpurg, was ſich um dieſe Zeiten allda ereignet, zuſamm getragen, deſſen Manu-

518 802 1413 67 ſcrivta noch bey uns aufdehalten werden. Von Chriſtophoro Hofkmann wird

516 846 893 65 hinnach an ſeinen Ort ein mehrers gemeldet werden.

653 892 1278 56 Oberwehnter Hieremias Griienewald ſchreibet parte 2. c2p. 18. von

518 927 1409 66 Richardo Bartholino einen Welſchen, der Anno 1515. mit dem Paͤpſtlichen Le-

518 971 1412 72 gaten nach Regenſpurg gekommen, daß er in ſeiner Neis⸗Beſchreibung verſchiedenes

516 1020 586 57 von Regenſpurg angemercket habe.

637 1056 1290 70 Everhardus Walenberg, Regenſpurgiſcher Hiſtoriographus, hatum Mit⸗

515 1102 1411 66 te des vergangenen JTahrhundert (1655. ꝛc.) ſechs Buͤcher von Regenſpurg mit groſ⸗

515 1143 1412 73 ſer Muͤhe zuſammen geſchrieden. In deren erſten Theil, (in Ratisbona Politiea,

515 1189 1409 75 derſelbe von deren Bayern Urſprung: Anfang der Sradr Regenſpurg-

516 1245 1408 65 dero Zerrlichkeir ꝛc. vieles meldet Diſes Originale Manuſcriptum, nebſt an⸗

518 1291 1406 69 deren folgenden Theilen, wird in den Hochfuͤrſtuch⸗Regenſpurgiſchen Archiv aufbe⸗

519 1333 1407 67 halten. Von allen 6. Buͤchern aber, ſeynd die abſchriffruche Theil dey unſeren Sufſt

516 1376 1410 73 zu anden, welche Anſelmo den Abdten und Fuͤrſten in Austheilung ſeiner Hiſtorie

518 1423 918 75 von Regenſpurg ſehr vieles an die Hand gegeben.

638 1469 1293 66 Obig delobter Franciſens Hieremias Gruͤennewald Carthenſer Ordens in

516 1515 1410 73 Vruͤell nebſt Regenſpurg, erzehlet in Erſten Buch ſeiner Hiſtorie Cap. 28. was

515 1564 1408 66 fuͤr gelehrte Maͤnner in Regenſpurg ſich befunden haben, ſo durch verſchiedene ver⸗

513 1608 1405 66 fertigte Schrifften ſich beruͤhmt gemacht. Aus diſen wil ich nur diejenige hier aumer⸗

516 1650 1242 67 ꝛken, welche von der Stadt Regenſpurg deſonders etwas verfaſſet haben.

642 1690 1275 65 UURICUS CERTO, der Carthaus zu Wuͤrtzburg Prokeſs, iſt unter an

513 1733 1404 69 deren erſten Patribus zum Anfang der Carthaus zu Pruͤell bey Regenſpurg Anne

513 1782 1404 70 2282. hergeſchickt worden, da er ihme und ſeinen Bruͤdern mit Abſchreibung derett

513 1821 1403 71 nothwendigen Breviarien und Buͤchern zum GOttesdienſt vil gearbeitet. Er hat vo⸗

512 1864 1401 71 der Sradt Regenſpurg die alte denckwuͤrdigiſte Sachen in einen kurtzen Compendis

516 1907 1395 70 zuſamm geſchneben, mit diſer lnſcription: de Magniſicentiis Dei Omnipoten⸗

512 1953 1399 63 zis cirea ciritatem Ratisponenſem, erza Sanctos Dei, qui in cadem ſon

513 1996 1394 66 reconditi. Diſes Manuſcriptum wird in ein alten Breviario, das er 1299. 9.

513 2039 1171 71 ſchrieden, gefunden Alſo ſchreibet Fr. Hieremias Griͤennewald.

634 2083 1273 60 HLERONTMUS STREIIL Conventual Anno 1521. dann anch Prio.

512 2125 1393 66 in Augnzriner Cloſter bey Unſeren HErren allhier, ein fleißiger beredter Mann, nnd

512 2163 1392 101 Erdhader deim aten vſchichnen, hon n Eeniich don 1510 dß ꝛè vder nog nen⸗

1786 2207 122 81 furdo

503 249 63 101 2
