1918 2545
332 214 88 56 178

834 214 407 81 .1i8 (0) Eht-

326 265 1409 92 ſeinen Vatter umbraͤcht. Er vernamm aber dieſes erſchroͤckliche Vor⸗

326 319 1409 86 haben. Fardulphus, ein Lombardiſcher Prieſter, der entdeckts dem

325 373 1409 82 Koͤnig. Dieſer kam dem Unheyl vor, und ſtraffte dem Parrieidan

323 421 1408 80 anderſt nicht als mit dem Erilio, daß er in S. Galli Cſoſter gusſtehen,

325 469 1397 93 und ein Moͤnch werden mußte. Von dannen aber iſt er in das Clo

323 524 1406 86 ſter Drim geſchickt worden, allwo er fromm gelebt, und geſtorben⸗

325 572 1402 88 Die Conſpiranten wurden theils mit dem Schwerd, theils mit den

322 627 1403 84 Strang hingericht. Carolus ware GOtt und ſeinen heiligen Patrot

321 675 1401 87 nen nit undanckbar, ſonder gieng vielmahl aus ſeinem Palatio baar⸗

322 726 1054 88 fuß zu S. Emmeram, und verrichtete ſein Andacht.

442 811 1276 98 Er bembhere ſich auch viel, wie die Schiffarthen von der De

322 868 1393 89 nan in dem Abein, vermittelſt der Radnitz, oder Regnitz, All

319 917 1398 93 muͤhl, und Waͤin, und alſo von einem Meer in das ander moͤchte.

318 969 1386 91 gerichtet werden; zoge demnach Anno 122. von hier nacher Weiſfe-

316 1022 1395 86 durg, dem Werck naͤher zu ſeyn, dieweil man aber den guten Con

318 1073 1389 82 cept ins Werck zu richten fuͤr unmoͤglich gehalten, und das ſtaͤtte Re

316 1129 1385 82 gen⸗Wetter alle Bemuͤhung verhinderet, iſt die Arbeit eingeſtellet wo.

316 1176 1394 89 den. Villeicht wurden zu ſetzigen Zeiten wohl einige gefunden, d.

318 1223 1392 94 dieſes Werck richteten, wann jene, denen der kuͤnfftige Nutzen M

318 1275 943 92 geng⸗ das gewiſſe Geld nicht zu leb haͤtten.

446 1347 1271 99 sylerto, Biſchoffen zu Regenſpurg alhie, loccedtrts ane

314 1411 1393 86 Nahmens Conſtantin, wird aber in Catalogo der hieſigen Biſchoͤs

312 1464 1393 87 ausgelaſſen, villeicht weil er nur, lede Vacante, das Biſtum verwalrel

312 1515 1378 88 oder weil er gleich nach einem Fahr ſolcher Verwaltung ſein Leben ?

314 1565 1134 107 ſchioſſens Iſt i unſer Cloſter⸗ Kirchen degraben worden.

449 1650 1205 93 Anno 790. (791.) tratte die Regierung hieſigen Biſtums

314 1699 1355 90 Adalvvinus, (O nach unſer geſchriebenen Cronick aber Anno 7s

312 1754 1354 91 Hochvvart ſetzt 89 Dieſer wurde in dem Synodo, den Caro

1553 1809 138 88 Mogo-

1845 277 67 59 Mda

1848 330 58 55 und

1847 367 65 68 Re⸗

1845 425 65 65 ſten

1845 480 60 60 nen

1847 523 63 65 unt

1852 572 57 61 Cai

1854 619 49 76 rh

1854 674 48 62 ne

1851 771 44 74 e

1845 889 63 68 ſen

1855 950 54 63 dor

1851 999 47 61 er

1857 1046 27 62 .

356 2019 1269 83 (O In dem Synodo Ratisdonenſi Anno 1650. rag. m. 277. ſynd Neſt avort zu leſen;

1632 2007 63 96 e

374 2058 1261 76 zinus Abdas Sankti Emmerami, Aͤt eriam Epilcopus Rarisbonenlis Anno Domini De.

374 2093 1256 80 Adelvinur Abbr zuS. Enmneran, wno Onchon m Fegmnſonrs Anno ꝛ92 enhe n⸗

379 2134 1065 91 Er tts s dtt von dn dnlons der Rornung den vin a lan nordn.
