2023 2573
40 335 11 36 ,

41 378 14 37 ,

581 364 644 100 CrAXT STIII.

188 470 1414 126 Von S. Emmerams Geburt, Zugend, und

596 568 607 112 Biſchoͤflichen Stand.

184 657 1422 110 (2) 02M dem Eond Aguitanl. ig ein olte von vornehmen Leuchen

265 750 75 91 2

380 744 1226 76 beruͤhmte Stadt mit Nahmen Poictris gelegen, in welcher

377 796 1224 74 der heilige Emmeram ( vulgoͤ Haimeran) von ehrlichen,

175 834 1429 90 und Chriſtlichen Eltern gebohren; von Kindheit an hat er angefangen

177 889 1425 87 die Welt zu verachten, ihren Pracht gleich als das Auskehret mit

178 943 1424 83 Fuͤſſen zu tretten, und ſich auf die Erlehrnung der freyen, und heili⸗

172 994 1430 83 gen Kunſten zu begeben, die Tugend ader zu einem Zihl und Zweck

174 1046 1425 80 aller ſeiner Handlung zu ſetzen, in welcher er alſo zunamm, daß er

180 1097 1419 73 mnaͤnniglich beliebt, und zu einem Wunder wurde: was doch aus di⸗

177 1140 1418 92 ſem Kind ſollte werden? Dann die Vollkommenheit der Tugenden,

175 1196 1423 84 und guten Sitten kamen vor den Jahren, als haͤtte er ſolche mit der

175 1247 1421 86 wutterlichen Milch eingenommen. Von Perſohn war er gerad und

174 1297 1422 88 aufrecht, wohl geſtalt, und eines holdſeeligen Angeſichts; beflieſſen in

174 1350 1420 85 Almoſen geben; zum Faſten geneigt; ein Spiegel der Keuſchheit; und

171 1399 1421 83 Eremplar der Maͤtigkeit; wohl beredt; emſig in Ausreutung der La⸗

165 1446 1426 83 ſter; behend die Hertzen der Suͤnder zu erweichen, und Tugenden ein⸗

167 1493 1424 92 zuyflantzen: dahero von dem allerhoͤchſten Richter wuͤrdig geacht wor⸗

170 1545 1414 96 den, durch die ordentliche Erlangung der heiligen geiſtlichen Weyhe (d)

170 1602 1424 90 anf den Thron der Biſchoͤfiichen Wuͤrde geſetzt zu werden, ſo geſche⸗

171 1652 1424 87 hen da man nach Chriſti Geburt zehlte 622. auf welchen er, wie ein

171 1702 1421 90 hpelles Liecht, ſchimmerte, und mit ſeinem heiligen Wandel jedermann

167 1755 1422 86 gute Lehr ertheilte. Sein Seel ſtaͤrckete er mit Faſten, und Wa⸗

170 1803 1421 89 chen, erluſtigte dieſelbe mit ſtaͤtten Berten, alſo, daß jederzeit das

175 1856 1417 88 Halmen⸗ Glang aus ſeinem Mund wie ein quellendes Waſſer von der

174 1908 1417 90 Hoͤche in tieffe Thal flieſſet, heraus gebrochen; er ſpeiſete ſie mit Le⸗

170 1958 1418 108 een, und Betrachten, durch welche Mnttel er worden iſt () ein Fut

1511 2031 80 73 der

218 2096 559 92 QEaltege ton. U. rn 1t cr. 1.

253 2141 201 56 Lbid. cap. 2

198 2175 259 73 O loid err-.-

22 674 49 47 au

28 754 40 56 ol⸗

31 972 41 47 it

40 1087 31 19 -

37 1103 34 57 e

32 1197 39 43 e.

25 1403 53 53 das

1551 258 55 60 22
