1978 2545
868 226 344 75 18 (0) 229-

297 285 1416 75 ſen vermoͤgt, um allda in hoͤheren Kuͤnſten unterwiſen zu werden, von

295 337 1419 71 einem gelehrten Mann Nahmens Stephan, den gedachter Biſchoſt

295 390 1421 72 aus Welſchland der Jugend zum Guten kommen laſſen; unter wel⸗

297 441 1422 75 chem dann Wolfgangus alſo fleißig lehrnete, daß vilmahlen ſeine

299 489 1421 80 Schulgeſellen, wann ſie den Meiſter nit genug verſtehen kunten, die

295 542 1424 78 beſte Erlaͤuterung von Volfgango emyfiengen; ſolches verdroß aber

297 596 1420 69 Stephanum dermaſſen, daß er aus Eingebung des boͤſen Feinds, Volk-

301 640 1419 81 gango an ſtart gebuhrenden Dancks gar die Schul verwieſe. Nicht

294 697 1423 72 lang hernach wurde von Kayſer Ortone dem Groſſen, ermeldter Hain⸗

292 746 1429 71 rich zum Ertz⸗Biſchoff zu Eryer verordnet, der wolte Volkgangum

292 797 1427 73 nicht dahinten laſſen, hat ihn auch durch die ſtarcke Band der Leb mit

294 851 1426 72 ſich gezogen: diſe ſeine Zuneigung aber mehrers zu beweiſen, gedenckte

297 902 1423 73 Hainrich Volkgangum mit ſolchen Pfrienden und Kirchen⸗Aembteren

294 950 1422 77 zu verſehen, daß er der naͤchſt an ihme ſeyn ſolte: aber der demuͤthige

292 1001 1424 76 Diener Chriſti ſlohe dieſer Welt Ehr, verwilligte in nichts anderes als

290 1054 1426 74 einem Schulmeiſter und Lehrer der Knaben abzugeben, damit er ſeine

290 1104 1420 73 Geſchicklichkeit und Fugenden, die ihme mehrers von GOrt eingegoſ⸗

291 1157 1426 74 ſen waren, als durch Muͤhe und Arbeit erworben, auch anderen mit

290 1208 1422 71 Nutz ohne Vergeltung mittheilen kunte; in Geſtalten dann auf all an⸗

291 1259 1425 68 gewendten Fleiß der Ertz⸗Biſchoff von ihme mehr nit erhalten, als daß

287 1309 1429 70 er verwilliget unter den Geiſtlichen ein Dechant zu ſeyn; welches Amt

288 1358 1425 72 er mit ſolchem Lob und Nutz verſehen, daß unter ihme alle Geiſtliche

285 1411 985 72 recht geiſtlich lebten, und GOtt hertzlich dienten.

428 1463 1286 75 Mittler Zeit, als Anno 96a, zoge Ertz⸗Biſchoff Heinrich mit

288 1517 1422 66 Kayſer Ortone nach Rom, allwo er bald erkranckt und geſtorden iſt-

288 1562 1426 66 Ab welcher Zeitung obwohlen Wollgangus ſich hoch beſturtzt, hat er

290 1610 1420 72 ſich doch eines Theils auch erfreut, daßz er bey dieſer Gelegenheit ins

292 1662 1422 72 Werck richten moͤchte, was er vorlaͤngſt vorgenommen gehabt, lieſſe

287 1710 1423 70 dahero weder durch Ertz⸗ Biſchoffen von Coͤuln Brunonem, ſo ſeiner

290 1763 1416 73 Geſelliſchafft begehrte, und ihn zu Biſchoͤflichen Wuͤrden erheben wol⸗

287 1816 1417 75 te, noch von ſeinen Eltern und Befreunden, die alle Mittel brauchten⸗

287 1867 1415 75 ihren Sohn und Anverwandten bey ſich zu behalten; von ſemen GOtt

287 1921 1413 68 gefaͤlligen Vorhaben abhalten, ſonderen leitete ſie mit beweglichen und

287 1968 1412 77 Hertz⸗brechenden Urꝛchen dahin, daß ſie ihn gutlich entlieſſen, von de⸗

285 2020 975 81 nen er alsdann freundlichen Abſchied genommen.

1536 2126 151 106 CA-

1918 1255 34 79 a

1922 1326 26 56 e.

1919 1375 47 58 all

1917 1425 44 59 lei

1915 1473 55 65 ſol

1921 1524 28 60 ke

1918 1679 26 55 u

1917 1828 35 59 ni
