1566 2270
71 92 70 55 TO0

550 95 125 65 2r1i3

688 95 252 62 (0) Lg-

55 137 1387 92 deſſen die Freundſchafft dieſer deyden Maͤchten voͤllig hergeſtellet wur

56 194 1387 75 de, ſo geſchehen den 16. Mertz 1727. Die vereinigte Provinzen, uno

58 239 1380 86 Spanien tratten dieſen Friedens⸗ Tractat bey. Die Miß⸗ Verſtaͤnd⸗

52 290 1394 84 nuß wurde gehoben; die Oſtendiſche Compagnie abgethan; die 6000.

54 339 1382 89 Mann Spaniſcher Trouppen, ſo in Weiſchland kommen ſollen, der

54 387 1016 84 williget, und die Pragmatiſche Sanction garantiret.

196 436 1238 86 Franckreich ware mit dieſem Tractat nit zu friden. Bemuͤhete

54 485 1376 86 ſich die Garantie der Pragmatiſchen Sanction denen Reichs⸗Staͤndet

58 535 1367 84 zu mißrathen. Alleinig dieſe ſolenne Garantie wurde durch Mehrhel

50 581 1383 91 deren Stimmen auf den Reichs⸗Tag zu Regenſpurg den 11. Fenne.

54 634 1379 87 1732. beſchlofſen, wider welches aber Bayrn, Sachſen, und Pfalt

55 687 1373 81 proteſtirten Da Antonius Francilcus Hertzog von Parma Anne

55 732 1378 85 1731. ohne Erben mit Todt abgienge, wurden deſſen Staaten den

52 779 1378 86 Spaniſchen Infant, Dom Carlos, zu erkennet. Anno 1752. machtt

47 827 1378 87 Rußland, und Dennemarck zu Coppenhagen eine Alliance, und bey

49 876 1287 86 de Machten verſprachen die Garantie der Pragmatiſchen Sanction.

176 929 1249 83 Anno 1732. entſtunde ein neuer Krieg. Auguſtus I. Koͤnig il

50 971 1374 89 Pohlen ſtarde. Da aber der Koͤnig in Franckreich in ſeinen Abſichte.

59 1022 1371 89 (daß Stanislaus Leſzinskzy Koͤnig in Pohlen werden ſolte) nit reuſlirte,

51 1071 1373 89 gebraucht er ſich dieſer Gelegenheit den Kayſer zu bekriegen. Er nab⸗

47 1122 1375 87 me hinweg die Reichs⸗Veſtung Kehl, fullte das Hertzogthum Lothrin

49 1171 1374 83 gen mit Frantzoͤſiſchen Trouppen an, und eroberte mit ſeinem Aliit⸗

49 1220 1379 86 ten dem Koͤnig von Sardinien das gantze Maylaͤndiſche Gebtete.

46 1267 1376 89 Der neue Churfurſt aus Sochſen garantirte dem Kayſer die Pragms

45 1314 1382 94 tiſche Sanction. Das Roͤmiſche Reich beſchloſſe Anno 1752. durd

45 1368 1373 88 Mehrheit deren Stimmen dem Kayſer beyzuſtehen. Die Churfuͤrſte.

46 1416 1379 87 von Coͤlln, Bayrn, und Pfaltz verblieben Nentral. Es verſammlet⸗

50 1462 1362 91 ſich am Rhein ein ſtarcke Armee, zu welcher die Daͤniſche⸗Preußiſch⸗

47 1512 1377 89 HHannoberiſch⸗ und Heßiſche Voͤlcker ſtoſſeten. Printz Eugene hatls

45 1563 1379 87 das Commandement. Ehe aber dieſe Arméͤe zuſammen kame, haber

49 1610 1365 88 die Frantzoſen Trier beſetzet, Trardach hinweggenommen, in die Ert

49 1659 1374 90 linger Linien eingetrungen, und Philippsburg belagert, allwo ſie ſic

46 1705 1382 93 ſtarck verſchantzet: der General Wutgenaw, Commendant in der

51 1754 1372 92 Veſtung, mußte nach langer und tayferer Gegenwehr den 12. Jultt

44 1804 1148 93 dem Marechal & Asfeld par Accord den Platz uͤbergeben.

177 1855 1245 87 In Weiſchland ſahe es auch nit zum beſten aus. Der Gene⸗

45 1901 1382 104 ral Mercy nahwe zwar Mbirandola hinweg, und griſke den Feind bes

1285 1969 137 60 Parma
