1566 2270
580 113 35 57 u

658 112 29 73 5

807 116 40 70 )

878 118 35 71 1.

78 160 1398 84 Churfaͤrſten zu Coͤlln den 12. Februarii gecroͤnet worden. Den 8.

79 216 1394 82 Mertz darauf geſchahe die Croͤnung der Roͤmiſchen Koͤnigin, Carol

92 266 549 75 VIL Ehe⸗Gemahlin ꝛc. ꝛc.

1181 277 292 68 .S C.

569 324 132 60 2

894 329 72 58 2

1213 327 201 71 .rk.,

1144 385 126 55 12c..

619 418 331 117 Suſatz.

1038 437 375 58 d Curr:c

100 512 1307 113 In den vrgchenten Cayua ꝛn veg 5eo geneldel worden, daß ard⸗

180 583 1210 87 Reichs⸗Stadt Regenſpurg Anno 1730. den 22. ſunii das zwente

76 633 1349 79 culum der von Martino Luthero Neu⸗ gepredigten Lehre celebrirer, und

75 678 1378 88 eben dieſem Fahr zu Regenſpurg, Johann Georn Hoffmann allhrer, den )

76 728 1342 84 nigen Bericht, welcher Anno 1522. allda ſchon geornckt worden, wiederu,

79 775 1319 87 auf ein neues aufgeleget habe. Daß gedachter Hoffiann ſolchen Bericht,

1415 786 48 61 maͤ

78 823 1325 78 Vorwiſſen und Willen eines laͤblichen Magiſtrats allhier, wiedernmen ernenert

1423 836 31 45 er

75 863 1328 74 de haben, kan ein Vernaͤnfftiger kaum zweiflen. Ich bin der Meynnng, dat

75 904 1369 82 loͤblicher Magiltratus bey Celebrirung dieſes zweyten Sœcnli, daß jenige wirder

75 952 1342 82 men alhier habe einfuͤhren wollen, was Anno 1522. geſchehen, Cbeſiehe pag⸗ 1-

76 998 1378 82 nemlich die tentſche Meſſe; dann, ans was Urſachen haͤtte man dieſen Bertl,

78 1046 1337 76 Anno 1730. bey Celebrirung des zweyten Sœcmi erneneren laſſen 2 gleichwie.

79 1085 1306 75 Anno 1562. ſelbe Meß von ihnen wiederum aufgehebt worden. pag. 157. alſo wirt

79 1128 1325 75 dieſes Vorhaben wiederumen geaͤnderet worden ſeyn, maſſen mir nicht wiſſentl

76 1172 1342 71 daß die keutſche Meß in deren Herren Glaubens⸗ Gegnern⸗Kirchen allhier geha

78 1213 1340 82 werde. Ich habe dem Leſer ein Gefahlen zu chun erachtet, wann ich ſolchen Ber.

79 1259 1287 72 von Wort zu Wort chier einrucke, doch mit dieſer Erinnerung, daß dte kleine

76 1301 917 76 zn Ende des Blacts erſt von mir himn geſetzet norden.

1338 1916 84 84 CC
