1923 2446
786 173 317 79 S (O L2g-

1542 182 73 68 21.

23 233 144 60 9 DDere

19 278 130 64 hnt ge⸗

237 277 94 60 ach

349 228 1279 81 Im Funio bediente ſich der Kayſer des Wild⸗Baads zu Ab⸗

353 289 1273 72 wurde ſtattlich beſchenckt von der Stadt FLuͤrnberg. Nach

27 322 127 68 nahlen

233 316 53 65 der

298 334 1331 76 Baad⸗Cur endete ſich auch der Reichs⸗ Tag, hinterliet aber ein

13 370 139 74 n fluͤch⸗

237 365 97 80 roſſe

342 390 1288 70 Seuch der rothen Ruhr, und ſtarden gar viel auch vornehme

23 423 125 68 ft ver⸗

241 423 242 79 ruth daran.

20 475 129 72 ſſen ꝛc⸗

349 486 1279 77 Anno 1722. iſt der beruͤhmte Hiſtoricns ſoannes Arentinus

20 521 128 71 apellen

236 528 1392 87 Eeſtorden, und in unſerem Kirch⸗Hof begraben worden, allwo ſein

14 569 132 77 die mil

250 576 580 78 piraphium noch zu ſehen. (r)

21 631 90 57 daß

237 682 1391 76 Athaner Prediger allhie, deren Stell aber zu vertretten unterfienge

349 635 1279 71 In dieſem Jahr war noch kein der Augſpurger: Confeſlion zu⸗

23 672 104 72 der d

63 718 68 78 go.

239 710 53 75 u

307 737 1318 70 em Auguſtiner Moͤnch, deſſen Predigen allzeit mehr nach gedach⸗

46 778 83 56 orub

244 766 42 54 er

304 784 1329 73 lehr ſtuncken, als die Catholiſche Wahrheit bekraͤfftigen Da⸗

38 823 87 68 habe

245 828 1384 81 erd er den Zulauff nit allein von den Burgern, ſondern auch von dem

243 856 87 73 and

243 929 1393 80 krdlis verbotte ihm das Predigen durchgehends. Er deklagt ſich deſ⸗

360 883 1266 75 Volck von 1. 2. und 2. Meil Weegs hatte. Der Vicarius Ge-

240 955 44 68 en

305 983 1320 76 dey dem Rath Nach gehaltenem Conſilio wurden einige zum

247 1030 1375 77 derrn Adminiſtratorn abgeordnet, mit vermelden, daß weilen auf

252 1078 1373 82 ſtersAnhalten deren Burgeren gedachter Augſpurg: Confeſſion, noch kein

241 1127 1385 85 orediger ſey eingelaſſen worden, dieſer Prediger ein Moͤnch ſey, gern

241 1180 1388 81 ehoͤrt werde, und ſeine Predigen erbiete dem Magiſtrar vorhero ad

258 1231 1371 77 enluram zugeben, man koͤnne und ſolle zu Verhutung eines andern

245 1282 1381 78 ſue palliren laſſen. Der Herr Adminiſtrator ſchlagts rund ab, be⸗

259 1328 1367 75 Its auch eylends gen VNuͤnchen. Der HHertzog als ſorgfaͤltig fuͤr ſei⸗

282 1377 1346 79 Unterthanen begehrt den 2. Novembr. von dem Magiſtrat auch ernſt⸗

266 1422 1359 85 5, daß ſie dem Moͤnch aus der Stadt entlaſſen. Nach viel Unter⸗

247 1470 1379 85 andlung war ein Bedacht ausgebracht auf a. Wochen, unterdeſſen

270 1523 1355 91 nuͤhet man ſich viel, aber beederſeiths vergebens. Zu End der a.

266 1577 1356 82 Sochen kam von Koͤnig Ferdinand dem Rath ein ſcharffer Befelch,

245 1629 1377 89 Arern ſie den Moͤnch inner 6. Taͤgen nit werden hinweg ſchaffen;

872 1690 137 67 Fff 5

1492 1698 133 60 werde

262 1819 1363 88 .) Dies. Degrabauß iſ in Cœmeterio Nodilium nebn B. Ramvolai Grufft, alino der Stein,

289 1863 1337 87 sder Epiray hium Avenrini an dur Nauer der Sacriltie gegen Orienr zu leſen. Deſſen Werr

293 1892 158 62 Aſo lanten:

290 1975 1334 72 ſoarn. Aventinus vir ſingulari Eruditione fide, ꝛc pierate predirus. parri⸗ dw orna-

845 1935 147 65 v 0 27

293 2017 1329 66 uento, eXreris admirationi kuit. Boſorum & Cermanig ſtudioſiaimus. Rerum Anti-

296 2053 1323 66 rtarum indagnror Lgacinuimus, verr Religionis, omnisgne doneſti amaror, cur hos No-

300 2085 1182 79 dunnun ad voſteritrrig nenor un volinin eſt X. Iur Jenrrs MDXAA1V.

59 968 71 75 Cas

76 1030 28 46 v

54 1070 68 63 nat

39 1121 86 66 ckell

42 1170 80 66 ſeide

66 1229 18 68 ſo

43 1273 60 55 onl

51 1555 71 70 De

33 1606 79 74 unſt

78 1710 40 51 te

84 1752 30 62 l

73 1810 50 55 en⸗

69 1853 53 72 e-

50 1951 75 79 uns

51 2045 76 89 90
