1940 2440
946 195 356 77 2 (0) Ebt-.

393 203 101 66 148.

1851 233 80 70 bag

526 245 1263 81 Ats die Hertogen in Bayrn die Gefahr deren Unterthanen der

1850 279 60 63 ſich

397 306 1391 70 nommen, haben ſie ihnen Anno 1522. die Stadt Regenſpurg gaͤntzlis

1853 330 80 65 Es.

398 356 1376 71 verbotten, und alſo die Failſchafften geſperrt, daß nit allein die But

1849 386 81 81 Aner

399 405 1385 72 gerſchafft, ſondern auch die Geiſtlichkeit Noth lidte, denen ſo gar ihr

398 458 1373 67 Dienſt die Unterthanen nit haben liefern doͤrffen. Es wehrete.

1849 489 77 73 und

397 506 1377 70 Sperr diß 1526. in welchem Carolus V. alihie einen Reichs⸗Tag an

1853 539 57 57 og

395 557 1355 69 geſtellt, und alſo der Paß wider hat muͤſſen eroͤffnet werden. 1

1849 585 85 79 Den

393 604 1377 73 Biſchoff hat ſich unterdeſſen kranck auf ſeinen Schloß zu Woͤrth au

1855 645 71 65 ſie,

394 657 1364 69 gehalten, und iſt alldorten geſtorben Anno 1528. Bey dieſem kranck

1847 694 76 61 dder

394 706 1352 69 Biſchoff ſeynd faſt alle untergebene Seelen erkranckt, ja vieler Ge

1847 737 63 64 wie

399 757 1359 69 lichen und der Seelen Leden durch den neuen Glauden verlohren ga

1846 786 72 74 2nꝛ.

394 805 1360 59 gen, allweilen die Lehr der Augſpurgiſchen Conkeſlion die Burge

397 854 1342 70 ſchafft faſt gantz eingenommen hat. Behelte alſo die Stadt von

1845 890 67 68 che

393 901 1353 75 Catholiſchen Religion, und Paͤbſtlicher ſchuldigiſter Devotion unds

1847 940 61 71 ab

391 957 1329 78 horſam nichts als St. Petri Schiuſſel, und in dem groſſem Sigil

1850 989 65 77 Lag

386 1003 206 71 Bildnut.

1845 1045 62 70 der

528 1053 1237 73 In bemelt 1528. Jahr iſt unſers Cloſters Conventual P. Ebi⸗

387 1106 1359 74 nus zu des Loͤbl. Cloſters Weltenburg Praͤlatur poltulirt, und der

389 1157 1344 73 de im Jahr 1529. zu dem damabls zu Saltzburg gehaltenem Synod

390 1205 1346 69 im Nahmen deren Praͤlaten dieſer Diœces abgeordnet, auch unter de)

389 1253 1315 75 den Regierung nemlich Anno 15a6. wohlgedachtes Cloſter Welten

386 1305 1335 74 von den Hiſpan. wider den Schertel nacher Ingolſtatt marſchirer

390 1352 1329 79 Volck mit Wegnahm Vieh, und anders, ubel gehalten worden.

532 1405 1176 79 Anno 1539. hat man allhie im Odern Woͤrth ein Pa

385 1449 1335 82 Muͤhl aufgericht. So gabs auch unter den Burgern (deren thei

383 1504 1337 79 ner neuen Sect der Widertaͤuffer anhaͤngig war) viel dilpurs

386 1550 1331 83 Der Rath ſchaffte die Widertauffer aus der Stadt. Lieſſe von

389 1603 1302 79 fentlichen Cangzlen den 7. Septembr. verkuͤnden, und all ihre B

1716 1598 19 63 e

382 1657 1299 69 und Innwohner vaͤtterlich ermahnen, daß jedermann der verfi

1727 1676 36 71 ot

383 1708 1299 74 ſchen und verdammten Ketzerey der Widertauffer gantz mußig ur

1846 1758 62 62 ene

386 1755 1274 79 gehen, nit defendiren, Schutz, Rath, Huͤlff, Hauß, oder⸗

1838 1797 59 64 en

385 1808 1313 80 geden ſolle, und dieſes dey Leibs Straff. Ach wie wohl waͤre g⸗

385 1861 1031 74 hen, wann auch die neue Religion mitgangen waͤre-

1721 1882 38 71 n.

526 1907 1118 81 Anno 15a1. hats allhie auch ein groſſen Reichs⸗ Fag

1659 1867 54 98 ⸗

1835 1886 65 79 ha,

383 1953 1302 80 der waͤhrete von Martio biß an das End des lulii, in welchen

1839 1952 39 61 n

1838 1998 65 103 ter

380 2002 1299 80 Befelch des Kayſers Caroli, der Koͤnig kerdinand allhie wollte die,

385 2056 1344 84 ge Religion conponirn und richten, was er in den Reichs⸗Conventen

1590 2103 108 82 Hage
