1566 2270
141 143 73 66 86

628 136 45 68 -

706 136 35 70 8

948 136 74 69 Fo

126 182 1389 76 nen, dahero in denen allhieſigen Stifft⸗und Cloſter⸗Kirchen ra. Das

126 237 1385 71 nach einander, von 6. Uhr Fruh Morgens bis A.. Uhr Abends, dil

124 285 1387 74 Anbettung dey ausgeſetzten Hochwaͤrdigiſten Guts angeordnet worden.

128 337 1373 69 Den 31. Auguſt Fruh Morgens um 2. Uhr ware ein erſchroͤckliche

128 389 1046 67 Donner⸗ Wetter, ſo bis um 7. Uhr Fruhe dauerte.

263 435 1246 70 Den 27. Septembris 1720. hielten die Regenſpurgeriſche Buch.

128 488 1300 59 drucker das ſubilœum wegen erfundener Buchdrucker⸗ Kunſt.

131 534 1341 67 len aber die meiſte der widrigen Religion zugethan, ſo lieſſe Herꝛ-

129 582 1377 69 hann Baptiſt Lang, Catholiſcher Buchdrucker, ein ſolennes Amt bei

129 635 472 68 S. Emmeram abſingen.

267 679 1242 70 Zu Anfang des Monath Octobris fiele ein groſſe Kaͤlte ein, mo

127 731 1348 66 haͤuffigen Schnee. Die noch an Baͤumen haͤngende Fruͤchte gien⸗

131 776 1326 70 zu Grund. Der Saamen ware noch nicht in das Feld geſaͤet: ub⸗

128 828 1313 64 ware Schroͤcken und Forcht ob den Zorn GOttes. Se. Churfuͤ

128 878 1349 66 che Durchlaͤucht verbietteten, daß ohne beſondere gnaͤdigiſte Erlar

129 926 1348 70 nuß Deroſelben keine Getrayder nach Regenſpurg herein gefuͤhret w

131 986 96 65 den.

264 1024 1225 66 Den 20. Octobris 1720. um 1. Uhr in der Fruhe, ſtarbe C

131 1075 1369 65 rolus VL. Roͤmiſcher Kayſer ꝛc. Ertz⸗ HHertzog in Oeſterreich ꝛc.)

133 1121 1339 64 Seines Alters 55. Jahr, 2. Wochen, 2. Taͤg. Des Roͤmiſ⸗

135 1170 1321 68 Reichs im zoſten, des Spaniſchen im 8ſten, des Hungariſchen

131 1218 1360 68 Boͤhmiſchen in zoſten Jahr. Der letzte Ertz⸗Hertzog des Durchlaͤua

135 1268 1345 68 tigiſten Ertz⸗HHauſes Oeſterreich. Den 12. 15. und 16. Decemb

135 1317 1317 71 ſeynd in der hochen Domb⸗ Kirchen die ſolenne Erequien vor.

133 1368 1128 69 verſtorbene Majeſtaͤt (Carolo VI.) gehalten worden.

268 1418 1181 61 Den 20. Decembris 1720. Abends um z. Uhr iſt allhier

135 1462 1306 71 mehreren Orthen ein entſetzliches Wind⸗Geſtuͤrm entſtanden, ſe

135 1518 1323 67 Wetterleuchten vermiſchet ware, daß bey Manns⸗Gedencken der⸗

135 1562 1303 69 chen keines geweſen. Es wurden die groͤßte Baͤum ſamt der 2

1480 1541 30 59 et

135 1615 1295 63 aus den Grund heraus geriſſen. Vor S. ſacobi-Thor alhier zr

133 1658 1313 76 genſpurg hat es die S. groͤßte Linden⸗Baͤum ſamt der Wurtz aus

140 1708 1328 71 Boden gehebet. Uberall in denen Waͤlderen geſchahe groſſer Sal

135 1756 1361 75 Die Taͤcher wurden zerriſſen, gantze HHoͤltzer von denenſelben abs

136 1805 1324 74 fuͤhret, und weiters hingeworffen. Es ware von einigen Taͤgen

132 1850 1374 78 bishero wegen Waͤrme des Luffts und beſtaͤndigen Regen die Dona

133 1899 1348 79 alſo angeſchwollen, daß der Bapriſche Hof, Drebrunn, Weir, b

136 1940 1368 95 lig unter Waſſer geſetzet worden, und die Innwohner unter die 2.
