1923 2446
735 168 391 80 12 (0) 8og-

232 213 1396 88 tament oder Ayd preſtiren wollen, ſonder nur mit einem Hand⸗

29 225 125 61 Rebel-

233 267 1392 84 Streich das Verſprochene zu halten angelobt Darauf wurden ſie

50 264 103 68 rubig

233 317 1386 85 fntlaſſen, und wegen der Bauren Aufruhr muͤßte mancher Geiſtlicher.

51 324 90 59 Urſa

236 366 1388 94 ir Nacht⸗ Wacht in Perlona, mit ſemer Verſpottung verrichten, der

27 369 122 75 Bayrn

235 415 569 85 en Anwald ſtellen kunt. ()

31 422 114 67 ihren

31 474 114 70 Unter⸗

341 476 1287 86 Den 26. May ſelbiges Jahr hat man alle Kirchen vilitiret, die

235 527 1213 80 Lirchen⸗Schaͤtz inrenriret, geſchaͤtzt, und zur Steur tariret.

31 524 110 69 ſeineu

39 574 95 70 ſen?

339 580 1279 77 Allweilen Anno 1525. noch kein Lutheriſcher Prediger allhie ge⸗

235 629 1383 78 atet worden, ſeynd die Burger Hauffen⸗weis auf Saler und De⸗

43 623 80 70 geha

263 682 1356 74 Hhauſen, allwo das ander Exercitium ſchon eingefuͤhret war, ge⸗

260 733 1358 74 ſten, die Predigen angehoͤret, und unter beeder Geſtalten commu-

240 766 133 76 uͤciret.

387 784 1231 72 In dieſem Fahr fieng die Rebellion der Bauern an, gab

262 831 1356 72 ſach zu groſſem Krieg und viel Blut⸗ Vergieſſen; maſſen dann in

262 880 1357 78 gendem Jahr deren bey 150000. im Krieg geblieben, viel gefangen⸗

244 928 1064 76 ad von ihrer Obrigkeit gebuͤhrend abgeſtrarft worden.

339 985 1278 70 Anno 1526. entſtund ein Brunſt in der Leder⸗Gaſſen, und

251 1021 364 78 nehrte c. Haͤuſer.

338 1078 1272 70 Anno 1527. Nachdem der Tuͤrck ein Einfall in Ungarn gethan.

273 1126 1355 79 er endlich gar fuͤr die Stadt Wienn kommen, und ſelde haͤfftig.

252 1179 1370 72 laͤgeret. Kayſer Carl war in Welſchland; Koͤnig Ferdinand, die

247 1228 1371 77 hur⸗Fuͤrſten umnd Staͤnde hielten allhie einen Reichs⸗Tag, wie

251 1278 1363 75 an den Tuͤrcken und Erb⸗ Feind begegnen, und die Gefahr abwen⸗

251 1327 1371 71 n moͤchte. Von denen Proteſtirenden Furſten (dann alſo wurden-

269 1372 1345 76 genannt von dem Proreſtiren, daß ihnen die Libertaͤt der Religion

275 1422 1338 75 dem Reichs⸗Tag zu Speyer wollte geſchmaͤhleret werden) war

255 1470 1358 79 hhts zu hoffen. Doch Anno 1522. wurd unter denen Catholiſchen

237 1520 1376 82 zurſten ſo viel gericht, daß Pfaltz⸗Graf Friderichen die gantze Ar⸗

237 1572 1376 84 ur anvertrauet wurde, der dann alſobald ſemen Vettern Hertzog

262 1626 1351 76 Fliy einen tapfferen und behertzten Fuͤrſten mit Volck und all an⸗

244 1678 1367 77 zer Nothdurfft in die Stadt WDienn geſchickt, wie er dann den Soli⸗

236 1716 511 85 nann noch vorkommen iſt.

43 866 84 90 Hi-

33 926 45 63 r.

32 970 84 70 h we

63 1127 26 55 1

39 1216 69 64 ann

81 1307 27 64 I.

44 1473 38 53 ut

39 1667 42 60 ni

33 1765 29 53 9

43 1801 71 63 Her

262 1996 1351 68 Duſes olrs hat mnt agener Hend beſchneben P. Cbriſtophorus Hoſlinnn. weicher aberan

290 2042 1314 62 ggrnwaͤrnig grwrſen, maſſen er von dem Cloſter S. Emmerami zn ſolcher Zurammennmnt ab,

288 2075 1170 100 un nen En e nrun dnsgunha nnd ndn duzun nwzde

1504 1838 103 91 Bor
