1955 2499
331 188 109 64 212

871 188 368 70 28 (0) Fèg-

331 240 1403 79 Summa Gelds erretten wollen, kam die gantze Landſchafft von allen

330 295 1397 70 Staͤnden allhie in Regenſpurg zuſammen, erwaͤhlten Anno 912. zu ei⸗

329 345 1395 75 nen HHertzog und Beſchuͤtzer wider die Ungarn des ſtreitbaren HHeldens

329 395 1395 74 und groſſen Kriegs⸗ Mann Leutpoldi Sohn, Graf Arnolphen, einig⸗

327 445 1390 78 nennen ihn Arnolden. (1) Dieſer Luipoldus, Marggraff oder Her

331 497 1390 74 tog in Orienrali Bojaria, das iſt, Oeſterreich vom Norckau, und

331 548 1389 73 Voytland aus dem Geſchlecht Caroli Magni, iſt ein Anfaͤnger und

329 601 1388 69 Stiffter der Grafen von Scheurn, und aiſo des Fuͤrſtlichen Haus

327 649 1391 74 Bayrn und Pfaltz. Gein Gemahl ware Adelhaid, Hertzog Oeres

327 701 1112 72 von Sachſen Tochter, Heinrici Aucupis Schweſter.

455 752 1261 72 Arnoldus ware nach Luipoldo der Erſte dis Nahmens von

324 801 1392 75 Scheurn ( ſonſt der Boͤs genannt) die Francken, Sachſen, un

329 853 1391 70 Tuͤringer aber waͤhleten zu einem Kayſer Conradum Alemannum,

323 899 1391 79 welchen aber viel Staͤnd nicht annemmen wollen, dahero groſfe Unei

320 955 1390 69 nigkeit entſtunde, die dann denen Ungarn wohl diente, dann ſte ſchick⸗

319 1003 1401 72 ten bald zu Arnolphen um den Tribut, wie vorhero Koͤnig Ludrvis

323 1057 1387 71 geben, im Widerigen ſie bereit waͤren, gantz Bayrn umzukehren-

322 1107 1388 73 Hertzog Arnolph antwortete: er haͤtte von Jugend auf gelernet zu g

320 1157 1390 73 bietten, und nicht zu gehorſamen Wollten die Ungarn nun kommeil

323 1206 1383 74 wurden ſie gewiß erfahren, daß in Bayrn Wehr, Waffen, un

322 1256 1049 69 Leuth gebe, die ſelbe brauchen koͤnten

456 1307 1247 70 Die Ungarn von ſolcher Antwort erbittert, fielen Anno 91)

320 1357 1392 77 mit gantzer Macht in Bayrn. Arnolph hieß ſie gehen, bis ſie nas

320 1413 1358 69 Oettingen kommen, alwo er ſie gantz Gorg⸗ los mit kuͤnſtlichen Kries

317 1463 1336 68 Liſt von verborgenen Orthen, da ſie in beſter Ruhe waren, in groͤ

1682 1446 21 58 1

322 1513 1334 66 Furi uberfallen, faſt alles nieder gehauen, oder in den Inn⸗,

326 1561 1344 70 verjagt, daß alſo der wenigſte Theil, ja einige vermeinen kaum

316 1607 1384 77 uͤbergebliebene mußte Fried degehren. Arnolph bewilliget denſelden

317 1660 1379 72 ſetzte aber zu ſeiner Verſicherung Graf Rarholdum hinab an die Ennt

451 1709 1251 76 Anno 916. uͤberzog der Roͤmiſche Koͤnig Conracus den Arnolpbent

320 1767 1262 66 der entwiche nacher Saltzburg, und verwahrt ſich im Gebuͤrg

1631 1742 71 78 ick

323 1817 1326 65 ſein Gemahlin und Kinder in Ungarn. Conrad belaͤgerte Regenſp

316 1861 1209 82 nams ein, und ſetzte in damahls gehaltenen Reichs⸗Tag

1546 1868 45 68 u

1568 1911 81 65 Hal

1841 233 108 65 Hauy

1843 284 105 70 Sayri

1839 330 109 68 harder

1842 380 106 73 Dieſe

1839 431 77 67 im,

1841 484 55 64 zu

1846 535 81 73 inter

1839 630 84 71 dem

1839 690 109 69 zetrag

1839 739 107 67 ies de

1842 788 81 65 er he

1848 884 55 68 fin

1846 977 79 82 ern⸗

1843 1039 77 68 920j

1845 1095 80 61 Anen

1845 1139 53 63 nit

1842 1188 60 60 as

1843 1289 87 72 nahl

1846 1335 79 72 nani

1846 1432 82 79 ene,

1848 1485 58 67 oar

1842 1532 60 70 nit

1841 1578 54 78 ue

1841 1629 48 60 ꝛe-

1843 1684 74 62 nig;

1843 1731 95 80 chied

1834 1784 76 108 nn

344 2068 1347 79 ( Von Ardoldo Hutoge nn Dem berczr Nonleu natelsi de A Arroll⸗

365 2124 629 69 walun cognominatun E. Angrtin ke.

1867 2045 29 61 .

1891 2093 37 58 2o
