1566 2270
75 116 89 59 502

572 105 43 60 al

642 105 57 62 13

747 107 223 67 O) Laͤg-

65 151 1374 78 hat man aus der Stadt, wie vorhero angedeut worden, geſebafft⸗

69 206 1374 73 nacher Ingolſtatt begleitet, aber doch unter Weegs ausgepluͤndert⸗

76 257 1362 68 Man imputirte ihnen faͤlſchlich, als haͤtten ſie die Muͤhlen zur Gtao.

64 305 1373 69 am Hoff abbrennen wollen; was in denen Cloͤſtern, denen Soldaten,

70 355 1363 71 und Burgern gefaͤllig geweſen, hat jeder genommen. Jeder Commu-

70 404 1362 70 nitet Bucher hat man in der Jeſuiter Collegium getragen zu einer Ge

70 454 1371 63 neral Bibliorhec einer vorhabenden Academia oder Univerſitet; dans

70 500 1324 63 es glaubte nit bald jemand, daß die Stadt mehr in des Kayſers G

68 553 1262 64 walt, und die Stifft und Cloͤſter ihrem alten HHerrn ſolten zu

1399 527 38 65 eil

69 596 1360 71 werden. Alles ſuchten ſie aus: der Commiſlarius Chemnitius eroͤſl⸗

73 651 1297 62 nete ſo gar deren Verſtorbenen Graͤber, in Hoffnung Geld zu fin

73 697 1347 67 Vielleicht kunte er ſonſt als ein Commillari nit reich, oder erſaͤttit

70 749 173 60 werden.

204 790 1228 70 Wie oben vermelt worden, wuſte man auch mit Aufnehmuns

74 842 1351 67 vieler tauſend Gulden die Ranzion nit zuſammen zu bringen, daher

73 894 1342 64 die Geiſtliche hart gehalten worden, und waren wohl einige, die r

71 942 1361 63 theten, man ſoll ein oder zween hencken, mindeſt hat man den Strant

80 991 1314 58 angetrohet, und ſie ſpielen laſſen, wer hangen ſoll Herr Faſt

1418 979 14 57 t

80 1039 1349 61 Hrobſt von St. Mang, deme ſchon das Cloſter nidergeriſſen worden

76 1085 1347 66 hatte die mindiſte Zahl, wurde zum Profoſſen gefuͤhrt, und erwarke

75 1133 1355 66 te, doch ſehr gedultig, den angetroheten Todt. Nach dieſem wurde

74 1184 1354 65 wider etliche Geiſtliche dimirtirt, da man erfahren, daß in die sc

74 1230 1362 70 Burger, ſo ihrer Handeiſchafft in Oeſterreich und Bayrn nachgezogen

76 1285 1284 59 und in die Verhafft genommen worden, wider auf freyen Fuß g

75 1335 1285 58 let worden.. Die uͤbrigen aber hat man noch ſtrenger gehalten,

76 1377 1320 68 dann nit wohl zu beſchreiben, was die Catholiſche, ſonderbar die Ge

76 1425 1300 68 liche von denen Soldaten, EXulanten, und boͤſen Burgern haben

76 1469 1358 72 den muſſen. Unſer Cloſter iſt dem Baron von Cieffenbach geſchenck

75 1522 1309 64 worden. Der hoffte nimmermehr von dieſer Praͤlatur abgeſetz.

76 1567 1358 64 werden, ſondern dardey herein zubringen, was ihme der Wietria

78 1618 1263 63 Kayſer (alſo redete man bey ihnen) genommen. Mich unwuͤr

83 1663 1350 68 Praͤlaten betauren neden anderen auch die alte anſehnliche und kunſt⸗

80 1713 1361 65 reiche Inſtrumenta Marhematica, die ich als Noririus vorhero zwar⸗

80 1757 1364 72 aber nit genugſamb, hab verbergen helffen. Die beſte ſuriſten har

80 1809 1232 67 ein Schwediſcher Doctor (ſoll Bremer geheiſſen haben) gant

1371 1792 67 69 ſſer

80 1856 1358 69 weiß von unſerm Cloſter hinweg gefuͤhrt. Ich will von denen Manu

79 1901 1364 81 ſcriptis libris nichts melden, deren ſo viel waren, dab man in einen

1335 1938 114 73 Anno
