1955 2499
397 194 98 57 230

948 194 354 69 28 (0) EiB-

395 248 1387 79 ſein Leben verlohren haben. Klagt demnach uber Biſchoff Heroſder

397 304 1380 73 als uber einen treuloſen meinaydigen Mann. Man ſtellete ihm hieran

395 352 1376 76 nach, ſieng ihn zu Muͤhldorff, und wurden ihm die Augen ausgeſie

395 405 1379 73 chen. So entſetzte ihne auch Pabſt ſoannes XII. in einem Sy nodo;

394 452 1377 82 Ravenna, deme Orto mit 59. Biſchoͤffen beywohnete, nit allein d

394 503 1363 80 Biſchoͤfflichen, ſonder auch Prieſter lchen Wuͤrden. In welchen.

391 562 1373 71 Urſachen erzehit werden; Quod DEl Eeclelias erpilaͤrir, Theſauro⸗

394 608 1370 77 paganis (Hungaros intellige) erogarir, ſeleque iis junzerir in Chi,

386 658 1371 76 ſtianorum Necem, E de prœdationem, conrra Dominum, & piill

390 710 1310 73 mum Imperatorem luum ſeniorem rebellis & inkdelis ertirerit.

526 762 1231 75 Der Hertzog Conrad aber zog heimlich von denen Ungarn.

391 809 1334 80 Kayſer Otten, bate um Gnad, berſprach wider die Ungarn zu kriet

388 859 740 69 und ſolt er Leib und Leben verlihren.

522 910 1206 72 Die Ungarn belaͤgerten Augſpurg, Kayſer Orto war in

388 960 1326 78 Windiſchmarck, daͤmpfft allda die aufruͤhriſche Landſaſſen. Aber

391 1013 1351 76 empfangenen Bericht von denen Ungarn, heß er im gantzen Reich n

386 1066 1310 73 ſchlagen, und halffen die Chriſten all zuſammen. Aus Gac

387 1114 1297 75 Francken, Boͤhm, und Bayrn, verſammlete ſich ſehr vil s

380 1162 1334 81 Darzu St. Ulrich Biſchoff zu Augſpurg mit ſelbigen Innwohnern.

381 1214 1340 78 ſete. Der Schluß gieng einhellig die Ungarn mit Gewalt anzug.

383 1267 1341 71 fen. GOtt gab den Seegen, und reichte den 10. Auguſt. Anno2

390 1314 1324 79 olche Huͤlff (und zwar eben an dem Tag, da vor a8. Fahren der⸗

377 1367 1312 79 chen Sig von ihnen erhalten wurde) in vorgenommener Schlach

373 1418 1315 77 dem Lechfeld, daß die Ungarn, auſſer weniger Gefangenen, a

377 1470 1321 75 ſchlagen, oder in dem Lech gejagt wurden. Dahero dann die e

377 1518 1315 78 ſten GOTT um ſolchen Beyſtand und verlihenem Sig gar eyl

370 1566 238 58 dancketen.

1695 1593 57 81 hu⸗

376 1613 1299 87 Der Ungariſche Koͤnig Bolrko mit ſeinen obbenannten

1709 1653 37 103 ,

372 1668 1295 78 Haupt⸗Leuthen, wurd gefangen und zu Hertzog Heinrich allhe

1710 1713 14 50 ,

367 1720 1286 75 ſchickt, der ließ von dem Oſten⸗Thor gegen Ungarn, ſie an einen

1705 1742 38 73 at

366 1772 1273 78 Aen hencken, und verzaplen. Die uͤbrige Gefangene befahl

1699 1800 44 61 en⸗

367 1822 1271 75 von Ebersberg in eine tieffe Gruben zu werffen und lebendig zu ver⸗

1692 1847 49 74 u

374 1874 1285 77 Von dem groſſen Raub geſchahen vil Opfer in die Kirchen,

1692 1899 47 62 uut

366 1924 1272 79 GOttes⸗Haͤuſer. So verdiente auch Kayſer Orto groß Lob

1693 1953 44 55 eil

365 1975 1273 74 wurde von maͤnniglich ein Vatter des Vatterlands ausge.

1716 1996 18 58 t

362 2024 1301 76 Wegen dieſes Sigs ſtiffte der Kayſer mit Einrarhen S. Udalrici.

1712 2047 22 57 i

365 2079 1280 79 zu ſchuldigiſten Danck das Biſtumd Mersdurg, und verordn

1861 240 70 58 den

1864 284 85 75 Cloſt

1861 340 88 68 licher

1870 392 44 55 e,

1870 438 71 65 ilen

1867 485 75 71 Vor

1863 534 79 78 Adei

1864 585 84 78 Eſte

1866 645 55 63 nſ

1861 698 87 62 Han

1856 745 71 67 269.

1857 826 41 72 n

1860 881 31 65 i

1859 937 50 66 Ne

1864 996 79 73 rgab

1860 1038 75 68 Der

1859 1087 77 75 tand

1861 1137 78 86 der

1852 1230 65 87 n

1855 1295 47 57 ler

1852 1335 48 72 uk

1849 1388 56 69 ſter

1853 1442 49 61 ur

1852 1493 44 59 ne

1846 1582 57 81 et

1846 1635 49 68 rin

1846 1689 53 63 nit

1853 1736 54 70 ꝛd

1845 1789 55 67 ind

1868 1845 23 63 1
