2064 2572
31 331 130 57 R. P.

42 371 120 61 odo li

35 418 122 52 mi ge-

51 461 106 53 ſtoria

74 498 86 59 odet

71 548 80 67 erſi⸗

791 251 135 70 -1i8

290 291 1405 77 Dioto, (Theodo welcher in ſeiner Negierung keinen Erben und Nachkolger bar⸗

963 251 221 67 o) Laͤg-

290 342 1400 69 tc. Alsdann kame ein anderer Theodo, ein tapferer Faͤrſt, unter welchen An-

293 381 1400 71 pertus mit anderen Dieneren SOttes nach Saltzburg kommen iſt. Die Wort un⸗

288 424 1404 77 zeres Arnolphi ſeynd folgende: (Onia enim nuper Chriſtianitatem accepe-

287 464 1408 77 rant Norici, immiſerant ſe illis hœretici, qui ut in aliis Regionibus fa-

287 504 1409 78 cere conſueverant, fas, ibi nefaͤsque confuderant. Horum alii (quod

285 545 1411 77 in Boioaria absque certis Epiſcopis erant Eccleſi⸗)) ſe dicentes Epiſcopos

285 588 1411 77 eſſe; alii Presbyteros, alii diverſi Ordinis Clericos, adinventiones ſuas

285 631 1411 83 technis quibusdam (ubornabant, ſicque populum cum Principibus Ledu-

287 671 1411 82 cebant. Temporibus autem, quibus tanta peſti remedia parabantur,

287 714 1413 87 ki Duces vrincipabantur. Dioto vir illuſter, eui Filti in Regnum non

285 757 1415 88 Tucceſlerant. Item alius Theodo vir ſtrenuus & alacer; ſub quo Claril-

290 798 1410 86 ſinus Chriſti confeſlor Rupertus cum altis Dei ſervitoribus ſuvavium

290 835 1410 98 devenit &c.) R. P. Marcus Hanſizius Soc. ſeſ. Tom. I. Germaniæ Lacre

291 878 1408 95 pag. 28. 29. behanptet, daß Tbeodo II. welcher von S. Ruperto getauffet worden,

287 925 1412 90 keiner Abgoͤtterey zugethan geweſen ſeye, welches anch Hadrianur Valeſfar, Aa-

288 965 1412 96 billon, und Pagiur ſagen: Allein, weilen nach Zengnuß unſeres Arnoldi, viele

287 1010 1412 94 Ketzer damahls in das Land gekommen, anch kein beſtaͤndiger Biſchoff allda noch

285 1060 1407 83 eingeſetzt ware; die Ketzer vile falſche Lehren ausbreiteten; theils auch aus Nachlaͤſ⸗

288 1095 1414 92 ſigkeit und Unwiſſenheit vile Irrthum zugleich eingeſchuichen waren. Auch einige

290 1135 1410 86 zwar den heiligen Tauff, aber villeicht ungaͤltig, und unformlich bekommen moͤgen

287 1177 1413 88 haben: Als vermeynet R. P. Hanlizius nach diſen Umſtaͤnden, es habe gar leicht

287 1220 1413 87 grſchehen koͤnnen, daß Rupertus Theodonem IL. zu mehrerer Sicherheit, we⸗

287 1264 1411 86 gen ſo vilen vorhin eingeſchlichenen Irrthumen, widerumben getauffer habe. Doch

290 1306 1409 81 glandet Hanſizius, daß Theodo II. damahls den heiligen Tautf wegen ſo vilen

290 1346 1409 84 falſchen Lehrern, (damit kein Fehler nit einſchleichen koͤnte) nit angenommen ha⸗

288 1386 1408 88 de; theils auch, weilen zu jenen Zeiten nit ſeltſam ware, daß man diſes heilige

291 1423 1407 91 Cacrament ſpaͤtter, und bey mannlichen Jahren erſt empfangen hade. Gleichwie

290 1471 1405 86 Hucbertus der Hertzog von Corbmniano Biſchoffen nach ſchon angetrettener Regie⸗

288 1511 1408 92 rnna getauffet worden. Folget alſo nit, wann auch Rupertus erſt, nach St. Em⸗

291 1556 1402 91 meram, in Bayrn gekommen, und Theodo II. von ihme getauffet worden, daß

294 1600 1404 87 tie Carholiſche Religion nach den Todr S. Emmerami, wider gaͤntzich in Bayern

290 1646 1406 87 ein End genommen habe; ſondern (wie erſt gemeldet worden,) indeme nach Zeng⸗

291 1687 1407 86 nuß unſeres Arnoldi vile Ketzer, und andere Verfuͤhrer eingeſchlichen, und ihre

294 1728 1401 86 Irrthumd ausgebreitet haben, als hat Theodo H. Hertog den heiligen Ruper-

295 1770 1403 86 rum zu ſich geladen, daß er das Land von alen Irrthum und faiſchen Lehren rei⸗

290 1818 1405 83 nigen moͤchte, ſo auch geſchehen, dahero derſelbe ohne Widerſuruch den Titel

288 1854 778 85 eines Apoſtels deren Dayern verdiener-

413 1913 1285 88 2. Nit nur vor Sr. Ruprechts⸗ ſondern auch vor S. Emmerami Ankunffe

300 1954 1396 87 in Barrn, ware das wahre Evangelium FEſn Ehriſti allda ſchon geprediget, und

301 2001 1394 82 Tayellen auferdanet worden, wie denrn rin klare Prob machet die vor S. Ernmera-

294 2041 1402 88 m Ankunti erbaute Cayellen S. Georgi M. welche außer der Sradt Regenſpurg

295 2076 190 124 2

500 2096 1196 87 Alein wan kan nut tunrm Erune ſagen, Hrr blches Kirchlein aube⸗

1057 2143 77 70 & 2

1582 2147 116 73 richiet

51 828 97 52 6,!

62 861 92 54 n, wii

88 904 64 60 chet

28 945 127 62 anegen⸗

60 994 90 63 nert

40 1038 115 62 mo bet

18 1118 139 65 Liechleil

41 1164 109 63 alſo if

92 1211 53 60 hre

74 1255 70 56 mnen

85 1300 57 51 lar

35 1437 113 49 ich nas,

92 1468 50 52 tlis

31 1786 106 52 das di

21 1820 117 63 alsdans

48 1866 82 55 nper

67 1903 63 64 au

60 1953 70 58 nas

44 2004 36 55 es

27 2036 93 64 r B

98 2077 30 52 r,

60 2161 70 59 mtet
