2034 2583
424 281 66 70 18

927 281 407 73 -12S (0) Foͤt-

410 378 1411 56 Han ſizio, wie oben gemeldet worden. Ans biſem erhellet, i. moͤ daß Tneodo Ii

533 338 1289 62 Die Hroben und Zengnuſſen diſer Ordnung kan der Leſer finden, bey R. P.

414 427 1406 56 und nit Theodo IV. der Anfaͤnger und Stiffter des Cloſters S. Emmerami ge;

411 469 1411 57 weſen ſeye, wie ſolches Georgius Eccard: in Franciœ Orientalis Hiſtoria-

411 509 1410 60 und R. P. Hanſizius cit. loco behaupten. 2. do folget, daß das Kirchlein odet

410 551 1405 68 Capellen S. Georgii M, in welchen der heilige Emmeramus ſeine Andacht gepfi⸗

411 595 1033 66 gen, keineswegs von dem heiligen Rnperto erbauet worden.

970 690 301 103 Einwurff.

414 810 1404 85 rmo EFgAnn der hellige Ruprecht, erßt Anno sys nach Negenſours,!

617 869 1200 63 Bayrn gekommen, und Theodo IL. von ihme getanffet worden, wi

410 909 1410 63 hat die Catholiſche Religion, ſo zu Sr Emmerami Zeiten an den Hertzoglichen

411 955 1404 65 Bayriſchen Hoff, bey Theodone I, ſchon floriret, ſo geſchwind koͤnnen ansgen⸗

409 1005 1406 55 get und vergeſſen werden? Wie kan RUPERTUS ein Apoſtel der Bayern

409 1053 1408 60 genennet werden, da zuvor der Chriſtliche Glauben ſchon unter Emmeramo der

406 1094 460 55 denenſelben bekannt ware?

526 1132 1291 67 2. 1o Da S. Emmeram nach Regenſpurg gekommen, ware das Kirchleit

404 1178 1407 63 S. Georgii Mart. allwo er ſeiner Andacht geyflogen, ſchon aufgebanet; alſo il

406 1222 1404 58 vor S. Rupert der Catholiſche Glanben allda ſchon geprediget, und eingefaͤhr⸗

407 1268 1405 57 worden? wie kan aber alles diſes beſtehen mit deme, daß Rupertus Theodonen.

403 1308 1407 62 II. Hertzogen, und die Fuͤrnehme des Hoſes ſammt andern zu den wahren Glar

404 1348 1404 68 den JEfu Chriſti, erſt nach S. Emmeram Marter, bekehret und getauffet ſos

403 1393 141 63 haben?

522 1433 1290 68 z. tio Wie kan man behaupten, daß das Cloſter S. Emmerami, gleich nac

401 1480 1409 58 deſſelden Marter, Anno 652. ſemnen An fang genommen habe; wann nach etlid

404 1526 1400 61 10. Fahr, nemlich um 696. der Hertzog Theodo II. und die Fuͤrnehme ſammt an

400 1568 1311 67 dern Volck erſt von Ruperto zu Regenſpurg getauffet und dekehret worden.

966 1658 288 108 Antwort.

397 1776 1404 80 r. TTEorgier as Leeard. Tom. 1. Parci⸗ orierialie, pag 506. nelder, daßd

538 1835 1259 63 Bayern, nachdeme ſie den Chriſtlichen Glauden angenommen, alsoan

396 1878 1395 64 durch die falſche Lehrer widerumben verfuͤhret worden. Dahero der heilige Ruper

396 1922 1396 66 tus das reine Wort GOttes geprediget, und ſelbe bekehret. Unſer Arnoldu

384 1964 1410 60 Monachus in libro. 2. de Miraculis S. Emmerami Cap. r. (vide Basnas-

393 2006 1365 64 antig. lect. Canilii Tom. III. pag. 105.) ſchreibet, daß vor denen Zeiten des.

391 2053 1393 63 ligen Ruperti, vile Ketzer in Bayerland eingeſchlichen, deren einige ſich vor B

390 2096 1398 62 ſchoͤff, andere vor Prieſter ausrufften. Diſe dann lehreten verſchiedene Frrchumel

391 2139 1384 59 und demuͤheten ſich ſowohl den Faͤrſten als das Voick zu verfaͤhren. Enlehen Ui

393 2182 1389 80 heyl gder wurde adscholſſen nach und nach⸗ unter verſchiedenen Hertogen, als un

1735 2217 44 54 t.

1949 298 80 72 Die

1952 345 60 55 te.

1952 388 77 51 vert

1949 434 79 53 zere.

1949 470 79 58 rant

1950 513 76 58 cere

1955 555 64 57 in)

1950 598 76 49 eſle

1947 635 81 59 tech

1949 685 79 49 reb.

1949 721 59 55 ki

1946 766 82 50 Tuct

1949 806 80 50 ſim

1950 845 76 51 dev

1952 885 71 67 pag

1950 928 79 67 keino

1950 975 78 58 billo

1950 1028 78 55 Ketz

1947 1074 81 46 eing

1952 1109 71 56 ſigke

1953 1153 76 49 zwal

1950 1188 78 63 habe

1950 1234 63 58 geſt

1949 1282 72 52 gen

1953 1315 72 53 glau

1953 1358 70 58 talſe

1952 1396 69 47 te;

1953 1430 73 55 Sai

1950 1482 78 47 Auc

1952 1522 76 59 rung

1955 1574 74 53 mer

1950 1615 65 46 tir

1950 1660 61 47 ein

1952 1697 67 56 nuß

1966 1737 52 59 ri

1956 1785 70 43 Tun

1952 1822 71 56 nige

1949 1876 79 64 eirs

1962 1967 47 50 in

1966 2007 46 47 &e

1959 2044 57 58 mo

1972 2089 23 110 .
