<?xml version="1.0" encoding="UTF-8"?>
<alto xmlns:xsi="http://www.w3.org/2001/XMLSchema-instance"
      xmlns="http://www.loc.gov/standards/alto/ns-v4#"
      xsi:schemaLocation="http://www.loc.gov/standards/alto/ns-v4# http://www.loc.gov/standards/alto/v4/alto-4-2.xsd">
  <Description>
    <MeasurementUnit>pixel</MeasurementUnit>
    <sourceImageInformation>
      <fileName>image091.jpg</fileName>
      <fileIdentifier>https://archiv.ub.uni-marburg.de/eb/2010/0168</fileIdentifier>
    </sourceImageInformation>
  </Description>
  <Tags>
    <OtherTag ID="BT1" LABEL="Title" DESCRIPTION="block type Title"/><OtherTag ID="BT2" LABEL="Main" DESCRIPTION="block type Main"/><OtherTag ID="BT3" LABEL="Commentary" DESCRIPTION="block type Commentary"/><OtherTag ID="BT4" LABEL="Illustration" DESCRIPTION="block type Illustration"/><OtherTag ID="BT42" LABEL="text" DESCRIPTION="block type text"/>
    <OtherTag ID="LT33" LABEL="default" DESCRIPTION="line type default"/>
  </Tags>
  <Layout>
    <Page WIDTH="1991"
          HEIGHT="2551"
          PHYSICAL_IMG_NR="91"
          ID="eSc_dummypage_">
      <PrintSpace HPOS="0"
                  VPOS="0"
                  WIDTH="1991"
                  HEIGHT="2551">
        <TextBlock HPOS="11"
                   VPOS="289"
                   WIDTH="106"
                   HEIGHT="826"
                   ID="eSc_textblock_6ac97aec"
                   TAGREFS="BT42">
          <Shape><Polygon POINTS="41 289 112 300 106 338 83 345 100 362 89 389 112 402 117 521 112 933 95 992 112 1098 83 1115 34 1092 51 952 17 928 39 799 17 780 34 487 11 408 56 350 22 327 41 289"/></Shape>
          <TextLine ID="eSc_line_e9619677"
                    TAGREFS="LT33"
                    BASELINE="26 325 103 325" 
                    HPOS="26"
                    VPOS="294"
                    WIDTH="77"
                    HEIGHT="56">
            <Shape><Polygon POINTS="97 297 83 294 35 297 26 314 26 325 26 350 103 341 103 325 102 297 97 297"/></Shape>
            <String CONTENT="den"
                    HPOS="26"
                    VPOS="294"
                    WIDTH="77"
                    HEIGHT="56"
                    WC="0.9763866861661276"></String>
          </TextLine>
          <TextLine ID="eSc_line_c3648bcd"
                    TAGREFS="LT33"
                    BASELINE="49 376 87 376" 
                    HPOS="49"
                    VPOS="337"
                    WIDTH="38"
                    HEIGHT="58">
            <Shape><Polygon POINTS="82 337 56 340 49 357 49 376 49 395 87 395 87 376 86 348 82 337"/></Shape>
            <String CONTENT="t"
                    HPOS="49"
                    VPOS="337"
                    WIDTH="38"
                    HEIGHT="58"
                    WC="0.9999945163726807"></String>
          </TextLine>
          <TextLine ID="eSc_line_f4c90fc3"
                    TAGREFS="LT33"
                    BASELINE="15 429 102 426" 
                    HPOS="15"
                    VPOS="381"
                    WIDTH="87"
                    HEIGHT="66">
            <Shape><Polygon POINTS="99 395 90 386 59 381 58 381 56 381 24 391 15 415 15 429 15 447 102 437 102 426 99 395 99 395"/></Shape>
            <String CONTENT="riſt,"
                    HPOS="15"
                    VPOS="381"
                    WIDTH="87"
                    HEIGHT="66"
                    WC="0.9998522996902466"></String>
          </TextLine>
          <TextLine ID="eSc_line_7031fb35"
                    TAGREFS="LT33"
                    BASELINE="29 477 100 479" 
                    HPOS="28"
                    VPOS="432"
                    WIDTH="72"
                    HEIGHT="65">
            <Shape><Polygon POINTS="29 467 29 477 28 497 99 491 100 479 99 432 38 442 29 467"/></Shape>
            <String CONTENT="mnſt"
                    HPOS="28"
                    VPOS="432"
                    WIDTH="72"
                    HEIGHT="65"
                    WC="0.9551055282354355"></String>
          </TextLine>
          <TextLine ID="eSc_line_7a5a4416"
                    TAGREFS="LT33"
                    BASELINE="28 531 104 528" 
                    HPOS="25"
                    VPOS="484"
                    WIDTH="79"
                    HEIGHT="65">
            <Shape><Polygon POINTS="28 531 28 549 104 548 104 528 100 484 25 491 28 531"/></Shape>
            <String CONTENT="das"
                    HPOS="25"
                    VPOS="484"
                    WIDTH="79"
                    HEIGHT="65"
                    WC="0.9999903440475464"></String>
          </TextLine>
          <TextLine ID="eSc_line_e38bdeab"
                    TAGREFS="LT33"
                    BASELINE="25 579 100 581" 
                    HPOS="24"
                    VPOS="538"
                    WIDTH="76"
                    HEIGHT="58">
            <Shape><Polygon POINTS="25 579 24 596 99 593 100 581 97 538 58 548 25 544 25 579"/></Shape>
            <String CONTENT="un⸗"
                    HPOS="24"
                    VPOS="538"
                    WIDTH="76"
                    HEIGHT="58"
                    WC="0.9999693234761556"></String>
          </TextLine>
          <TextLine ID="eSc_line_98267e6f"
                    TAGREFS="LT33"
                    BASELINE="22 632 102 629" 
                    HPOS="19"
                    VPOS="582"
                    WIDTH="83"
                    HEIGHT="69">
            <Shape><Polygon POINTS="22 632 22 651 100 647 102 629 97 582 53 590 19 585 22 632"/></Shape>
            <String CONTENT="chen"
                    HPOS="19"
                    VPOS="582"
                    WIDTH="83"
                    HEIGHT="69"
                    WC="0.9999407529830933"></String>
          </TextLine>
          <TextLine ID="eSc_line_1a9b6013"
                    TAGREFS="LT33"
                    BASELINE="38 683 103 678" 
                    HPOS="34"
                    VPOS="640"
                    WIDTH="69"
                    HEIGHT="61">
            <Shape><Polygon POINTS="38 683 38 700 103 701 103 678 97 640 34 640 38 683"/></Shape>
            <String CONTENT="der"
                    HPOS="34"
                    VPOS="640"
                    WIDTH="69"
                    HEIGHT="61"
                    WC="0.999998927116394"></String>
          </TextLine>
          <TextLine ID="eSc_line_103c4764"
                    TAGREFS="LT33"
                    BASELINE="43 735 96 731" 
                    HPOS="39"
                    VPOS="695"
                    WIDTH="57"
                    HEIGHT="58">
            <Shape><Polygon POINTS="43 735 45 753 96 744 96 731 90 695 39 698 43 735"/></Shape>
            <String CONTENT="ge⸗"
                    HPOS="39"
                    VPOS="695"
                    WIDTH="57"
                    HEIGHT="58"
                    WC="0.9999936819076538"></String>
          </TextLine>
          <TextLine ID="eSc_line_0bbdd968"
                    TAGREFS="LT33"
                    BASELINE="34 783 103 783" 
                    HPOS="34"
                    VPOS="739"
                    WIDTH="69"
                    HEIGHT="70">
            <Shape><Polygon POINTS="34 804 62 809 63 809 65 809 103 796 103 783 102 741 46 746 36 739 34 783 34 804"/></Shape>
            <String CONTENT="ger"
                    HPOS="34"
                    VPOS="739"
                    WIDTH="69"
                    HEIGHT="70"
                    WC="0.9999979337056478"></String>
          </TextLine>
          <TextLine ID="eSc_line_6a9aad11"
                    TAGREFS="LT33"
                    BASELINE="42 834 97 834" 
                    HPOS="42"
                    VPOS="793"
                    WIDTH="55"
                    HEIGHT="60">
            <Shape><Polygon POINTS="42 834 42 853 97 850 97 834 96 793 42 799 42 834"/></Shape>
            <String CONTENT="er⸗"
                    HPOS="42"
                    VPOS="793"
                    WIDTH="55"
                    HEIGHT="60"
                    WC="0.9994207223256429"></String>
          </TextLine>
          <TextLine ID="eSc_line_3354184a"
                    TAGREFS="LT33"
                    BASELINE="32 885 99 885" 
                    HPOS="32"
                    VPOS="846"
                    WIDTH="67"
                    HEIGHT="65">
            <Shape><Polygon POINTS="32 885 32 907 69 911 70 911 72 911 99 899 99 885 99 846 32 846 32 885"/></Shape>
            <String CONTENT="Un⸗"
                    HPOS="32"
                    VPOS="846"
                    WIDTH="67"
                    HEIGHT="65"
                    WC="0.9999949932098389"></String>
          </TextLine>
          <TextLine ID="eSc_line_532a8ede"
                    TAGREFS="LT33"
                    BASELINE="45 936 95 936" 
                    HPOS="45"
                    VPOS="891"
                    WIDTH="50"
                    HEIGHT="65">
            <Shape><Polygon POINTS="45 936 45 956 95 952 95 936 93 891 45 901 45 936"/></Shape>
            <String CONTENT="er"
                    HPOS="45"
                    VPOS="891"
                    WIDTH="50"
                    HEIGHT="65"
                    WC="0.9871253967285156"></String>
          </TextLine>
          <TextLine ID="eSc_line_0d219840"
                    TAGREFS="LT33"
                    BASELINE="76 987 83 987" 
                    HPOS="76"
                    VPOS="948"
                    WIDTH="7"
                    HEIGHT="55">
            <Shape><Polygon POINTS="76 987 76 1003 83 1003 83 987 82 948 76 948 76 987"/></Shape>
            <String CONTENT=""
                    HPOS="76"
                    VPOS="948"
                    WIDTH="7"
                    HEIGHT="55"
                    WC="0.9998921155929565"></String>
          </TextLine>
          <TextLine ID="eSc_line_c6a7b693"
                    TAGREFS="LT33"
                    BASELINE="66 1038 89 1038" 
                    HPOS="66"
                    VPOS="997"
                    WIDTH="23"
                    HEIGHT="58">
            <Shape><Polygon POINTS="66 1038 66 1055 89 1055 89 1038 87 997 66 999 66 1038"/></Shape>
            <String CONTENT="r⸗"
                    HPOS="66"
                    VPOS="997"
                    WIDTH="23"
                    HEIGHT="58"
                    WC="0.9999908208847046"></String>
          </TextLine>
          <TextLine ID="eSc_line_d47555b3"
                    TAGREFS="LT33"
                    BASELINE="45 1088 96 1085" 
                    HPOS="41"
                    VPOS="1045"
                    WIDTH="55"
                    HEIGHT="59">
            <Shape><Polygon POINTS="45 1088 45 1104 96 1104 96 1085 93 1045 41 1045 45 1088"/></Shape>
            <String CONTENT="be⸗"
                    HPOS="41"
                    VPOS="1045"
                    WIDTH="55"
                    HEIGHT="59"
                    WC="0.9946673711140951"></String>
          </TextLine>
        </TextBlock>
        <TextBlock HPOS="209"
                   VPOS="221"
                   WIDTH="1440"
                   HEIGHT="2011"
                   ID="eSc_textblock_076bc2bd"
                   TAGREFS="BT42">
          <Shape><Polygon POINTS="768 221 1116 221 1155 232 1179 272 1236 277 1467 272 1593 232 1649 249 1637 2039 1632 2186 1609 2232 1497 2232 1456 2203 1371 2198 380 2175 209 2147 221 266 679 255 768 221"/></Shape>
          <TextLine ID="eSc_line_055c2753"
                    TAGREFS="LT33"
                    BASELINE="228 304 974 328 1644 331" 
                    HPOS="226"
                    VPOS="262"
                    WIDTH="1418"
                    HEIGHT="93">
            <Shape><Polygon POINTS="355 262 341 262 327 263 313 263 299 263 285 263 270 265 256 265 242 265 228 265 228 304 226 320 360 334 361 334 460 327 611 340 612 340 684 330 710 342 711 342 713 342 784 337 998 348 999 348 1103 341 1121 348 1123 348 1124 348 1252 341 1327 354 1328 354 1364 347 1405 355 1406 355 1477 345 1642 347 1644 331 1643 294 1602 294 1574 284 1572 284 1571 284 1442 291 1422 282 1420 282 1419 282 1158 286 1130 276 1128 276 1127 276 1001 283 969 273 968 273 967 273 965 273 935 282 784 270 782 270 781 270 761 277 699 270 697 270 640 276 493 263 401 263 399 263 398 263 397 263 385 270 357 262 355 262"/></Shape>
            <String CONTENT="kuͤhrer und Verkuhrer des Volcks, Zauberer und dergleichen. Dio-"
                    HPOS="226"
                    VPOS="262"
                    WIDTH="1418"
                    HEIGHT="93"
                    WC="0.9939862852916121"></String>
          </TextLine>
          <TextLine ID="eSc_line_34201b7e"
                    TAGREFS="LT33"
                    BASELINE="821 269 865 267" 
                    HPOS="818"
                    VPOS="221"
                    WIDTH="47"
                    HEIGHT="65">
            <Shape><Polygon POINTS="860 221 846 221 832 221 818 221 821 269 821 284 863 286 865 267 862 221 860 221"/></Shape>
            <String CONTENT="3"
                    HPOS="818"
                    VPOS="221"
                    WIDTH="47"
                    HEIGHT="65"
                    WC="0.9999299049377441"></String>
          </TextLine>
          <TextLine ID="eSc_line_509a3f4b"
                    TAGREFS="LT33"
                    BASELINE="882 267 1046 269 1144 257" 
                    HPOS="880"
                    VPOS="221"
                    WIDTH="264"
                    HEIGHT="70">
            <Shape><Polygon POINTS="1135 226 1120 222 1106 221 1091 221 1086 221 1079 223 1072 221 1064 221 1050 221 1036 221 1025 221 1004 225 991 221 979 221 965 221 954 221 918 228 903 221 894 221 886 221 880 225 882 267 882 282 965 280 982 291 984 291 985 291 986 291 988 291 1028 280 1039 290 1040 290 1042 290 1043 290 1144 282 1144 257 1141 226 1135 226"/></Shape>
            <String CONTENT="(0) Laͤg-"
                    HPOS="880"
                    VPOS="221"
                    WIDTH="264"
                    HEIGHT="70"
                    WC="0.9641483293639289"></String>
          </TextLine>
          <TextLine ID="eSc_line_eac38208"
                    TAGREFS="LT33"
                    BASELINE="1601 273 1620 274" 
                    HPOS="1599"
                    VPOS="235"
                    WIDTH="21"
                    HEIGHT="59">
            <Shape><Polygon POINTS="1616 239 1602 235 1601 273 1599 286 1616 294 1620 274 1620 239 1616 239"/></Shape>
            <String CONTENT=""
                    HPOS="1599"
                    VPOS="235"
                    WIDTH="21"
                    HEIGHT="59"
                    WC="0.9922037124633789"></String>
          </TextLine>
          <TextLine ID="eSc_line_94d116a0"
                    TAGREFS="LT33"
                    BASELINE="229 352 669 374 1640 385" 
                    HPOS="228"
                    VPOS="318"
                    WIDTH="1412"
                    HEIGHT="88">
            <Shape><Polygon POINTS="229 352 228 375 612 392 614 392 718 386 771 395 999 398 1001 398 1002 398 1033 391 1072 399 1073 399 1152 392 1246 403 1345 405 1347 405 1348 405 1364 398 1379 405 1381 405 1382 406 1639 406 1640 385 1639 350 1561 341 1559 341 1420 347 1350 338 1348 338 1347 338 1345 338 1333 345 1263 345 1233 335 1232 335 1230 335 1229 335 1198 342 1142 335 1141 335 1009 340 943 331 941 331 860 337 849 330 848 330 846 330 845 330 812 335 734 327 733 327 731 327 713 334 667 325 666 325 622 333 453 331 421 321 419 321 418 321 375 328 229 318 229 352"/></Shape>
            <String CONTENT="ny lius verantwortet ſich beſcheidentlich, und bemuͤhete ſich von GOtt,"
                    HPOS="228"
                    VPOS="318"
                    WIDTH="1412"
                    HEIGHT="88"
                    WC="0.9847361798017797"></String>
          </TextLine>
          <TextLine ID="eSc_line_2bb814a7"
                    TAGREFS="LT33"
                    BASELINE="235 405 333 416 577 423 1195 433 1643 432" 
                    HPOS="233"
                    VPOS="372"
                    WIDTH="1410"
                    HEIGHT="84">
            <Shape><Polygon POINTS="235 405 233 429 372 440 374 440 421 432 470 442 472 442 473 442 489 435 592 443 594 443 639 435 821 446 822 446 901 440 1532 456 1534 456 1642 446 1643 432 1642 401 1487 391 1486 391 1452 398 1412 389 1411 389 1290 395 1215 385 1213 385 1059 391 1033 382 1032 382 1030 382 1029 382 989 392 907 384 906 384 904 384 903 384 891 391 740 382 738 382 582 386 565 376 564 376 562 376 506 375 504 375 438 385 414 374 412 374 235 372 235 405"/></Shape>
            <String CONTENT="on JEſu Chriſto, und anderen der Seeligkeit Mittlen ſo viel zu re⸗"
                    HPOS="233"
                    VPOS="372"
                    WIDTH="1410"
                    HEIGHT="84"
                    WC="0.9998054432146477"></String>
          </TextLine>
          <TextLine ID="eSc_line_cefe1613"
                    TAGREFS="LT33"
                    BASELINE="229 453 516 471 1643 487" 
                    HPOS="228"
                    VPOS="422"
                    WIDTH="1415"
                    HEIGHT="85">
            <Shape><Polygon POINTS="229 453 228 477 367 488 368 488 442 481 473 491 475 491 476 491 579 487 655 494 656 494 657 494 690 486 718 496 720 496 721 496 882 488 978 500 979 500 1040 493 1140 503 1141 503 1142 503 1167 494 1188 503 1189 503 1191 503 1270 498 1308 505 1310 505 1352 498 1428 507 1429 507 1642 503 1643 487 1643 447 812 440 794 430 792 430 791 430 789 430 758 437 720 429 718 429 582 435 528 426 527 426 472 433 443 425 442 425 441 425 392 432 353 423 351 423 316 430 229 422 229 453"/></Shape>
            <String CONTENT="den, damit ſich der Richter zu einen anderen Vornehmen ſolle leiten"
                    HPOS="228"
                    VPOS="422"
                    WIDTH="1415"
                    HEIGHT="85"
                    WC="0.996223495077731"></String>
          </TextLine>
          <TextLine ID="eSc_line_9764bf04"
                    TAGREFS="LT33"
                    BASELINE="228 505 686 525 1642 537" 
                    HPOS="226"
                    VPOS="470"
                    WIDTH="1416"
                    HEIGHT="91">
            <Shape><Polygon POINTS="228 505 226 527 419 538 421 538 422 538 442 531 524 542 526 542 751 537 775 547 777 547 778 547 856 541 927 549 928 549 930 549 958 541 1011 551 1012 551 1093 544 1161 554 1321 556 1323 556 1372 549 1419 558 1420 558 1422 558 1457 549 1568 561 1569 561 1640 551 1642 537 1640 504 1565 496 1564 496 1491 503 1473 491 1471 491 1470 491 1469 491 1467 491 1433 501 1396 490 1395 490 1393 490 1392 490 1361 500 1291 500 1242 487 1240 487 1239 487 1212 497 1106 497 1072 484 1070 484 1069 484 1004 494 921 481 920 481 857 488 845 480 843 480 842 480 840 480 785 488 740 481 738 481 526 486 462 476 460 476 371 480 357 471 355 471 354 471 228 470 228 505"/></Shape>
            <String CONTENT="laſſen. Felcennius wollte nicht hoͤren, ſonder, weil gedachte drey hei⸗"
                    HPOS="226"
                    VPOS="470"
                    WIDTH="1416"
                    HEIGHT="91"
                    WC="0.9909991370120519"></String>
          </TextLine>
          <TextLine ID="eSc_line_2ea23051"
                    TAGREFS="LT33"
                    BASELINE="229 559 672 576 1642 585" 
                    HPOS="229"
                    VPOS="522"
                    WIDTH="1413"
                    HEIGHT="83">
            <Shape><Polygon POINTS="229 559 229 582 300 582 327 590 328 590 330 590 395 583 416 592 418 592 419 592 581 586 621 595 622 595 822 589 940 599 941 599 1026 592 1043 600 1045 600 1046 600 1228 595 1240 603 1242 603 1243 603 1245 605 1640 605 1642 585 1640 551 1133 548 1093 535 1091 535 1090 535 1089 535 1064 545 931 545 879 531 877 531 876 531 826 539 806 530 805 530 804 530 747 531 745 531 744 531 728 541 709 528 707 528 706 528 704 528 628 535 604 527 602 527 601 527 506 535 489 527 487 527 486 527 428 537 389 524 388 524 229 522 229 559"/></Shape>
            <String CONTENT="ſige Maͤnner den Befelch den Goͤtzen zu opfferen, nicht wollten anneh⸗"
                    HPOS="229"
                    VPOS="522"
                    WIDTH="1413"
                    HEIGHT="83"
                    WC="0.9826095087187631"></String>
          </TextLine>
          <TextLine ID="eSc_line_45c335d7"
                    TAGREFS="LT33"
                    BASELINE="228 607 477 624 1639 637" 
                    HPOS="226"
                    VPOS="575"
                    WIDTH="1413"
                    HEIGHT="84">
            <Shape><Polygon POINTS="228 607 226 632 365 633 387 643 388 643 389 644 962 644 1011 651 1012 651 1113 644 1447 657 1449 657 1510 650 1542 659 1544 659 1545 659 1637 650 1639 637 1637 605 1565 605 1535 592 1534 592 1532 592 1429 602 1328 599 1315 589 1314 589 1313 589 1311 589 1310 589 1283 599 1230 598 1218 588 1216 588 1215 588 1213 588 1212 588 1175 598 1125 590 1124 590 1062 596 1009 585 1008 585 907 595 890 583 889 583 887 583 886 583 591 590 557 579 555 579 480 579 479 579 477 579 450 588 414 578 412 578 228 575 228 607"/></Shape>
            <String CONTENT="men, lietz er ſie ſammenrlich haͤfftig geißlen, in eiſern Ketten und Band"
                    HPOS="226"
                    VPOS="575"
                    WIDTH="1413"
                    HEIGHT="84"
                    WC="0.9879018615369928"></String>
          </TextLine>
          <TextLine ID="eSc_line_7a0f8278"
                    TAGREFS="LT33"
                    BASELINE="228 660 455 676 1242 690 1640 690" 
                    HPOS="226"
                    VPOS="622"
                    WIDTH="1414"
                    HEIGHT="95">
            <Shape><Polygon POINTS="228 660 226 681 439 697 441 697 502 690 530 698 531 698 533 698 598 693 643 700 645 700 646 700 665 691 684 701 686 701 687 702 761 702 761 701 839 693 924 705 1082 708 1083 708 1084 708 1107 698 1151 698 1171 710 1172 710 1174 710 1175 710 1237 701 1281 710 1283 710 1422 704 1449 712 1450 712 1452 712 1525 705 1569 705 1586 717 1588 717 1589 717 1591 717 1639 711 1640 690 1639 646 1579 653 1561 644 1559 644 1480 643 1479 643 1402 651 1359 643 1358 643 1320 650 1070 636 1069 636 1004 644 960 634 958 634 957 634 931 643 889 634 887 634 886 634 867 642 717 632 716 632 458 634 228 622 228 660"/></Shape>
            <String CONTENT="ſchuieſſen, und in enge ſinſtere Gefaͤngnuß werffen, um welches ſie"
                    HPOS="226"
                    VPOS="622"
                    WIDTH="1414"
                    HEIGHT="95"
                    WC="0.9808721239887067"></String>
          </TextLine>
          <TextLine ID="eSc_line_6faacd85"
                    TAGREFS="LT33"
                    BASELINE="232 715 574 725" 
                    HPOS="231"
                    VPOS="668"
                    WIDTH="343"
                    HEIGHT="81">
            <Shape><Polygon POINTS="232 715 231 729 297 741 299 741 364 735 404 744 405 744 469 739 477 746 479 746 480 746 482 746 521 741 526 746 527 746 527 748 528 748 530 748 531 749 572 749 574 725 574 695 514 681 513 681 511 681 492 690 476 680 475 680 473 680 472 680 470 680 433 691 389 691 377 677 377 676 375 676 374 676 372 676 371 676 331 685 299 671 297 671 232 668 232 715"/></Shape>
            <String CONTENT="GOtt dancketen."
                    HPOS="231"
                    VPOS="668"
                    WIDTH="343"
                    HEIGHT="81"
                    WC="0.9924651026725769"></String>
          </TextLine>
          <TextLine ID="eSc_line_3a38330c"
                    TAGREFS="LT33"
                    BASELINE="235 812 289 823 499 831 1636 841" 
                    HPOS="233"
                    VPOS="783"
                    WIDTH="1403"
                    HEIGHT="80">
            <Shape><Polygon POINTS="233 840 435 843 452 851 453 851 455 851 519 844 568 853 570 853 635 846 687 854 689 854 690 854 721 847 778 854 779 854 1019 850 1082 858 1318 860 1320 860 1321 860 1348 853 1382 861 1384 861 1385 861 1479 856 1497 863 1498 863 1500 863 1635 854 1636 841 1633 802 1359 806 1298 795 1297 795 1219 804 1004 795 1002 795 941 802 794 789 792 789 791 789 750 800 666 800 636 787 635 787 633 787 534 793 509 786 507 786 506 786 504 786 486 793 463 786 462 786 460 786 378 795 351 785 350 785 236 783 235 812 233 840"/></Shape>
            <String CONTENT="oeegs von ihrer Bekanntnuß kunten abwendig gemacht werden; deß⸗"
                    HPOS="233"
                    VPOS="783"
                    WIDTH="1403"
                    HEIGHT="80"
                    WC="0.9849383887790498"></String>
          </TextLine>
          <TextLine ID="eSc_line_2517153e"
                    TAGREFS="LT33"
                    BASELINE="347 776 1637 792" 
                    HPOS="347"
                    VPOS="728"
                    WIDTH="1290"
                    HEIGHT="84">
            <Shape><Polygon POINTS="347 776 347 793 666 793 697 803 699 803 700 803 775 795 865 804 866 804 968 797 1073 807 1074 807 1226 800 1255 809 1256 809 1257 809 1384 804 1403 812 1405 812 1406 812 1480 803 1521 812 1523 812 1636 803 1637 792 1637 755 1511 742 1510 742 1419 751 1395 741 1393 741 1392 741 1287 749 1229 741 1228 741 1171 748 1157 738 1155 738 1154 738 1152 738 1053 746 1012 736 1011 736 1009 736 934 745 901 735 900 735 899 735 823 742 774 734 772 734 726 742 684 732 683 732 682 732 680 732 649 741 599 734 598 734 466 739 448 731 446 731 347 728 347 776"/></Shape>
            <String CONTENT="Es kame die andere Verhoͤr, bey welcher die Heiligen keines⸗"
                    HPOS="347"
                    VPOS="728"
                    WIDTH="1290"
                    HEIGHT="84"
                    WC="0.9869568467140197"></String>
          </TextLine>
          <TextLine ID="eSc_line_e20ca0a1"
                    TAGREFS="LT33"
                    BASELINE="232 863 290 873 632 884 1633 894" 
                    HPOS="231"
                    VPOS="833"
                    WIDTH="1402"
                    HEIGHT="83">
            <Shape><Polygon POINTS="231 887 421 890 433 898 435 898 436 898 438 898 494 892 506 899 507 899 509 899 510 899 579 892 611 904 612 904 614 904 643 898 750 907 751 907 840 898 867 907 869 907 870 907 872 907 873 907 889 897 969 909 971 909 1047 901 1212 912 1213 912 1393 905 1411 915 1412 915 1413 915 1415 915 1520 904 1532 912 1534 912 1535 912 1537 912 1586 907 1630 916 1633 894 1632 851 1540 858 1471 848 1470 848 1413 857 1365 847 1364 847 1310 854 1157 846 1155 846 1089 853 1076 844 1074 844 1073 844 1072 844 1043 850 961 843 960 843 958 843 937 850 916 843 914 843 913 843 866 850 801 840 799 840 747 848 233 833 232 863 231 887"/></Shape>
            <String CONTENT="degen Feſcennius mehr erzoͤrnet, befahle den heiligen Dionyſium auf"
                    HPOS="231"
                    VPOS="833"
                    WIDTH="1402"
                    HEIGHT="83"
                    WC="0.9882246923090806"></String>
          </TextLine>
          <TextLine ID="eSc_line_dc98012b"
                    TAGREFS="LT33"
                    BASELINE="226 911 313 925 484 933 1637 946" 
                    HPOS="225"
                    VPOS="882"
                    WIDTH="1412"
                    HEIGHT="85">
            <Shape><Polygon POINTS="225 941 445 943 459 953 460 953 462 953 463 953 521 948 585 955 587 955 632 946 670 956 672 956 673 956 745 948 806 958 808 958 1074 955 1196 963 1198 963 1199 963 1233 955 1313 965 1314 965 1460 958 1635 967 1637 946 1636 909 1510 898 1508 898 1435 909 1412 901 1411 901 1409 901 1347 908 1318 897 1317 897 1315 897 1314 897 1287 907 1259 898 1257 898 1256 898 1255 898 1225 907 930 897 928 897 927 897 904 902 889 892 887 892 886 892 884 892 883 892 863 899 838 891 836 891 835 891 833 891 813 901 737 901 717 891 716 891 714 891 615 898 554 887 553 887 551 887 516 895 489 885 487 885 486 885 431 897 370 884 228 882 226 911 225 941"/></Shape>
            <String CONTENT="ein eiſenes Beth nackend ausgeſpannt zu legen, durch ein darunter"
                    HPOS="225"
                    VPOS="882"
                    WIDTH="1412"
                    HEIGHT="85"
                    WC="0.9913587817778954"></String>
          </TextLine>
          <TextLine ID="eSc_line_0ede4ae1"
                    TAGREFS="LT33"
                    BASELINE="228 962 262 969" 
                    HPOS="224"
                    VPOS="925"
                    WIDTH="42"
                    HEIGHT="59">
            <Shape><Polygon POINTS="228 962 224 982 258 984 262 969 266 932 233 925 228 962"/></Shape>
            <String CONTENT="ar"
                    HPOS="224"
                    VPOS="925"
                    WIDTH="42"
                    HEIGHT="59"
                    WC="0.9999101459980011"></String>
          </TextLine>
          <TextLine ID="eSc_line_a983104b"
                    TAGREFS="LT33"
                    BASELINE="280 973 466 984 1636 997" 
                    HPOS="279"
                    VPOS="936"
                    WIDTH="1357"
                    HEIGHT="82">
            <Shape><Polygon POINTS="280 973 279 994 460 996 475 1006 476 1006 477 1006 479 1006 584 999 652 1007 653 1007 655 1007 684 1000 740 1009 741 1009 818 1001 849 1010 850 1010 955 1011 957 1011 1011 1004 1169 1014 1171 1014 1389 1009 1464 1017 1466 1017 1503 1010 1532 1018 1534 1018 1535 1018 1635 1010 1636 997 1633 958 1558 960 1521 952 1520 952 1518 952 1517 952 1515 952 1503 960 1411 960 1359 949 1358 949 1287 958 1266 948 1264 948 1263 948 1209 956 1094 948 1093 948 937 953 853 945 852 945 850 945 821 952 701 941 612 941 611 941 609 941 589 949 537 939 536 939 401 945 388 938 387 938 385 938 280 936 280 973"/></Shape>
            <String CONTENT="ezundtes Feuer lebendig zu braten, es ſchadete ihm aber das Feuer"
                    HPOS="279"
                    VPOS="936"
                    WIDTH="1357"
                    HEIGHT="82"
                    WC="0.9944809464307932"></String>
          </TextLine>
          <TextLine ID="eSc_line_2428cbdc"
                    TAGREFS="LT33"
                    BASELINE="225 1011 330 1030 463 1035 1632 1045" 
                    HPOS="224"
                    VPOS="986"
                    WIDTH="1408"
                    HEIGHT="84">
            <Shape><Polygon POINTS="224 1044 350 1045 388 1058 389 1058 391 1058 524 1048 571 1060 572 1060 574 1061 622 1061 622 1060 623 1060 648 1050 721 1061 723 1061 770 1051 833 1061 835 1061 926 1052 965 1064 967 1064 968 1064 1076 1055 1158 1065 1357 1068 1358 1068 1411 1062 1572 1070 1574 1070 1630 1058 1632 1045 1632 1016 1565 1001 1564 1001 1496 1013 1379 1013 1338 997 1337 997 1335 997 1334 997 1289 1010 1236 1001 1235 1001 1195 1010 1113 1010 1101 1001 1100 1001 1099 1001 1097 1001 1032 1007 1005 994 1004 994 1002 994 828 1006 811 997 809 997 808 997 755 1004 734 994 733 994 731 994 730 994 704 1004 619 990 618 990 443 1001 374 987 226 986 225 1011 224 1044"/></Shape>
            <String CONTENT="aͤcht, hernach befahl er ihn denen wilden lang ausgehuͤngerten Thie⸗"
                    HPOS="224"
                    VPOS="986"
                    WIDTH="1408"
                    HEIGHT="84"
                    WC="0.9941691195263582"></String>
          </TextLine>
          <TextLine ID="eSc_line_56b395c4"
                    TAGREFS="LT33"
                    BASELINE="225 1065 455 1087 1629 1098" 
                    HPOS="224"
                    VPOS="1037"
                    WIDTH="1405"
                    HEIGHT="79">
            <Shape><Polygon POINTS="225 1065 224 1092 548 1108 550 1108 673 1101 825 1111 826 1111 828 1111 860 1102 950 1102 977 1113 978 1113 979 1113 1069 1104 1093 1115 1094 1115 1626 1116 1629 1098 1629 1062 1615 1054 1613 1054 1612 1054 1610 1054 1568 1062 1515 1055 1514 1055 1436 1061 1405 1051 1403 1051 1402 1051 1401 1051 1378 1061 1311 1061 1287 1051 1286 1051 1284 1051 1185 1058 1141 1048 1140 1048 962 1055 874 1045 873 1045 540 1050 516 1041 514 1041 513 1041 389 1047 350 1038 348 1038 320 1044 225 1037 225 1065"/></Shape>
            <String CONTENT="ten vorzuwerffen, und weil ihne die wilde Thier nicht wollen angreif⸗"
                    HPOS="224"
                    VPOS="1037"
                    WIDTH="1405"
                    HEIGHT="79"
                    WC="0.9971059068389561"></String>
          </TextLine>
          <TextLine ID="eSc_line_9e6bf1a4"
                    TAGREFS="LT33"
                    BASELINE="222 1119 526 1138 1229 1147 1629 1146" 
                    HPOS="221"
                    VPOS="1085"
                    WIDTH="1408"
                    HEIGHT="85">
            <Shape><Polygon POINTS="222 1119 221 1142 399 1155 401 1155 402 1155 422 1149 438 1156 439 1156 441 1156 442 1156 465 1150 484 1157 486 1157 487 1157 517 1152 692 1160 693 1160 762 1152 787 1162 788 1162 789 1162 791 1162 813 1156 906 1163 907 1163 908 1163 935 1155 1013 1166 1279 1170 1280 1170 1281 1170 1283 1170 1300 1160 1450 1160 1494 1170 1496 1170 1497 1170 1517 1163 1626 1163 1629 1146 1625 1106 1576 1116 1510 1105 1508 1105 1277 1112 1198 1101 1196 1101 1133 1109 1057 1108 1038 1098 1036 1098 1035 1098 926 1106 856 1095 855 1095 853 1095 816 1104 734 1092 733 1092 731 1092 713 1102 659 1094 657 1094 492 1099 452 1088 450 1088 449 1088 309 1096 273 1085 272 1085 222 1085 222 1119"/></Shape>
            <String CONTENT="en, endlich m einen ſtarck⸗gehitzten Ofen zu ſchieben: aber diſes al⸗"
                    HPOS="221"
                    VPOS="1085"
                    WIDTH="1408"
                    HEIGHT="85"
                    WC="0.987251745617908"></String>
          </TextLine>
          <TextLine ID="eSc_line_fe07f5f0"
                    TAGREFS="LT33"
                    BASELINE="222 1164 473 1187 1629 1197" 
                    HPOS="221"
                    VPOS="1136"
                    WIDTH="1408"
                    HEIGHT="85">
            <Shape><Polygon POINTS="222 1164 221 1191 516 1208 623 1210 625 1210 690 1198 733 1211 734 1211 735 1211 884 1201 935 1214 937 1214 938 1214 1050 1208 1211 1217 1212 1217 1264 1206 1283 1218 1284 1218 1286 1218 1287 1218 1586 1211 1625 1221 1629 1197 1626 1153 1555 1164 1524 1153 1523 1153 1521 1153 1437 1163 1391 1150 1389 1150 1388 1150 1386 1150 1351 1159 1317 1150 1315 1150 1314 1150 1313 1150 1284 1162 1185 1162 1064 1152 1063 1152 1032 1157 1005 1147 1004 1147 1002 1147 1001 1147 968 1157 923 1147 921 1147 852 1156 816 1145 815 1145 813 1145 812 1145 792 1152 665 1143 663 1143 662 1143 643 1153 585 1145 584 1145 543 1152 435 1143 433 1143 367 1149 336 1138 334 1138 222 1136 222 1164"/></Shape>
            <String CONTENT="les namm der heilige Diony kius mit Freuden an, ſtaͤrckete ſich mit"
                    HPOS="221"
                    VPOS="1136"
                    WIDTH="1408"
                    HEIGHT="85"
                    WC="0.9789340923081583"></String>
          </TextLine>
          <TextLine ID="eSc_line_39686cba"
                    TAGREFS="LT33"
                    BASELINE="222 1221 550 1241 1630 1251" 
                    HPOS="221"
                    VPOS="1184"
                    WIDTH="1409"
                    HEIGHT="91">
            <Shape><Polygon POINTS="222 1221 221 1242 368 1244 406 1257 408 1257 409 1257 489 1249 513 1259 514 1259 582 1261 584 1261 815 1257 887 1264 889 1264 890 1264 917 1254 954 1264 955 1264 957 1264 996 1258 1009 1266 1011 1266 1012 1266 1013 1266 1080 1257 1191 1268 1192 1268 1194 1268 1223 1258 1260 1269 1262 1269 1263 1269 1398 1259 1425 1269 1426 1269 1428 1269 1523 1266 1547 1274 1548 1274 1549 1275 1596 1275 1596 1274 1598 1274 1629 1261 1630 1251 1629 1211 1496 1203 1494 1203 1493 1203 1491 1203 1477 1211 1449 1203 1447 1203 1446 1203 1393 1208 1374 1200 1372 1200 1371 1200 1369 1200 1338 1213 1277 1213 1260 1201 1259 1201 1257 1201 1256 1201 1255 1201 1218 1211 1189 1200 1188 1200 1186 1200 1185 1200 1165 1211 1128 1211 1073 1208 1053 1197 1052 1197 1050 1197 937 1207 886 1207 865 1196 863 1196 862 1196 791 1206 701 1193 700 1193 699 1193 676 1203 577 1194 575 1194 574 1194 562 1200 551 1193 550 1193 548 1193 547 1193 477 1201 412 1191 411 1191 409 1191 408 1191 394 1200 348 1187 347 1187 222 1184 222 1221"/></Shape>
            <String CONTENT="OOttes Lob⸗Geſang, uͤberwande das Fener, ſo ihme als ein kuͤhles"
                    HPOS="221"
                    VPOS="1184"
                    WIDTH="1409"
                    HEIGHT="91"
                    WC="0.9970131227746606"></String>
          </TextLine>
          <TextLine ID="eSc_line_f1e99791"
                    TAGREFS="LT33"
                    BASELINE="225 1275 584 1292 1627 1303" 
                    HPOS="224"
                    VPOS="1237"
                    WIDTH="1403"
                    HEIGHT="89">
            <Shape><Polygon POINTS="225 1275 224 1295 374 1296 405 1309 406 1309 408 1309 456 1303 537 1310 538 1310 540 1310 570 1301 646 1312 648 1312 690 1303 792 1315 794 1315 842 1308 852 1315 853 1315 855 1315 856 1315 1005 1310 1059 1319 1060 1319 1297 1312 1338 1323 1340 1323 1341 1323 1428 1316 1439 1325 1440 1325 1442 1325 1566 1326 1568 1326 1626 1316 1627 1303 1626 1271 1572 1271 1525 1255 1524 1255 1523 1255 1454 1268 1338 1252 1337 1252 1335 1252 1296 1265 1225 1251 1223 1251 1222 1251 1189 1264 1113 1252 1111 1252 1110 1252 1086 1262 1070 1252 1069 1252 1067 1252 1066 1252 960 1261 901 1252 900 1252 693 1257 649 1248 648 1248 570 1255 472 1241 470 1241 387 1245 225 1237 225 1275"/></Shape>
            <String CONTENT="Chau vorkaͤme;, nicht weniger legten ſich die wilde Thier zu ſeinen"
                    HPOS="224"
                    VPOS="1237"
                    WIDTH="1403"
                    HEIGHT="89"
                    WC="0.9895794978782312"></String>
          </TextLine>
          <TextLine ID="eSc_line_a656356b"
                    TAGREFS="LT33"
                    BASELINE="218 1325 694 1344 1629 1353" 
                    HPOS="216"
                    VPOS="1288"
                    WIDTH="1413"
                    HEIGHT="88">
            <Shape><Polygon POINTS="724 1295 645 1308 621 1296 619 1296 618 1296 526 1303 455 1292 453 1292 377 1303 331 1289 330 1289 218 1288 218 1325 216 1346 344 1347 381 1357 382 1357 384 1357 433 1352 493 1359 494 1359 496 1359 513 1352 554 1360 555 1360 656 1354 667 1361 669 1361 670 1361 863 1364 865 1364 866 1364 887 1357 927 1366 928 1366 930 1366 957 1359 1181 1370 1182 1370 1252 1363 1269 1371 1270 1371 1272 1371 1330 1364 1347 1371 1348 1371 1350 1371 1534 1367 1589 1376 1591 1376 1627 1367 1629 1353 1629 1318 1586 1310 1585 1310 1584 1310 1559 1320 1442 1320 1422 1308 1420 1308 1419 1308 1418 1308 1272 1318 1219 1303 1218 1303 1216 1303 1133 1315 1113 1306 1111 1306 1110 1306 1108 1306 1107 1306 1096 1313 1057 1306 1056 1306 1055 1306 1028 1313 833 1312 726 1295 724 1295"/></Shape>
            <String CONTENT="Fuͤſſen, gleichwie die HHuͤndlein; er wurde letzilich gecreutziget, wel⸗"
                    HPOS="216"
                    VPOS="1288"
                    WIDTH="1413"
                    HEIGHT="88"
                    WC="0.9922874950700336"></String>
          </TextLine>
          <TextLine ID="eSc_line_665d50df"
                    TAGREFS="LT33"
                    BASELINE="219 1371 733 1394 1626 1404" 
                    HPOS="218"
                    VPOS="1336"
                    WIDTH="1408"
                    HEIGHT="89">
            <Shape><Polygon POINTS="219 1371 218 1393 377 1395 401 1407 402 1407 404 1407 523 1400 631 1411 632 1411 633 1411 666 1403 690 1412 692 1412 693 1412 764 1407 893 1417 894 1418 1314 1418 1331 1425 1333 1425 1334 1425 1625 1420 1626 1404 1625 1374 1552 1361 1551 1361 1437 1370 1372 1359 1371 1359 1369 1359 1337 1369 1314 1357 1313 1357 1311 1357 1270 1363 1260 1356 1259 1356 1257 1356 1256 1356 1185 1366 1076 1354 1074 1354 1073 1354 1053 1363 935 1353 934 1353 933 1353 916 1359 886 1349 884 1349 883 1349 882 1349 852 1359 799 1349 798 1349 753 1357 733 1347 731 1347 730 1347 728 1347 704 1356 516 1346 514 1346 462 1352 419 1340 418 1340 416 1340 415 1340 392 1347 360 1339 358 1339 219 1336 219 1371"/></Shape>
            <String CONTENT="Hes ſein Frend war, doch ebenfahls am Leben unſchaͤdlich; dahero"
                    HPOS="218"
                    VPOS="1336"
                    WIDTH="1408"
                    HEIGHT="89"
                    WC="0.9888071911409497"></String>
          </TextLine>
          <TextLine ID="eSc_line_a018f95e"
                    TAGREFS="LT33"
                    BASELINE="214 1421 856 1445 1626 1452" 
                    HPOS="212"
                    VPOS="1387"
                    WIDTH="1414"
                    HEIGHT="89">
            <Shape><Polygon POINTS="214 1412 214 1421 212 1441 944 1465 945 1465 1135 1461 1218 1471 1219 1471 1313 1465 1355 1473 1357 1473 1416 1466 1447 1475 1449 1475 1450 1475 1452 1475 1474 1468 1576 1476 1578 1476 1625 1469 1626 1452 1623 1415 1490 1421 1411 1411 1409 1411 1408 1411 1385 1418 1318 1410 879 1410 836 1400 835 1400 741 1405 672 1395 670 1395 618 1403 443 1391 442 1391 408 1398 397 1390 395 1390 394 1390 265 1387 263 1387 219 1394 214 1412"/></Shape>
            <String CONTENT="adermal ins Gefaͤngnuß geworffen worden, darinn er die Zeit gar wohl"
                    HPOS="212"
                    VPOS="1387"
                    WIDTH="1414"
                    HEIGHT="89"
                    WC="0.9853121278917089"></String>
          </TextLine>
          <TextLine ID="eSc_line_a129acdd"
                    TAGREFS="LT33"
                    BASELINE="211 1473 995 1495 1626 1500" 
                    HPOS="209"
                    VPOS="1434"
                    WIDTH="1417"
                    HEIGHT="89">
            <Shape><Polygon POINTS="211 1473 209 1489 279 1499 280 1499 282 1499 319 1490 382 1500 384 1500 385 1500 387 1500 402 1492 490 1492 1202 1517 1203 1517 1266 1509 1487 1523 1488 1523 1490 1523 1514 1515 1623 1515 1626 1500 1626 1468 1540 1459 1538 1459 1488 1468 1398 1456 1396 1456 1395 1456 1365 1465 1294 1456 1293 1456 1199 1462 1175 1452 1174 1452 1172 1452 1134 1459 999 1459 962 1449 961 1449 960 1449 958 1449 944 1456 751 1446 750 1446 704 1452 677 1444 676 1444 675 1444 639 1451 561 1439 448 1438 446 1438 445 1438 422 1446 392 1437 391 1437 211 1434 211 1473"/></Shape>
            <String CONTENT="zugebracht, die Anweſende mit predigen getroͤſt, und mit dem Leib"
                    HPOS="209"
                    VPOS="1434"
                    WIDTH="1417"
                    HEIGHT="89"
                    WC="0.9940213414338919"></String>
          </TextLine>
          <TextLine ID="eSc_line_b3e64b22"
                    TAGREFS="LT33"
                    BASELINE="219 1526 1293 1550 1623 1551" 
                    HPOS="218"
                    VPOS="1480"
                    WIDTH="1405"
                    HEIGHT="95">
            <Shape><Polygon POINTS="219 1526 218 1539 265 1549 438 1551 439 1551 441 1551 466 1544 483 1553 484 1553 486 1553 487 1553 504 1546 530 1553 531 1553 533 1553 599 1547 633 1556 635 1556 636 1556 672 1549 1080 1566 1082 1566 1141 1558 1215 1568 1216 1568 1280 1561 1365 1571 1367 1571 1476 1566 1555 1575 1557 1575 1622 1567 1623 1551 1622 1519 1554 1507 1552 1507 1503 1516 1293 1513 1273 1502 1272 1502 1270 1502 1216 1510 1089 1500 1087 1500 1086 1500 1067 1506 1056 1499 1055 1499 1053 1499 1052 1499 1050 1499 1026 1506 992 1499 991 1499 877 1503 782 1492 781 1492 741 1498 656 1489 655 1489 653 1489 618 1498 585 1488 584 1488 582 1488 404 1490 333 1482 331 1482 276 1490 219 1480 219 1526"/></Shape>
            <String CONTENT="Chriſti geſpeiſet, der Abweſenden auch nicht vergeſſen, denen er ſein"
                    HPOS="218"
                    VPOS="1480"
                    WIDTH="1405"
                    HEIGHT="95"
                    WC="0.9969405229540839"></String>
          </TextLine>
          <TextLine ID="eSc_line_ffa82807"
                    TAGREFS="LT33"
                    BASELINE="218 1571 462 1585 1625 1608" 
                    HPOS="216"
                    VPOS="1532"
                    WIDTH="1409"
                    HEIGHT="93">
            <Shape><Polygon POINTS="216 1592 686 1612 687 1612 874 1607 884 1614 886 1614 887 1614 889 1614 934 1608 958 1618 960 1618 961 1618 1019 1611 1052 1619 1053 1619 1055 1619 1056 1619 1082 1611 1223 1624 1225 1624 1272 1615 1294 1625 1296 1625 1297 1625 1623 1624 1625 1608 1623 1560 1561 1571 1490 1557 1488 1557 1428 1568 1396 1560 1395 1560 1393 1560 1392 1560 1368 1566 1340 1554 1338 1554 1337 1554 1335 1554 1290 1566 1239 1554 1237 1554 1236 1554 1202 1564 1161 1564 1144 1551 1142 1551 1141 1551 1140 1551 1138 1551 1116 1561 1023 1561 944 1546 943 1546 890 1556 846 1544 845 1544 843 1544 775 1550 744 1541 743 1541 741 1541 740 1541 709 1550 687 1540 686 1540 684 1540 632 1546 616 1539 615 1539 614 1539 507 1549 476 1536 475 1536 473 1536 382 1544 351 1534 350 1534 348 1534 306 1543 219 1532 218 1571 216 1592"/></Shape>
            <String CONTENT="baͤrterliches Gemuͤth ſchrifftlich erwieſen, und alſo eyfferig ſich zum"
                    HPOS="216"
                    VPOS="1532"
                    WIDTH="1409"
                    HEIGHT="93"
                    WC="0.99622741803317"></String>
          </TextLine>
          <TextLine ID="eSc_line_ecb5b40b"
                    TAGREFS="LT33"
                    BASELINE="218 1622 441 1638 863 1649 1625 1659" 
                    HPOS="216"
                    VPOS="1587"
                    WIDTH="1409"
                    HEIGHT="95">
            <Shape><Polygon POINTS="218 1622 216 1645 460 1649 492 1662 493 1662 494 1662 601 1653 663 1653 680 1666 682 1666 683 1666 684 1666 911 1663 1009 1672 1011 1672 1094 1663 1189 1676 1191 1676 1334 1668 1365 1677 1367 1677 1368 1677 1405 1672 1483 1682 1484 1682 1544 1673 1622 1679 1625 1659 1625 1624 1525 1612 1524 1612 1523 1612 1497 1621 1436 1612 1435 1612 1433 1612 1409 1619 1378 1609 1376 1609 1375 1609 1335 1618 1274 1608 1273 1608 1192 1615 1002 1602 1001 1602 999 1602 974 1611 950 1601 948 1601 870 1600 869 1600 867 1600 833 1608 818 1598 816 1598 815 1598 813 1598 765 1607 724 1597 723 1597 721 1597 720 1597 684 1605 564 1595 562 1595 561 1595 538 1601 524 1592 523 1592 521 1592 520 1592 519 1592 487 1601 414 1591 412 1591 411 1591 394 1600 347 1600 328 1590 327 1590 218 1587 218 1622"/></Shape>
            <String CONTENT="keyden und ardeiten erzeigt, daß Chriſtus ein groſſes Wohlgefallen"
                    HPOS="216"
                    VPOS="1587"
                    WIDTH="1409"
                    HEIGHT="95"
                    WC="0.9853024862029336"></String>
          </TextLine>
          <TextLine ID="eSc_line_29fbd091"
                    TAGREFS="LT33"
                    BASELINE="215 1669 346 1685 510 1693 1620 1712" 
                    HPOS="214"
                    VPOS="1639"
                    WIDTH="1406"
                    HEIGHT="90">
            <Shape><Polygon POINTS="215 1669 214 1697 328 1699 348 1710 350 1710 351 1710 353 1710 375 1702 439 1712 441 1712 442 1712 466 1706 502 1714 503 1714 504 1714 581 1709 682 1717 683 1717 724 1710 743 1717 744 1717 745 1717 747 1717 771 1709 799 1720 801 1720 802 1720 866 1714 947 1723 948 1723 1004 1713 1099 1726 1100 1726 1101 1726 1128 1719 1167 1727 1168 1729 1619 1729 1620 1712 1620 1668 1542 1665 1541 1665 1494 1675 1457 1665 1456 1665 1454 1665 1453 1665 1419 1673 1376 1663 1375 1663 1374 1663 1357 1672 1338 1663 1337 1663 1335 1663 1334 1663 1317 1670 1165 1670 1110 1659 1108 1659 1107 1659 1090 1668 1064 1659 1063 1659 1062 1659 1060 1659 1059 1659 1047 1666 1025 1659 1023 1659 1022 1659 957 1665 924 1652 923 1652 921 1652 920 1652 880 1663 856 1652 855 1652 853 1652 727 1660 636 1658 612 1646 611 1646 609 1646 538 1656 477 1646 476 1646 416 1655 401 1645 399 1645 398 1645 215 1639 215 1669"/></Shape>
            <String CONTENT="barod getragen, alſo zwar, daß er ihne mit ſeinem allerheiligiſten Leib"
                    HPOS="214"
                    VPOS="1639"
                    WIDTH="1406"
                    HEIGHT="90"
                    WC="0.9961696015277379"></String>
          </TextLine>
          <TextLine ID="eSc_line_d640cee3"
                    TAGREFS="LT33"
                    BASELINE="221 1719 319 1730" 
                    HPOS="218"
                    VPOS="1673"
                    WIDTH="102"
                    HEIGHT="75">
            <Shape><Polygon POINTS="221 1719 218 1737 314 1748 319 1730 320 1689 224 1673 221 1719"/></Shape>
            <String CONTENT="n de"
                    HPOS="218"
                    VPOS="1673"
                    WIDTH="102"
                    HEIGHT="75"
                    WC="0.9999980926513672"></String>
          </TextLine>
          <TextLine ID="eSc_line_1df0f333"
                    TAGREFS="LT33"
                    BASELINE="348 1734 967 1755 1616 1763" 
                    HPOS="347"
                    VPOS="1696"
                    WIDTH="1269"
                    HEIGHT="89">
            <Shape><Polygon POINTS="348 1734 347 1758 1613 1785 1616 1763 1616 1733 1551 1720 1549 1720 1515 1727 1487 1719 1486 1719 1484 1719 1361 1726 1294 1714 1293 1714 1232 1723 1188 1714 1186 1714 1103 1720 972 1710 971 1710 934 1716 900 1707 899 1707 897 1707 848 1714 823 1704 822 1704 821 1704 718 1712 635 1702 633 1702 632 1702 606 1709 591 1699 589 1699 588 1699 587 1699 482 1706 460 1696 459 1696 458 1696 456 1696 441 1703 348 1699 348 1734"/></Shape>
            <String CONTENT="Rercker geſpeiſt, und dardurch zur ferneren Marter behertzt,"
                    HPOS="347"
                    VPOS="1696"
                    WIDTH="1269"
                    HEIGHT="89"
                    WC="0.999904512365659"></String>
          </TextLine>
          <TextLine ID="eSc_line_64d674eb"
                    TAGREFS="LT33"
                    BASELINE="214 1767 449 1795 1313 1811" 
                    HPOS="212"
                    VPOS="1737"
                    WIDTH="1101"
                    HEIGHT="96">
            <Shape><Polygon POINTS="917 1754 826 1764 740 1750 738 1750 669 1760 619 1753 618 1753 482 1755 412 1746 411 1746 361 1753 331 1740 330 1740 214 1737 214 1767 212 1795 391 1799 445 1815 446 1815 448 1815 497 1809 523 1818 524 1818 526 1818 611 1811 648 1821 649 1821 650 1821 737 1816 761 1823 762 1823 764 1823 765 1823 781 1816 831 1825 832 1825 833 1825 852 1818 876 1826 877 1826 879 1826 985 1823 1032 1831 1033 1831 1086 1819 1131 1832 1133 1832 1134 1832 1212 1822 1235 1833 1236 1833 1237 1833 1311 1823 1313 1811 1313 1775 1252 1772 1242 1763 1240 1763 1239 1763 1237 1763 1236 1763 1208 1774 1154 1761 1152 1761 982 1768 918 1754 917 1754"/></Shape>
            <String CONTENT="aͤnd emnes balden und gluͤckſerligen Tods vertroͤſtet hat."
                    HPOS="212"
                    VPOS="1737"
                    WIDTH="1101"
                    HEIGHT="96"
                    WC="0.9662738812380823"></String>
          </TextLine>
          <TextLine ID="eSc_line_509deb72"
                    TAGREFS="LT33"
                    BASELINE="364 1838 550 1849 1056 1859 1620 1859" 
                    HPOS="363"
                    VPOS="1801"
                    WIDTH="1257"
                    HEIGHT="82">
            <Shape><Polygon POINTS="364 1838 363 1859 449 1860 460 1869 462 1869 463 1869 465 1869 519 1862 533 1872 534 1872 536 1872 537 1872 818 1866 926 1876 927 1876 928 1876 955 1867 969 1876 971 1876 972 1876 974 1876 1012 1870 1022 1877 1023 1877 1025 1877 1195 1879 1196 1879 1253 1870 1279 1880 1280 1880 1281 1880 1375 1874 1498 1883 1500 1883 1619 1873 1620 1859 1619 1816 1481 1814 1480 1814 1479 1814 1477 1814 1459 1826 1391 1826 1341 1815 1340 1815 1232 1822 1203 1812 1202 1812 1201 1812 1140 1822 1101 1809 1100 1809 1099 1809 1097 1809 1062 1821 903 1821 821 1819 787 1808 785 1808 784 1808 782 1808 755 1816 740 1805 738 1805 737 1805 735 1805 670 1816 622 1816 608 1805 606 1805 605 1805 604 1805 602 1805 572 1815 541 1805 540 1805 538 1805 537 1805 513 1811 484 1802 483 1802 482 1802 435 1808 364 1801 364 1838"/></Shape>
            <String CONTENT="Als ſie nun zum drittenmal vor Gericht erſchinen, ſtand⸗"
                    HPOS="363"
                    VPOS="1801"
                    WIDTH="1257"
                    HEIGHT="82"
                    WC="0.9939568638801575"></String>
          </TextLine>
          <TextLine ID="eSc_line_d61e50c5"
                    TAGREFS="LT33"
                    BASELINE="214 1874 448 1897 568 1901 1616 1911" 
                    HPOS="212"
                    VPOS="1843"
                    WIDTH="1404"
                    HEIGHT="92">
            <Shape><Polygon POINTS="214 1874 212 1904 406 1907 476 1920 477 1920 540 1911 567 1923 568 1923 570 1923 571 1923 594 1916 619 1924 621 1924 622 1924 656 1917 673 1924 675 1924 676 1924 774 1918 822 1926 823 1926 825 1926 826 1926 839 1918 1064 1930 1066 1930 1067 1930 1090 1921 1123 1931 1124 1931 1125 1931 1127 1931 1152 1920 1174 1931 1175 1931 1250 1933 1252 1933 1296 1923 1318 1934 1320 1934 1321 1935 1411 1935 1411 1934 1412 1934 1440 1924 1613 1934 1616 1911 1616 1867 1605 1862 1603 1862 1602 1862 1601 1862 1599 1862 1572 1873 1537 1867 1535 1867 1534 1867 1513 1877 1483 1867 1481 1867 1480 1867 1436 1877 1389 1865 1388 1865 1386 1865 1311 1876 1169 1862 1168 1862 1074 1872 1047 1863 1046 1863 955 1862 954 1862 812 1869 757 1860 755 1860 724 1865 704 1856 703 1856 701 1856 597 1866 527 1856 526 1856 524 1856 503 1865 431 1846 429 1846 428 1846 401 1852 380 1845 378 1845 214 1843 214 1874"/></Shape>
            <String CONTENT="gaftig im Glauben verblieben, alle Unbild und Schmach fuͤr ein Lob"
                    HPOS="212"
                    VPOS="1843"
                    WIDTH="1404"
                    HEIGHT="92"
                    WC="0.9793118121046008"></String>
          </TextLine>
          <TextLine ID="eSc_line_a51be95c"
                    TAGREFS="LT33"
                    BASELINE="218 1921 270 1934 531 1952 1618 1964" 
                    HPOS="216"
                    VPOS="1897"
                    WIDTH="1402"
                    HEIGHT="87">
            <Shape><Polygon POINTS="216 1952 394 1955 524 1971 737 1974 738 1974 794 1967 823 1975 825 1975 921 1977 923 1977 924 1977 926 1977 941 1967 951 1974 952 1974 954 1974 955 1974 1097 1968 1185 1979 1186 1979 1188 1979 1218 1969 1235 1977 1236 1977 1237 1977 1301 1969 1331 1982 1333 1982 1334 1982 1413 1974 1443 1984 1445 1984 1446 1984 1497 1974 1540 1981 1541 1981 1616 1975 1618 1964 1618 1931 1549 1931 1487 1916 1486 1916 1337 1927 1279 1913 1277 1913 1276 1913 1274 1913 1242 1926 1215 1916 1213 1916 1212 1916 1211 1916 1189 1926 1123 1926 1091 1910 1090 1910 1089 1910 1087 1910 1060 1923 913 1911 911 1911 826 1920 802 1910 801 1910 799 1910 761 1916 707 1906 706 1906 704 1906 682 1917 648 1906 646 1906 645 1906 548 1916 514 1904 513 1904 511 1904 452 1914 419 1901 418 1901 219 1897 218 1921 216 1952"/></Shape>
            <String CONTENT="magenommen, ſeynd ſie ſammentlich Dionvlins. Ruſticus, und Eleu-"
                    HPOS="216"
                    VPOS="1897"
                    WIDTH="1402"
                    HEIGHT="87"
                    WC="0.9807203346863389"></String>
          </TextLine>
          <TextLine ID="eSc_line_6a2de350"
                    TAGREFS="LT33"
                    BASELINE="216 1971 450 1999 585 2005 1619 2018" 
                    HPOS="215"
                    VPOS="1945"
                    WIDTH="1404"
                    HEIGHT="95">
            <Shape><Polygon POINTS="981 1958 967 1958 952 1958 941 1958 940 1958 938 1958 917 1969 896 1960 894 1960 893 1960 891 1960 872 1969 801 1969 758 1955 757 1955 755 1955 704 1967 534 1957 533 1957 466 1962 435 1948 433 1948 432 1948 394 1957 377 1948 375 1948 374 1948 333 1955 316 1947 314 1947 216 1945 216 1971 215 2003 404 2008 458 2020 760 2025 761 2025 762 2025 764 2025 778 2016 835 2023 836 2023 872 2016 934 2025 935 2025 937 2025 965 2018 1016 2030 1018 2030 1019 2030 1194 2023 1235 2035 1236 2035 1237 2035 1317 2026 1462 2039 1463 2039 1464 2039 1488 2028 1525 2039 1527 2039 1528 2039 1530 2039 1549 2032 1616 2040 1619 2018 1618 1984 1517 1969 1515 1969 1514 1969 1470 1981 1428 1968 1426 1968 1425 1968 1423 1968 1386 1979 1297 1964 1296 1964 1240 1977 1203 1962 1202 1962 1201 1962 1199 1962 1165 1975 1100 1975 991 1958 981 1958"/></Shape>
            <String CONTENT="ſherius in der Bekanntnuß und Lob GOttes mit geſtumpſten Arten"
                    HPOS="215"
                    VPOS="1945"
                    WIDTH="1404"
                    HEIGHT="95"
                    WC="0.9948844544349178"></String>
          </TextLine>
          <TextLine ID="eSc_line_79793570"
                    TAGREFS="LT33"
                    BASELINE="219 2025 398 2046 562 2054 1616 2069" 
                    HPOS="218"
                    VPOS="1996"
                    WIDTH="1398"
                    HEIGHT="94">
            <Shape><Polygon POINTS="1201 2013 1199 2013 1198 2013 1167 2026 1089 2018 1087 2018 1042 2025 972 2012 971 2012 812 2020 778 2008 771 2008 767 2008 743 2018 609 2009 608 2009 606 2009 591 2016 219 1996 219 2025 218 2054 432 2059 463 2071 465 2071 466 2071 513 2063 551 2073 553 2073 554 2073 597 2067 852 2077 853 2077 855 2077 856 2077 869 2069 958 2080 960 2080 1021 2069 1080 2077 1082 2077 1168 2071 1296 2086 1297 2086 1464 2079 1574 2090 1575 2090 1576 2090 1615 2077 1616 2069 1616 2030 1599 2022 1598 2022 1596 2022 1595 2022 1593 2022 1575 2033 1547 2033 1496 2019 1494 2019 1493 2019 1491 2019 1459 2032 1357 2030 1284 2016 1283 2016 1281 2016 1255 2028 1202 2013 1201 2013"/></Shape>
            <String CONTENT="ruthauptet worden um das Jahr Chriſti 121. Ein Wunder⸗Ding."
                    HPOS="218"
                    VPOS="1996"
                    WIDTH="1398"
                    HEIGHT="94"
                    WC="0.9869496266720659"></String>
          </TextLine>
          <TextLine ID="eSc_line_9e555e59"
                    TAGREFS="LT33"
                    BASELINE="219 2074 355 2094 565 2105 1618 2118" 
                    HPOS="218"
                    VPOS="2050"
                    WIDTH="1400"
                    HEIGHT="91">
            <Shape><Polygon POINTS="218 2107 395 2110 551 2127 553 2127 612 2120 643 2128 645 2128 646 2128 714 2121 764 2130 765 2130 838 2124 896 2131 897 2131 899 2131 924 2124 974 2132 975 2132 1026 2122 1171 2137 1172 2137 1267 2130 1335 2138 1337 2138 1338 2138 1376 2128 1440 2141 1442 2141 1501 2131 1615 2137 1618 2118 1616 2073 1531 2083 1476 2076 1474 2076 1447 2081 1436 2073 1435 2073 1433 2073 1432 2073 1266 2079 1249 2067 1247 2067 1246 2067 1212 2066 1211 2066 1209 2066 1185 2077 1117 2074 1103 2064 1101 2064 1100 2064 1099 2064 1039 2074 992 2066 991 2066 917 2073 884 2060 883 2060 882 2060 880 2060 846 2071 760 2063 758 2063 635 2069 530 2054 528 2054 476 2066 421 2053 419 2053 389 2059 221 2050 219 2074 218 2107"/></Shape>
            <String CONTENT="er verſtorbene reib des heiligen Diony lii richtete ſich auf, erhebte mit"
                    HPOS="218"
                    VPOS="2050"
                    WIDTH="1400"
                    HEIGHT="91"
                    WC="0.9829623013326566"></String>
          </TextLine>
          <TextLine ID="eSc_line_01c0db72"
                    TAGREFS="LT33"
                    BASELINE="212 2130 354 2147 655 2159 1178 2169 1613 2165" 
                    HPOS="211"
                    VPOS="2098"
                    WIDTH="1402"
                    HEIGHT="108">
            <Shape><Polygon POINTS="212 2130 211 2164 364 2166 439 2181 441 2181 442 2181 466 2172 490 2181 492 2181 493 2181 494 2181 523 2171 581 2175 621 2193 622 2193 623 2193 904 2183 968 2199 969 2199 971 2199 1083 2191 1125 2202 1127 2202 1237 2203 1239 2203 1240 2203 1274 2193 1364 2206 1365 2206 1477 2202 1479 2202 1518 2186 1610 2186 1613 2165 1610 2124 1483 2124 1481 2124 1429 2134 1384 2120 1382 2120 1381 2120 1320 2132 1253 2125 1252 2125 1192 2131 1161 2120 1159 2120 1158 2120 1157 2120 1128 2130 1103 2121 1101 2121 1100 2121 960 2127 935 2115 934 2115 933 2115 931 2115 897 2124 831 2113 829 2113 828 2113 782 2124 717 2111 716 2111 714 2111 680 2121 511 2121 401 2101 353 2101 351 2101 350 2101 331 2111 310 2100 309 2100 212 2098 212 2130"/></Shape>
            <String CONTENT="einen Haͤnden von der Erden ſein Haupt, ſo ihme der Scharffrichter"
                    HPOS="211"
                    VPOS="2098"
                    WIDTH="1402"
                    HEIGHT="108"
                    WC="0.9951606898596792"></String>
          </TextLine>
          <TextLine ID="eSc_line_6c37e204"
                    TAGREFS="LT33"
                    BASELINE="1490 2216 1610 2212" 
                    HPOS="1487"
                    VPOS="2174"
                    WIDTH="123"
                    HEIGHT="59">
            <Shape><Polygon POINTS="1490 2216 1490 2233 1610 2233 1610 2212 1606 2174 1487 2185 1490 2216"/></Shape>
            <String CONTENT="abge⸗"
                    HPOS="1487"
                    VPOS="2174"
                    WIDTH="123"
                    HEIGHT="59"
                    WC="0.9999972343444824"></String>
          </TextLine>
        </TextBlock>
        <TextBlock HPOS="17"
                   VPOS="1128"
                   WIDTH="95"
                   HEIGHT="973"
                   ID="eSc_textblock_dc160740"
                   TAGREFS="BT42">
          <Shape><Polygon POINTS="65 1128 106 1150 112 1320 83 2101 56 2101 73 2063 45 2056 17 1954 17 1723 39 1665 17 1534 17 1462 34 1455 22 1281 39 1247 17 1162 65 1128"/></Shape>
          <TextLine ID="eSc_line_68d7dd41"
                    TAGREFS="LT33"
                    BASELINE="24 1193 92 1189" 
                    HPOS="24"
                    VPOS="1140"
                    WIDTH="68"
                    HEIGHT="67">
            <Shape><Polygon POINTS="24 1180 24 1193 24 1207 92 1207 92 1189 85 1140 31 1156 24 1180"/></Shape>
            <String CONTENT="alſo"
                    HPOS="24"
                    VPOS="1140"
                    WIDTH="68"
                    HEIGHT="67"
                    WC="0.9999951422214508"></String>
          </TextLine>
          <TextLine ID="eSc_line_7c870aab"
                    TAGREFS="LT33"
                    BASELINE="63 1241 83 1240" 
                    HPOS="59"
                    VPOS="1204"
                    WIDTH="24"
                    HEIGHT="54">
            <Shape><Polygon POINTS="63 1241 65 1258 83 1252 83 1240 79 1204 59 1206 63 1241"/></Shape>
            <String CONTENT="."
                    HPOS="59"
                    VPOS="1204"
                    WIDTH="24"
                    HEIGHT="54"
                    WC="0.9998557567596436"></String>
          </TextLine>
          <TextLine ID="eSc_line_e0495945"
                    TAGREFS="LT33"
                    BASELINE="55 1291 89 1291" 
                    HPOS="55"
                    VPOS="1245"
                    WIDTH="34"
                    HEIGHT="58">
            <Shape><Polygon POINTS="55 1291 55 1303 89 1303 89 1291 87 1245 55 1248 55 1291"/></Shape>
            <String CONTENT="ir"
                    HPOS="55"
                    VPOS="1245"
                    WIDTH="34"
                    HEIGHT="58"
                    WC="0.9946037828922272"></String>
          </TextLine>
          <TextLine ID="eSc_line_eb35bf76"
                    TAGREFS="LT33"
                    BASELINE="35 1337 95 1340" 
                    HPOS="34"
                    VPOS="1296"
                    WIDTH="61"
                    HEIGHT="65">
            <Shape><Polygon POINTS="35 1337 34 1361 93 1356 95 1340 93 1296 35 1301 35 1337"/></Shape>
            <String CONTENT="hat"
                    HPOS="34"
                    VPOS="1296"
                    WIDTH="61"
                    HEIGHT="65"
                    WC="0.9998411734898885"></String>
          </TextLine>
          <TextLine ID="eSc_line_94806b63"
                    TAGREFS="LT33"
                    BASELINE="29 1393 95 1393" 
                    HPOS="29"
                    VPOS="1356"
                    WIDTH="66"
                    HEIGHT="55">
            <Shape><Polygon POINTS="29 1386 29 1393 29 1411 95 1405 95 1393 93 1356 36 1360 29 1386"/></Shape>
            <String CONTENT="uang"
                    HPOS="29"
                    VPOS="1356"
                    WIDTH="66"
                    HEIGHT="55"
                    WC="0.999990314245224"></String>
          </TextLine>
          <TextLine ID="eSc_line_f1f16b67"
                    TAGREFS="LT33"
                    BASELINE="42 1438 93 1438" 
                    HPOS="42"
                    VPOS="1401"
                    WIDTH="51"
                    HEIGHT="62">
            <Shape><Polygon POINTS="42 1438 42 1462 92 1463 93 1438 93 1401 42 1401 42 1438"/></Shape>
            <String CONTENT="die"
                    HPOS="42"
                    VPOS="1401"
                    WIDTH="51"
                    HEIGHT="62"
                    WC="0.9999860127766927"></String>
          </TextLine>
          <TextLine ID="eSc_line_2414939e"
                    TAGREFS="LT33"
                    BASELINE="51 1541 85 1537" 
                    HPOS="45"
                    VPOS="1493"
                    WIDTH="40"
                    HEIGHT="63">
            <Shape><Polygon POINTS="51 1541 52 1556 85 1554 85 1537 77 1493 45 1499 51 1541"/></Shape>
            <String CONTENT="le"
                    HPOS="45"
                    VPOS="1493"
                    WIDTH="40"
                    HEIGHT="63"
                    WC="0.9998803734779358"></String>
          </TextLine>
          <TextLine ID="eSc_line_387b9dfc"
                    TAGREFS="LT33"
                    BASELINE="49 1591 85 1588" 
                    HPOS="45"
                    VPOS="1549"
                    WIDTH="40"
                    HEIGHT="59">
            <Shape><Polygon POINTS="49 1591 49 1608 85 1608 85 1588 79 1549 45 1553 49 1591"/></Shape>
            <String CONTENT="et"
                    HPOS="45"
                    VPOS="1549"
                    WIDTH="40"
                    HEIGHT="59"
                    WC="0.9999759197235107"></String>
          </TextLine>
          <TextLine ID="eSc_line_3bed483b"
                    TAGREFS="LT33"
                    BASELINE="36 1646 85 1643" 
                    HPOS="34"
                    VPOS="1600"
                    WIDTH="51"
                    HEIGHT="68">
            <Shape><Polygon POINTS="36 1646 36 1668 85 1660 85 1643 79 1600 34 1601 36 1646"/></Shape>
            <String CONTENT="ch⸗"
                    HPOS="34"
                    VPOS="1600"
                    WIDTH="51"
                    HEIGHT="68"
                    WC="0.9999733765920004"></String>
          </TextLine>
          <TextLine ID="eSc_line_0265784c"
                    TAGREFS="LT33"
                    BASELINE="18 1746 86 1743" 
                    HPOS="17"
                    VPOS="1704"
                    WIDTH="69"
                    HEIGHT="60">
            <Shape><Polygon POINTS="17 1720 18 1746 18 1764 86 1754 86 1743 82 1704 19 1712 17 1720"/></Shape>
            <String CONTENT="zen⸗"
                    HPOS="17"
                    VPOS="1704"
                    WIDTH="69"
                    HEIGHT="60"
                    WC="0.9999872446060181"></String>
          </TextLine>
          <TextLine ID="eSc_line_df22ceaa"
                    TAGREFS="LT33"
                    BASELINE="31 1792 79 1789" 
                    HPOS="28"
                    VPOS="1751"
                    WIDTH="51"
                    HEIGHT="64">
            <Shape><Polygon POINTS="31 1792 31 1815 79 1806 79 1789 75 1751 28 1754 31 1792"/></Shape>
            <String CONTENT="er"
                    HPOS="28"
                    VPOS="1751"
                    WIDTH="51"
                    HEIGHT="64"
                    WC="0.9999686479568481"></String>
          </TextLine>
          <TextLine ID="eSc_line_e4338f90"
                    TAGREFS="LT33"
                    BASELINE="26 1894 79 1889" 
                    HPOS="21"
                    VPOS="1848"
                    WIDTH="59"
                    HEIGHT="66">
            <Shape><Polygon POINTS="26 1894 28 1914 66 1914 66 1913 68 1913 69 1913 80 1903 79 1889 72 1848 21 1850 26 1894"/></Shape>
            <String CONTENT="ern"
                    HPOS="21"
                    VPOS="1848"
                    WIDTH="59"
                    HEIGHT="66"
                    WC="0.9999881585439047"></String>
          </TextLine>
          <TextLine ID="eSc_line_eb9c9bed"
                    TAGREFS="LT33"
                    BASELINE="24 1944 80 1940" 
                    HPOS="21"
                    VPOS="1897"
                    WIDTH="59"
                    HEIGHT="63">
            <Shape><Polygon POINTS="24 1944 24 1960 80 1955 80 1940 75 1897 21 1907 24 1944"/></Shape>
            <String CONTENT="dgs"
                    HPOS="21"
                    VPOS="1897"
                    WIDTH="59"
                    HEIGHT="63"
                    WC="0.9998425841331482"></String>
          </TextLine>
          <TextLine ID="eSc_line_ef0af902"
                    TAGREFS="LT33"
                    BASELINE="48 2037 80 2035" 
                    HPOS="39"
                    VPOS="1944"
                    WIDTH="41"
                    HEIGHT="115">
            <Shape><Polygon POINTS="48 2037 49 2059 80 2049 80 2035 70 1944 39 1948 48 2037"/></Shape>
            <String CONTENT=":"
                    HPOS="39"
                    VPOS="1944"
                    WIDTH="41"
                    HEIGHT="115"
                    WC="0.9993823766708374"></String>
          </TextLine>
        </TextBlock>
      </PrintSpace>
    </Page>
  </Layout>
</alto>
