1939 2441
417 141 99 63 102

986 146 341 73 23 (0) L2g-

572 192 1238 87 zn borbemeltem 152oſten Jahr haben die noch Catholiſche

409 248 1398 78 Goldſchmid allhie, in unſers Cloſters Pfarr⸗Kirchen ad S. Ruperton

405 298 1395 78 einen Altar mahlen und ſetzen laſſen. Iſt ein kuͤnſtliches Gemaͤhl, un

407 344 1392 89 darff ſich gegen allen in der Stadt wohl ſehen laſſen. Der Meiſte

408 397 1043 89 hat ſein Nahmen in folgenden Buchſtaben beygeſetzt:

1054 494 111 99 M

546 676 1227 73 Sonſten hatte ſich bey unſerm Cloſter vor dem Schwediſaͤ

405 724 1371 77 Krieg von gedachten Goldſchmiden ein verehrte Silber⸗ und Kunſtri

401 775 1326 76 che Monitranzen, von zimlicher Hoͤhe befunden, die man aber

407 824 1331 83 andern Silber, von unſer Kirchen zur Weinmariſchen Ranzion

397 873 308 89 geben muͤſſen.

540 912 1204 90 Anno r521. zoge Hertog Ferdinand Kayſer Carl des funs

402 975 1347 80 Bruder, das erſte mahl allhie ein. Da unterſtunden ſich etliche⸗

401 1026 1331 77 nach der Aufruhr vor 7. Jahren ausgeſchafft, und denen mar

405 1078 1326 74 Stadt verbotten, oder die aus Forcht ſelbſt entloffen, mit dieſer

402 1130 1323 70 legenheit herein zu kommen. Es halff ſie aber nit, ſie wurdenn

400 1177 1285 76 ausgeſchafft mit Weib und Kind, ſo bißhero herinn verbliben.

402 1227 1309 72 Weiber moͤchten zwar wohl aus⸗ und einziehen, und zu ihren G

400 1278 1332 75 ſehen, biß die Maͤnner ſturben, aber allhie nit uͤber Nacht bleiben-

537 1333 1178 86 Den 7. Junii in der Nacht verdran denen Auguſtinern

398 1373 1006 86 Praͤuhauß, und war ein groß erſchroͤckliches Feur.

538 1429 1174 77 Die ausgetriebene Zuden beklagten ſich bey dem Kayſer.

1721 1398 48 81 n

398 1480 1334 74 Fuͤrſten wider hieſige Stadt. Faͤr ibre Schaͤden wurden ihnen zuere,

400 1531 1270 75 2500. fl. dem HHauß Deſterreich fur alle Nutzungen auf ewig

1750 1503 35 68 s.

396 1583 1286 70 Die Stadt wolte, es ſolten die Geiſtlichen einen Beytrag thun⸗

1713 1559 71 71 De.

393 1631 1312 72 Clerus beſchwert ſich deſſen. Der Kayſerliche HHauptmann un

1736 1605 45 63 eit

392 1680 1321 103 ehrſamer Ratd ueſſen es dermadien gelten. () Die Lurger ad⸗

1738 1700 42 72 ol

1700 1847 63 54 enl.

427 1871 1252 64 () R P. Criſtopkorus Hosaann erzehler in ſemer Hiſtorie: de Epiſcepir Ratisd

1715 1883 66 54 hatte

459 1912 1209 59 Abbaribus ad S. Emmeramum, daß die Stadr Regenſpurg, weilen ſende nir Geio ge

1706 1917 72 56 ncate

461 1946 1218 63 die Hfand/ ſo denen Zuden gegeben worden, anszuloſen, (der Wenh ware auf s0co

1682 1974 38 80 ,

1740 1956 28 49 r

465 1988 1193 62 geſchaͤtzet: FI. Aureor um millia,) ſo babe ſie von der Griſtlichteit emen Geytrag

458 2024 1229 58 von dem Cloſter S. Emmerami allein 1000. Dncaten degehret. Die abſchlagige Anrwol

1732 2021 53 80 e-

464 2059 1173 101 EAnar ⸗⸗aEert. Dtn E wadns n zwad wr d Eo⸗

461 2106 118 55 andertt.
