1935 2499
366 244 100 57 286

866 238 402 68 as23 (O) 22g-

500 288 1264 75 Der Kayſer vertheilt Bayrn in zwey Hertzogthum. Was ober

366 337 1395 87 der Ennß lag biß an den Wald bey Paſſau (das Roſenthal genannr

366 394 1388 71 wurde zu der Marck Oeſterreich gelegt, aus einem Lehen, frey, un

366 444 1392 80 zu einem hoch⸗privilegirten Hertzogthum gemacht, und Heinrico den

368 495 1385 74 XI. gegeben. Heinrico Leoni aber ſeinem Stieff⸗ Sohn eignet er ſei

368 545 1387 79 Erbland Bayrn zu, allhie in Beyſeyn vieler hohen Fuͤrſten und Herrn

369 594 1386 80 und dero groſſen Belieben und Gefallen. Anno 1177. nach den

368 645 1379 79 reinricus Leo die Poſleſlion in Bayrn bekame, hielte er allhie ein Lanl

372 699 1374 82 tag, und ordnete vil Guts. Anno 1160. wurde die heilige Mechtl

372 749 1367 82 dis Berchtoldi Graffen von Andechs Tochter, F. Ottonis Bambergen

370 802 1349 78 leibliche Schweſter Abbtißin zu Dieſſen in das Cloſter Ediſtetter

373 851 1367 79 Schwaben zu regieren erfordert. Dieweilen wegen deſſen Gereck

376 898 1363 83 ſame ein Streitt entſtunde, iſt ſelbigen beyzulegen von Kayſer Hi⸗

372 951 1351 83 rico ſie allhero citirt, und nach erhaltenen Urtheil zur Kayſerlis

376 1007 1347 71 Taffel, eintweders wegen bekannter HHeiligkeit oder Blut⸗Verwa

1707 1046 15 48 6

372 1055 1358 82 ſchafft eingeladen worden. Bey welcher ſie continuirlich das von 9

379 1106 1303 83 gend auf gewohnte Brunnen⸗Waſſer begehrt, ſo aber bey dieſer

373 1157 1314 77 fel dreymahl in Wein wunderlich veraͤndert worden. HHatte

372 1210 1322 78 heimliche Offenbahrungen, und bey ihren Hintritt Anno 1162.)

372 1266 529 72 man ein Engliſche Muſic.

502 1357 1212 82 Biſchoff Hartwig fuͤhrete einen Loͤwen, und gab einen gar

373 1411 1323 82 Waid⸗Mann ab. Hertzog Heinrich wolte diß, als ein ungen

376 1468 1285 70 liche Sach, nit leyden, bemaͤchtigte ſich Anno 1161. des &e

379 1518 1304 71 Chonau⸗Srauff, und anderer des Gtiffts Guͤter. Dieweilei

379 1568 1265 71 Regenſpurg dazumahl die groͤſte Stadt im Reich, und alſo ſehr

379 1620 1258 72 reich ware, bediente ſich der Biſchoff einiger ſehr willigen?

376 1671 1274 71 theils aber waren auf des HHertzogs Geiten. Es haͤtte eine.

376 1722 1265 70 abgeben, wann nit der Stritt in Guͤte durch anſehnliche

376 1770 1246 77 Leuth, als ſonderbar durch S. Eberbard, Ertz⸗Biſchoffen ;

376 1827 1210 70 burg, waͤre beygelegt worden. Anno 1172. haltet Kauſer

1697 1845 53 61 ut

386 1872 1272 78 allhie einen Reichs⸗ Tag, laſſet den Boͤhmiſchen Furſten Uiad

1711 1899 19 58 le

379 1927 1280 72 zu einem Koͤnig croͤnen, und an ſtatt eines ſchwartzen Adlers

379 1978 1271 79 er ihme einen weiſſen Loͤwen mit einem zertheilten Schweift u

379 2029 408 81 rothen Feld fuͤhren.

1846 306 79 75 Ede

1848 363 71 63 diel

1848 420 66 68 noͤ

1847 562 82 79 ſtein

1851 623 72 55 Anr

1850 674 69 64 auf

1853 721 61 63 teg

1857 763 59 72 Se

1854 817 68 71 Ob

1858 869 65 70 Hof

1858 1009 60 79 at,

1858 1066 46 72 del

1855 1120 24 58 n

1858 1167 64 78 ichi

1862 1371 56 64 en

1853 1425 68 63 den

1862 1473 46 65 de

1864 1518 44 67 in

1865 1616 50 70 2o

1862 1764 41 64 ei

1857 1815 57 70 ſta,
