1935 2499
945 205 391 79 252S (O) E-

429 217 98 57 272

425 261 1398 66 Clauſen einſchlieſſen, lebte ſtreng, und in groſſer Andacht. Wurde

429 310 1387 73 von S. Mariano Scoto offt heimgeſucht. Sturde in Ruhm der Hei

426 360 972 70 ligkeit, und wurde zu Ober⸗Muͤnſter begraben.

570 409 1246 74 ſoannes der begab ſich in Oeſterreich in ein Clauſen. Clemen.

426 459 1388 71 iſt in einer Pilgerfarth gen Jeruſalem geſtorben. Candidus. Domini

426 512 1388 72 cus der letzte Regent zur UVerb Sr. Derer. Donatus, Magnaldo

423 565 1385 68 und Ilaac, der hat 120. Jahr gelebt. Sanctinus hat mit Heiligkeit de

420 610 1387 73 Lebens ſeinen Nahmen erfullet, iſt mit 22. ſeines Ordens⸗ und Na

422 663 1385 72 tions⸗Bruͤdern in das neue von Hertzog HHainrich zu Wienn erbaul

420 712 1387 72 Benedictiner⸗Cloſter der Schotten Anno 1155. beruffen worden

419 763 1385 89 B. Gregorius iſt vom hieſigen Schotten⸗Cloſter nach Wuͤrgburg

419 813 681 65 fordert, und allda Abbt worden.

557 862 1218 72 Anno 1118. iſt das vor dem entſtandenen Luterthum berub

415 913 1353 74 geweſte, nunmehr aber an Gebaͤuen faſt allerdings, und an ſei

416 966 1388 71 Renten ſehr abkommene Cloſter Reichenbach, am Regzen ligend

408 1013 1385 75 auf Begehren Frau Leilardis, gebohrnen Graͤfin von Caſtl, von dei

413 1066 1384 73 Sohn Diepolr, Marggrafen zu Vohburg, und ſeiner Gemahel Ade.

412 1114 1381 77 heir, fuͤr den Orden S. Benedicti erbauet und geſtifft, daſſelbe aul

411 1164 1376 75 Anfangs mit Moͤnchen aus dem Cloſter Caſtl beſetzt, und aus ihn

409 1216 1377 73 der erſte Abbt, Nahmens Hittigo, aufgeſtellet worden; bey welcht

408 1263 1385 72 Orden es beſtaͤndig bis auf beſagt eingeriſſenen Lurheraniſmum ve.

407 1311 1364 78 blieben. Welcher Geſtalten deſagtes Cloſter hinnach wiederum an i

412 1364 1378 77 ſeren Orden, und defſelben Adminiſtration, an mein Abbtens Cœle

409 1416 1331 77 ſtini zu S. Emmeram Perſohn kommen, hiervon wird unten im

409 1466 1325 73 Capitel Meldung geſchehen. Aus dem Cloſter Reichenbach iſ

407 1516 1377 76 erſte Abbt zu Eral worden, Fridericus Hainrich Reuter. Gedac

408 1564 1363 81 ter Diepolr war auch ein Stiffter des Benedictiner⸗Cloſters ruͤnc

407 1614 1357 79 Huͤnſter, zwiſchen Vobburg, und TTeuſtadr, ſo in priori ſec.

407 1661 1339 84 denen PP. Soc. IElu geben worden. Item der vortreſlichen Ab.

412 1713 1097 75 TDaloſachſen, in der Obern Pfaltz, Ordinis Ciſterc.

543 1767 1186 82 Anno 1121. hat ſich an St. Michaels⸗Tag zu Wuͤrtzbur.

1746 1817 15 57 i

404 1818 1275 79 Reichs⸗Tag angefangen, in welchem man tractiren ſollte, von

409 1868 1324 81 tung eines beſtaͤndigen Friedens in Roͤmiſchen Reich; der hat ſich

402 1918 1360 82 auf Regenſpurg gezogen, und den Anfang an Aller Heiligen Fag.

1746 1965 33 52 et

408 1972 1306 79 nommen, um Willen gar wenig Fuͤrſten allhero kommen wo

1757 2007 30 56 ii

401 2017 1339 86 Heinricus I, Velghonis U. Bruder, nen⸗ regierender Hertzos

1646 2075 76 60 Be
