1959 2500
40 298 82 60 ein⸗

37 344 81 61 mit

33 395 80 70 Flan

754 230 329 70 i8 (0) Log-

1506 240 94 54 271

202 288 1395 78 Fegen Cedirung 9. Jochart Feld, bey 2o. andere eingeraumet. (c) In

204 345 1393 71 dem ob⸗ angezogenen Reichs⸗ Tag befande ſich neden anderen Uladis-

201 395 1399 73 aur aus Boͤhm, Borivojus bediente ſich der guten Gelegenheit, und

205 447 1394 73 famme entzwiſchen mit Haͤlff Boleslai, Koͤnig in Pohlen, Prag ein.

218 497 1385 71 leinricus wurde deſſen bericht, ciriret Borivozum, namme ihn ge⸗

207 544 930 74 fangen, und ſetzte Vladislaum in Boͤhmen ein.

316 597 1294 71 Anno 1110. hielte Kayſer Hainrich einen gewalrigen Reichs⸗

216 648 1388 71 zag wiederum allhie, der fieng an den 10. Fenner, wordey faſt alle

213 698 1386 72 Staͤnd des Reichs erſchienen, zu berathſchlagen eine Reis nacher Rom⸗

209 734 98 68 Awo

320 752 1280 68 der Kayſer ſich wollte croͤnen laſſen, und die Gach wegen Emn⸗

212 781 63 74 md

290 801 1313 74 Abſetzung deren Biſchoͤffen richten. Jedermann haͤrte Luſt zu die⸗

209 827 57 78 en

286 852 1318 66 Zug, und wie Otto Friſing. ſchreibet, waren der Reuter allei

234 904 1367 66 ſooco. Dem Payſt Palchali war die Viſita nicht annehmiich, ſon⸗

222 954 1381 68 etdar weilen den s. Junii ein Comer-Stern mit Jedermanns Schroͤ⸗

219 980 60 72 ten

294 1005 1310 70 ich ſehen ließ, ruͤſtete ſich derohalben auf dem Weeg, kunr ooch

212 1030 82 76 uche

311 1058 1295 65 verhutten, daß er von Heinrico nicht gefangen ward. Von

252 1094 56 62 es

320 1104 1287 71 Kayſers uͤblen Leben, und unloͤblicher Regierung, ſoll ich da⸗

219 1155 1382 71 dnen weiters nicht melden, audieweilen meinen Propoliro zu Folg,

222 1193 58 75 n

280 1208 1246 69 ihme in Regenſpurg nichts Denckwuͤrdiges gehandlet worden.

216 1273 52 78 br

327 1256 1280 71 In dem 22. Capitul iſt der Fundation des Cloſters S. ſacobi

286 1308 1321 64 te Gchottlaͤnder gedacht worden. Es hat aber dieſer Fundarion

294 1361 1309 65 Anfang gemacht Anno 1111. Herꝛ Graf Otto von Riedenburg,

236 1388 52 66 ur

308 1409 1298 64 ⸗Graf allhie, Heinrich ſein Bruder, und Bertba deſſen Gemahl,

225 1434 36 67 w

293 1455 1318 70 ochter Hertzog Leopolden aus Oeſterreich, worinn ſie auch hat

220 1504 1388 75 slen begraben werden. Es halffen darzu Frau Leidgard, Graͤfin

218 1540 62 62 Ndy

297 1561 1311 68 Dogen. Gundacker und WDehrner, Grafen von Laber; und

229 1608 1384 75 ſtederich, Graf von Frontenbauſen. Von hieſigen Burgern: Ma-

222 1636 53 64 de

313 1666 1297 56 Anebald, Rudbertus, Vizebinus, Udalricus, Orto, Baldvvi-

218 1677 61 77 nn

318 1715 1289 62 Siermarus, Adihardus, Helelinus, Ludvvinus, Engilſcalcus;

230 1738 71 64 tem

315 1763 1298 67 Anno 1720. German Branner. Von der Gcorilchen Nation

230 1811 1381 76 zwen unterſchiedliche heilige Leuth allhero; unter anderen der B. Mur-

220 1859 1394 79 crrachus, der bieſſe ſich zu Ober⸗ Muͤnſter in ewige Einoͤde oder

1432 1923 182 86 Ciauſen

18 495 104 68 ening

70 545 41 64 5t

22 597 86 68 einrl

19 648 99 72 hat.

23 698 93 65 vielel

37 744 74 72 chlal

51 804 43 61 ne.

43 844 61 74 eil

29 900 77 72 dene

51 1002 51 63 uet

75 1095 30 73 2

37 1595 63 67 die⸗

66 1843 27 54 ,

34 1893 54 69 nni

251 2095 1362 68 Eonrilegium Pruͤſtingenle, vig. 11. Elehe was unter Regindarat Adtens Aegerug zuvor

286 2123 37 50 pa

358 2141 1255 63 259 gemeldet worden. Iden Donage tom. IV. Lectionum Henrici Canilus de

279 2156 360 85 2. Erminoldo. vag. 12.
