1991 2551
787 232 330 91 28 (9) 82

636 352 606 127 CAPUTXI

225 454 1410 166 Von S. Volkgangs Elteren, Geburt, und

772 588 257 90 Jugend.

364 671 1268 119 Eil des heiligen Woifgangs Leben von dielen, abſonderlich von

389 738 1244 106 Surio weitlaͤufftig ſchon vorhin beſchriben worden, ſoll es all⸗

238 787 1394 104 Te⸗ hie um der Kuͤͤrtze willen mit wenigen entworffen werden.

219 823 1411 126 Dieſer Heilige kommt aus dem uralten Geſchlecht der Grafen von Pfu⸗

219 881 1416 120 ſingen, deſſen Frau Mutter aber Gertraut mit Nahmen, war ein

221 931 1406 120 Braͤfin von Feringen. Dieſer frommen Frauen, als ſie mit dem

219 980 1410 116 SOtt gefaͤlligen Kind S. Voltgang ſchwanger gieng, kame in einen

221 1034 1405 116 Deſicht vor, als truge ſie einem Stern in ihrem Leib (ſo ein gewiſſes

309 1089 1313 112 igen groſſer Heiligkeit war,) er wurde gedohren auf dem Schloß

216 1133 1406 115 Ahalm naͤchſt bey der Reichs⸗Stadt Reitlingen in Wuͤrtenberg (Doct.

224 1176 22 72 6

275 1189 1350 113 hwarrh will zu Veleoder TLelenburg) und im heiligen Tauff Voik-

212 1235 1411 124 gangns genannt, mit ſieben Jahren thaͤte man ihn in das vornehme

212 1286 1414 129 fenedictiner⸗Cloſter Reichenaw, allwo er ſowohl in Tugenden als

208 1333 562 91 Kunſten unterwieſen wurde.

334 1393 1288 109 In allem erzeigte ſich der Knab gantz willig, zuͤchtig und ſcharf⸗

199 1432 1417 124 ſinnig, alſo daß ſich jedermann darob verwunderte, und Lieb zu ihm

204 1485 1411 122 zewanne, abſonderlich aber Sainrich damalig Wuͤrtzdurgiſcher Bi⸗

202 1533 1420 143 ſchoff Poponis Bruder, der ihm auch nacher Wurtzdurs zu ſich zu rei⸗

940 1622 32 84 6

1541 1655 78 61 ſen

1584 272 62 68 22

282 1758 1330 119 Anmerckung. Due Anſe Pebens.Peſcredbung von S. Wollgengo in Zwuſels oln duſegr,

265 1798 82 48 Welch

263 1838 80 42 part⸗

404 1818 1205 95 gelehrte Mabillonius in ſeinen ACtit Sanctorum Ord. S. Benedicti ad Sœculum V.

398 1850 1217 102 pag. 811. & ſena. aus einem alten Manulcripto, ſo er von dem derͤhmten Etiffe

266 1879 1346 112 Einſidlen adertommnen, vorzziget. Dleſe Hiſtone hat uner gelchruden, welcher mt Wolszan-

265 1918 28 44 ze

343 1926 1263 102 dſten gelebt, wie ſolches ans dem Manuleripto klar erhelet. Unſer Arnoldus Monchu-

263 1962 1352 105 m eilniten Sœculo, har gleichfauls von dem heiuigen Wolkzango erzehlet und geſchrieden, wre

258 1992 1352 109 ſolches in Henriei Canilii Lctionidus Anticnis, dey Besnage. tom. III. pag. 120. & ſqo.

256 2030 1357 110 in leſen. Arnoldus hat gleichſam Ne Wort deszenigen, ſo obiges Leden beſckrieben, gebraucht,

265 2066 1345 108 obnrohlen er auch vielrs ven andern, ſo Wolkganzum allhier m Regenſourg getenner, ſeldtten

259 2104 1351 104 Sernommen. Orhlonus, ſo auch in eilfften Surculo, als Noͤnch zu Er. Emmeram geledt,,

253 2140 1360 116 Ar gluchſous von S. Wolkeu grſchrutdrn, wu deſſin Menulerirrun dezmget. Dtrm Sa,

246 2166 394 84 cius, Rꝛdrrer, Hondio.
