1935 2499
366 211 102 70 280

918 216 329 69 AS (0) 2e9

368 266 1398 76 Reichs⸗Tag auf Augſpurg. Der Hertzog kam auch hinauf, aber nit

369 322 1389 70 Kriegs⸗Macht, als die Stadt zu belaͤgeren. Dieweil der nene Kay

370 370 1384 77 ſer da kein Ruhe haͤtte, zoge er mit wenigen heimlich darvon, und he

376 423 1379 75 ſchriebe einen Reichs⸗ Tag auf Wuͤrtzburg, allwo der Hertzog als ei

370 476 1387 72 widerſpenniger Stand des Reichs, und Feind des Kayſers geurtheit

372 530 1378 66 und offentlich ausgeruffen wurd, wie auch hernach zu Goßlar in Gad

372 578 1311 71 ſen des Fuͤrſtenthums gantz entſetzt, und in die Aacht erklaͤrt. 9

368 627 1383 75 derlich, der von Lotbario alſo bereicht, von ſich ſelbſten ausgabe: da

368 683 1378 66 er herrſche von einem HDeer zu dem andern ꝛc. wurd gaͤhling von I

369 731 1347 77 dermann verlaſſen, gab die Flucht, und beſchloß ſein Leben im E.

366 783 264 59 Anno 1129.

375 878 1365 74 Fluß, welcher bey denen Alten Griechiſch⸗ und Lateiniſchen Scribente

509 816 1238 89 Der Stadr Regenſourg gibt ein gar groſſe Zierd der Fhonor

370 930 1334 76 allzeit hoch aſtimirt worden, und nit unbillich unter die Koͤnig

372 981 1322 78 Fluͤſſen zu rechnen, weil ſelber in die 6o. Schiffreiche Waſſer mi

373 1034 1343 76 in das Meer durch 7. unterſchiedliche Ausgaͤng fuͤhret, wie neben

369 1082 1135 98 dern der Dayriſche deridenr Merellus von dieſem meldet:

695 1163 566 87 Danndder Reour darar Re-

701 1241 606 68 Fert ratibus decies Duces Fer.

698 1303 563 78 Feptifdnsgue Tbetin coronat-

951 1411 243 80 Das iſt:

693 1504 740 87 Die Chonan reich ein Roͤnig iſt,

694 1566 640 81 Uber 6o. Fluͤß zn aller Friſt,

744 1622 764 92 Die mir ihm reiſen weit und ſerr,

741 1688 734 86 Durch 7. Gaͤng biß in das HVeer.

494 1778 1165 96 Dieſer Fluß wird alhie durch Wehr und Schlachten

1694 1771 49 68 ze

362 1847 1307 74 Stadr gezwungen, ſonſten er davon declinirte; dahero das Rat

1707 1831 36 55 et

361 1896 1250 80 und Getoͤß, ſo der Zwang verurſacht, deſto groͤſſer. Dieſes.

366 1945 1274 79 ten koſtet die Stadt ſehr viel; weil man aller Orthen, ſo viel

1662 1883 68 71 lach

358 1993 1295 78 berechtigt, kein Fleiß oder Unkoſten ſpahret, dem offt wutenden

366 2040 1318 84 z begeanen, und groſſe Schaden zu verwehren. An denen Geſt⸗

356 2094 1292 88 oder Waſſer⸗Thor hat man faſt taͤglich zu⸗ und abfahrende Len

1696 2079 40 64 oi

1869 279 59 52 alle

1872 317 26 66 6

1869 370 20 60 d

1866 424 62 61 me.

1866 469 55 73 uni

1862 566 67 78 ſehr

1864 624 61 66 len

1864 670 61 69 Fur

1866 721 55 77 dei

1862 788 61 56 Aue

1865 834 54 57 ner

1865 876 58 66 ten

1865 973 33 64 b

1865 1128 51 64 ner

1859 1216 56 75 nit

1857 1273 65 76 gro

1857 1374 62 71 hat

1880 1454 9 32 ,

1854 1471 57 67 zu

1859 1523 55 73 ſen

1869 1670 20 59 ,

1858 1720 65 69 che,

1861 1772 44 68 h.

1857 1818 47 67 im

1854 1918 54 70 ne

1854 1971 54 60 als

1853 2020 51 70 to

1850 2079 46 61 Fe
