1978 2546
346 248 99 53 102

918 237 339 75 28 (0) EèL-

346 292 1424 81 als vom heiligen Creuh; von der Kleydung Chriſti; von ſeinem Grab

348 350 1420 70 und Erden, wo er gebohren worden; von dem Felſen, worauf er ge⸗

349 401 1421 72 bettet; von dem Brod, ſo er geſeegnet; von der Rippen S. ſoannis

350 454 1398 69 des Tauffers; von ꝛ. ECvangeliſten ſoanne, Matrhzo, und Marco.

481 502 1286 76 Den andern Altar auf der rechten Seythen hat er aufgericht

349 553 1418 73 S. Paulo, und anderen heiligen Apoſtlen zu Ehren, auch mit den hei⸗

346 603 1419 78 ligen Religuien von S. Petro, Paulo, Andrca, lacobo dem Groͤſſern,

349 654 925 64 ſacobo dem Mindern, und Thoma verſehen.

483 702 1284 78 Den dritten auf der lincken Geythen hat er zugeeignet dem hei⸗

345 756 1416 70 ligen Sebaltiano, Diony ſio und ſeinen Geſellen, Felici und Audacto,

343 807 1422 77 auch allen heiligen Martyrern Chriſti, mit Einſchuieſſung denannter

348 864 1414 70 Heylthumern: als von S. Scbaltiano, Srephano, Diony kio, Emme-

342 915 1418 66 ramo, Mauritio, Laurentio, Lamberro, loanne und Paulo, Geor-

345 960 1412 75 gio, Clemente, Cœlario, Tiburrio, Chriſtophoro, Srephano Bi⸗

343 1012 1415 71 ſchoff und Martyrer, Agapito, Cvrino, Donato, Calliano, Mar-

338 1065 1422 69 cellino und Perro, Bonitacio, Quintino, Theodoro, Floriano,

336 1115 1422 74 Cyriaco, Martiale, Blaſio, Alerandro, Pangratio, Cornelio, Cy-

338 1166 710 71 priano und unſchuldigen Kindlein.

469 1217 1292 71 Den vierdten auf der rechten Seythen, hat zu Ehren dekommen

333 1268 1425 62 der heilige Papſt Gregorius Magnus, aus dem Orden S. Benedidti,

333 1322 1421 65 und alle heilige Beichtiger; deme ſeynd emnverleibt worden die Heyl⸗

326 1369 1428 72 thumer von S. Gregorio, Leone, Martino, Ambroſio, Pautino⸗

332 1420 1419 63 Marimino, Amando, Vilibrordo, Benedicto, Wilperro, Orhma-

331 1466 656 71 ro der Biſchoͤff und Beichtiger.

469 1521 1279 63 Der fuͤnffte auf der uncken Seythen iſt zu Ehren der Hoch⸗ ge⸗

329 1570 1419 66 benedeyten Mutter GOttes und Jungfrauen Mariaͤ, wie mngleichen

329 1623 1415 64 SS. Agnetis, Agarhæ, und aller heiligen Jungfrauen; mir Einleg⸗

331 1670 1409 68 und Verwahrung der Heylthumer von dem Kleyd der Murrer GOt⸗

326 1721 1417 72 tes, von denen HH. Jungfrauen S. Agnes, Agarha, Cœzcilia. Co-

326 1773 1417 68 lumba, Margarerha, Chriſtina, Scholaſtica, Modeſta, fuliana⸗

326 1824 1411 71 Euphrolina, Theodora, und weilen vor der Grufft unzahlbare Heili⸗

331 1876 1407 71 de, ſo unter der Haydenſchafft ihr Leben um Chriſti wilen eingedeſt⸗

328 1927 1406 77 denſamrren begraben liegen, (m) hat er den ſechſten Altar zu den

338 1980 1017 79 Fuͤſſen deren Heiligen geſetzt, in S. ſoannis Ehr. (n

1579 2018 155 86 Damit

350 2172 515 57 Im Baenage tom. IL. pag. 110.

355 2212 689 70 1) Eiſt de Anmergtung in endr dirſts Caruels.

1932 561 21 67 1
