<?xml version="1.0" encoding="UTF-8"?>
<alto xmlns:xsi="http://www.w3.org/2001/XMLSchema-instance"
      xmlns="http://www.loc.gov/standards/alto/ns-v4#"
      xsi:schemaLocation="http://www.loc.gov/standards/alto/ns-v4# http://www.loc.gov/standards/alto/v4/alto-4-2.xsd">
  <Description>
    <MeasurementUnit>pixel</MeasurementUnit>
    <sourceImageInformation>
      <fileName>image030.jpg</fileName>
      <fileIdentifier>https://archiv.ub.uni-marburg.de/eb/2010/0168</fileIdentifier>
    </sourceImageInformation>
  </Description>
  <Tags>
    <OtherTag ID="BT1" LABEL="Title" DESCRIPTION="block type Title"/><OtherTag ID="BT2" LABEL="Main" DESCRIPTION="block type Main"/><OtherTag ID="BT3" LABEL="Commentary" DESCRIPTION="block type Commentary"/><OtherTag ID="BT4" LABEL="Illustration" DESCRIPTION="block type Illustration"/><OtherTag ID="BT42" LABEL="text" DESCRIPTION="block type text"/>
    <OtherTag ID="LT33" LABEL="default" DESCRIPTION="line type default"/>
  </Tags>
  <Layout>
    <Page WIDTH="2127"
          HEIGHT="2583"
          PHYSICAL_IMG_NR="30"
          ID="eSc_dummypage_">
      <PrintSpace HPOS="0"
                  VPOS="0"
                  WIDTH="2127"
                  HEIGHT="2583">
        <TextBlock HPOS="631"
                   VPOS="287"
                   WIDTH="1421"
                   HEIGHT="1990"
                   ID="eSc_textblock_5a7714c3"
                   TAGREFS="BT42">
          <Shape><Polygon POINTS="1181 287 1506 287 1552 298 1564 337 1588 344 2006 338 2052 367 2046 2248 2023 2277 1782 2254 642 2254 631 2237 631 309 664 292 693 367 775 344 1076 338 1181 287"/></Shape>
          <TextLine ID="eSc_line_98112f0a"
                    TAGREFS="LT33"
                    BASELINE="644 330 663 330" 
                    HPOS="644"
                    VPOS="298"
                    WIDTH="19"
                    HEIGHT="46">
            <Shape><Polygon POINTS="644 330 644 344 663 340 663 330 661 298 644 301 644 330"/></Shape>
            <String CONTENT="2"
                    HPOS="644"
                    VPOS="298"
                    WIDTH="19"
                    HEIGHT="46"
                    WC="0.9999982118606567"></String>
          </TextLine>
          <TextLine ID="eSc_line_dc2e7f13"
                    TAGREFS="LT33"
                    BASELINE="1139 327 1353 335 1544 322" 
                    HPOS="1139"
                    VPOS="287"
                    WIDTH="405"
                    HEIGHT="68">
            <Shape><Polygon POINTS="1539 295 1525 291 1511 288 1496 287 1482 287 1468 287 1453 287 1439 287 1425 287 1410 287 1396 287 1382 287 1367 287 1354 287 1351 288 1347 287 1339 287 1324 287 1323 287 1320 291 1209 291 1204 287 1195 287 1181 287 1166 292 1152 299 1149 299 1139 327 1139 345 1189 354 1191 355 1247 355 1247 354 1248 354 1250 354 1262 345 1291 354 1293 354 1294 354 1347 344 1373 353 1374 353 1376 353 1377 353 1409 344 1433 353 1435 353 1436 353 1542 347 1544 322 1541 295 1539 295"/></Shape>
            <String CONTENT=".&amp;Z (0) Lat-"
                    HPOS="1139"
                    VPOS="287"
                    WIDTH="405"
                    HEIGHT="68"
                    WC="0.9636772821346918"></String>
          </TextLine>
          <TextLine ID="eSc_line_c0c33180"
                    TAGREFS="LT33"
                    BASELINE="763 397 2036 390" 
                    HPOS="762"
                    VPOS="340"
                    WIDTH="1274"
                    HEIGHT="79">
            <Shape><Polygon POINTS="2025 351 2010 342 2005 340 1949 347 1894 340 1893 340 1891 340 1865 351 1748 351 1722 344 1720 344 1719 344 1717 344 1716 344 1705 353 1637 353 1570 341 1568 341 1567 341 1544 351 1509 345 1508 345 1423 353 1403 342 1402 342 1278 342 1277 342 1275 342 1254 354 1106 345 1105 345 944 355 862 345 861 345 859 345 826 355 812 345 810 345 809 345 808 345 762 345 762 347 763 397 764 419 779 411 1013 417 1014 417 1070 410 1212 416 1214 416 1297 408 1525 414 1527 414 2035 404 2036 390 2035 357 2025 351"/></Shape>
            <String CONTENT="Daß der Kayſerl. freyen Reichs⸗Stadt Regenſpourg in Teutſch"
                    HPOS="762"
                    VPOS="340"
                    WIDTH="1274"
                    HEIGHT="79"
                    WC="0.9930824445465863"></String>
          </TextLine>
          <TextLine ID="eSc_line_3afebe3f"
                    TAGREFS="LT33"
                    BASELINE="628 444 2038 440" 
                    HPOS="628"
                    VPOS="398"
                    WIDTH="1410"
                    HEIGHT="69">
            <Shape><Polygon POINTS="628 444 628 460 1073 467 1074 467 1135 459 1280 466 1281 466 1469 459 1547 466 1548 466 1550 466 1570 459 1923 464 1924 464 1926 464 1949 457 1989 464 1990 464 2038 456 2038 440 2035 400 1924 398 1923 398 1921 398 1885 407 1568 401 1567 401 1565 401 1545 408 1492 401 1491 401 1422 408 1390 400 1389 400 1387 400 1386 400 1356 408 1327 400 1326 400 1324 400 1323 400 1297 410 1221 410 1194 400 1192 400 1115 400 1113 400 1050 410 795 401 793 401 734 410 675 401 674 401 631 410 628 444"/></Shape>
            <String CONTENT="land am Alter und HHerkommen, die Prœrogatir und Vorzug gebuͤhrt⸗"
                    HPOS="628"
                    VPOS="398"
                    WIDTH="1410"
                    HEIGHT="69"
                    WC="0.9962529540061951"></String>
          </TextLine>
          <TextLine ID="eSc_line_e9be50e3"
                    TAGREFS="LT33"
                    BASELINE="632 497 1349 497" 
                    HPOS="632"
                    VPOS="453"
                    WIDTH="717"
                    HEIGHT="60">
            <Shape><Polygon POINTS="632 497 632 513 1349 512 1349 497 1349 463 1277 453 1275 453 1274 453 1254 460 1198 453 1196 453 1195 453 1194 453 1194 454 1185 463 1138 463 1110 453 1109 453 1107 453 1106 453 1105 453 1095 462 951 454 950 454 897 462 855 453 853 453 852 453 851 453 838 462 753 453 752 453 704 462 632 453 632 497"/></Shape>
            <String CONTENT="kan nit wohl widerſprochen werden."
                    HPOS="632"
                    VPOS="453"
                    WIDTH="717"
                    HEIGHT="60"
                    WC="0.9999967427814708"></String>
          </TextLine>
          <TextLine ID="eSc_line_0d330c65"
                    TAGREFS="LT33"
                    BASELINE="769 549 2040 542" 
                    HPOS="767"
                    VPOS="493"
                    WIDTH="1273"
                    HEIGHT="78">
            <Shape><Polygon POINTS="1126 499 1125 499 1080 509 1008 503 1007 503 947 510 895 499 894 499 892 499 858 510 812 499 810 499 809 499 767 506 769 549 769 563 993 563 1019 571 1020 571 1021 571 1080 563 1132 569 1133 569 1135 569 1136 569 1148 562 1257 569 1258 569 1324 561 1389 568 1390 569 1502 569 1502 568 1542 559 1603 566 1604 566 2040 559 2040 542 2036 493 1913 502 1877 493 1875 493 1874 493 1818 505 1771 495 1769 495 1768 495 1742 506 1640 499 1639 499 1637 499 1618 506 1597 495 1595 495 1531 495 1529 495 1384 507 1308 502 1307 502 1188 509 1139 499 1126 499"/></Shape>
            <String CONTENT="Das Land betreffend, worinn diſe Stadt ſich befindet, iſt unſer"
                    HPOS="767"
                    VPOS="493"
                    WIDTH="1273"
                    HEIGHT="78"
                    WC="0.9946626897842165"></String>
          </TextLine>
          <TextLine ID="eSc_line_d7cbb959"
                    TAGREFS="LT33"
                    BASELINE="637 598 2039 592" 
                    HPOS="635"
                    VPOS="549"
                    WIDTH="1404"
                    HEIGHT="69">
            <Shape><Polygon POINTS="637 598 637 612 1242 618 1244 618 1343 609 1686 617 1687 617 1689 617 1713 608 1798 615 1799 615 1801 615 1815 608 1980 615 1982 615 2038 607 2039 592 2038 561 2023 552 2022 552 2020 552 2019 552 2017 552 2005 558 1930 551 1928 551 1927 551 1907 562 1829 562 1802 549 1801 549 1799 549 1798 549 1762 561 1689 549 1687 549 1686 549 1684 549 1664 562 1548 551 1547 551 1336 563 1270 555 1268 555 1231 562 1151 556 1149 556 994 563 963 555 961 555 960 555 875 565 855 555 853 555 635 555 637 598"/></Shape>
            <String CONTENT="Teutſchland, alſo genennet von Tentone (Teurh) ſo bey denen Alten⸗"
                    HPOS="635"
                    VPOS="549"
                    WIDTH="1404"
                    HEIGHT="69"
                    WC="0.9820540050665537"></String>
          </TextLine>
          <TextLine ID="eSc_line_f4089dd1"
                    TAGREFS="LT33"
                    BASELINE="632 650 2035 641" 
                    HPOS="631"
                    VPOS="598"
                    WIDTH="1404"
                    HEIGHT="69">
            <Shape><Polygon POINTS="632 650 632 664 1565 667 1567 667 1657 658 1775 665 1776 665 2033 655 2035 641 2029 598 1992 607 1943 599 1941 599 1940 599 1924 608 1844 608 1816 599 1815 599 1814 599 1812 599 1792 608 1725 608 1713 599 1712 599 1710 599 1709 599 1707 599 1706 599 1690 609 1628 609 1567 599 1565 599 1502 601 1501 601 1482 609 1432 601 1430 601 1389 609 1298 602 1297 602 1232 611 1064 604 1063 604 1062 604 1060 604 1046 614 945 614 904 605 902 605 862 614 815 605 813 605 812 605 780 614 744 605 743 605 742 605 631 605 632 650"/></Shape>
            <String CONTENT="GOtt, bedeutete; wie dann auch das Griechiſche Deos GOtt, nit vi"
                    HPOS="631"
                    VPOS="598"
                    WIDTH="1404"
                    HEIGHT="69"
                    WC="0.9805263038724661"></String>
          </TextLine>
          <TextLine ID="eSc_line_8141704a"
                    TAGREFS="LT33"
                    BASELINE="634 698 2038 693" 
                    HPOS="632"
                    VPOS="651"
                    WIDTH="1406"
                    HEIGHT="65">
            <Shape><Polygon POINTS="634 698 634 716 2036 710 2038 693 2033 651 1999 658 1785 651 1783 651 1736 658 1696 652 1694 652 1693 652 1692 652 1679 661 1481 661 1456 652 1455 652 1453 652 1283 661 1240 654 1238 654 1176 661 1165 654 1163 654 1162 654 987 654 985 654 885 662 655 655 654 655 653 655 632 662 634 698"/></Shape>
            <String CONTENT="diſſoniret. Alſo ſchriben ſie das Land GOtt zu, der es erſchaffen; nenn⸗"
                    HPOS="632"
                    VPOS="651"
                    WIDTH="1406"
                    HEIGHT="65"
                    WC="0.9957361618677775"></String>
          </TextLine>
          <TextLine ID="eSc_line_c6e9c0bc"
                    TAGREFS="LT33"
                    BASELINE="634 751 2042 743" 
                    HPOS="632"
                    VPOS="701"
                    WIDTH="1410"
                    HEIGHT="72">
            <Shape><Polygon POINTS="634 751 634 766 753 766 766 773 767 773 769 773 770 773 1102 763 1126 770 1128 770 1129 772 1334 772 1334 770 1554 769 1555 769 1573 760 1607 767 1608 767 1657 760 1726 767 1728 767 1893 759 2002 764 2003 764 2042 756 2042 743 2039 707 1864 701 1862 701 1861 701 1841 711 1762 711 1694 701 1693 701 1613 711 1584 704 1583 704 1581 704 1580 704 1578 704 1565 713 1415 706 1413 706 1412 706 1393 714 1195 714 1139 704 1138 704 1136 704 1099 716 978 706 977 706 888 716 841 707 839 707 838 707 803 716 783 707 782 707 780 707 632 707 634 751"/></Shape>
            <String CONTENT="tens alſo Teutſchland. So wollen auch einige, daß Tuilco und Alcene⸗"
                    HPOS="632"
                    VPOS="701"
                    WIDTH="1410"
                    HEIGHT="72"
                    WC="0.9835416735971675"></String>
          </TextLine>
          <TextLine ID="eSc_line_5e6189cd"
                    TAGREFS="LT33"
                    BASELINE="635 803 2040 793" 
                    HPOS="634"
                    VPOS="750"
                    WIDTH="1406"
                    HEIGHT="70">
            <Shape><Polygon POINTS="635 803 635 820 1637 820 1637 819 1639 819 1674 810 1686 817 1687 817 1689 817 1690 819 1838 819 1838 817 2039 807 2040 793 2035 750 2005 759 1663 751 1661 751 1590 763 1433 763 1293 754 1291 754 1217 766 1128 766 1097 756 1096 756 1095 756 1033 766 1007 757 1006 757 1004 757 1003 757 968 766 945 757 944 757 942 757 941 757 908 766 818 759 816 759 815 759 793 767 651 759 650 759 648 759 647 759 634 766 635 803"/></Shape>
            <String CONTENT="(worvon Moyles Geneſ. r0.) einSohnGomer, einEnickle desſaphets, uns"
                    HPOS="634"
                    VPOS="750"
                    WIDTH="1406"
                    HEIGHT="70"
                    WC="0.9987405778756783"></String>
          </TextLine>
          <TextLine ID="eSc_line_fe62b3ba"
                    TAGREFS="LT33"
                    BASELINE="634 855 2040 843" 
                    HPOS="632"
                    VPOS="803"
                    WIDTH="1408"
                    HEIGHT="69">
            <Shape><Polygon POINTS="634 855 634 869 1506 872 1508 872 1558 862 1862 869 1864 869 1916 859 1940 866 1941 866 1943 866 2039 858 2040 843 2038 806 1656 803 1654 803 1558 810 1512 803 1511 803 1443 812 1337 806 1336 806 1334 806 1317 813 1255 807 1254 807 1148 815 1132 807 1130 807 1041 807 1040 807 981 816 958 809 957 809 955 809 904 816 884 809 882 809 881 809 719 816 644 810 642 810 641 810 640 810 632 815 634 855"/></Shape>
            <String CONTENT="Urenickle des Noe ein Perſon ſeyn ſolle, ſo die Lateiner hernach Aſcani⸗"
                    HPOS="632"
                    VPOS="803"
                    WIDTH="1408"
                    HEIGHT="69"
                    WC="0.9947743150922987"></String>
          </TextLine>
          <TextLine ID="eSc_line_19f716b6"
                    TAGREFS="LT33"
                    BASELINE="635 899 1283 904 2040 895" 
                    HPOS="634"
                    VPOS="856"
                    WIDTH="1406"
                    HEIGHT="65">
            <Shape><Polygon POINTS="635 899 635 918 1776 921 1778 921 2039 912 2040 895 2036 856 1854 865 1783 856 1782 856 1781 856 1758 866 1738 859 1736 859 1735 859 1617 866 1562 858 1561 858 1492 866 1466 858 1465 858 1463 858 1393 868 1039 859 1037 859 1036 859 1011 868 990 861 988 861 987 861 985 861 984 861 971 869 921 861 919 861 813 869 796 861 795 861 724 861 723 861 721 861 701 869 658 862 657 862 655 862 634 869 635 899"/></Shape>
            <String CONTENT="um, die in unſerm Land Tuilconem, vulgo. Teutſch genannt haben. Dei"
                    HPOS="634"
                    VPOS="856"
                    WIDTH="1406"
                    HEIGHT="65"
                    WC="0.9973656668591855"></String>
          </TextLine>
          <TextLine ID="eSc_line_a4711fdf"
                    TAGREFS="LT33"
                    BASELINE="635 955 2042 948" 
                    HPOS="634"
                    VPOS="904"
                    WIDTH="1408"
                    HEIGHT="73">
            <Shape><Polygon POINTS="635 955 635 972 813 977 815 977 928 968 994 975 996 975 1047 968 1067 975 1069 975 1070 977 1196 977 1196 975 1240 967 1393 974 1395 974 1396 974 1410 967 1476 974 1478 974 1598 965 1967 971 1969 971 2040 962 2042 948 2038 904 2005 911 1973 904 1971 904 1970 904 1758 914 1732 905 1730 905 1729 905 1686 914 1430 906 1429 906 1428 906 1405 915 931 908 930 908 928 908 927 908 911 918 846 909 845 909 717 918 651 909 650 909 648 909 634 915 635 955"/></Shape>
            <String CONTENT="ſolle nach dem Gund⸗Flut mit dreyßig Helden ſeinen Vettern, ſo ſeine."
                    HPOS="634"
                    VPOS="904"
                    WIDTH="1408"
                    HEIGHT="73"
                    WC="0.9865625276081804"></String>
          </TextLine>
          <TextLine ID="eSc_line_b2bc96a6"
                    TAGREFS="LT33"
                    BASELINE="635 1004 1380 1007 2042 998" 
                    HPOS="635"
                    VPOS="957"
                    WIDTH="1407"
                    HEIGHT="70">
            <Shape><Polygon POINTS="635 1023 790 1018 842 1026 843 1026 884 1018 908 1027 909 1027 911 1027 912 1027 940 1018 991 1027 993 1027 1064 1017 1106 1026 1107 1027 1430 1027 1430 1026 1484 1015 1647 1015 1674 1024 1676 1024 1677 1024 1729 1015 1828 1024 1829 1024 1831 1024 1832 1024 1847 1015 1990 1023 1992 1023 2040 1013 2042 998 2040 965 2025 957 2023 957 2022 957 1916 965 1835 957 1834 957 1832 957 1811 967 1608 958 1607 958 1606 958 1571 967 1535 958 1534 958 1532 958 1531 958 1511 967 1453 960 1452 960 1298 968 1245 960 1244 960 1242 960 1224 970 1165 970 1139 960 1138 960 1136 960 1079 968 1062 960 1060 960 1059 960 1057 960 1030 970 828 961 826 961 825 961 806 971 756 971 742 961 740 961 739 961 635 961 635 1004 635 1023"/></Shape>
            <String CONTENT="Bruͤder Sem und Japhets Sohn, ſeine Enickl und Urenickl waren⸗"
                    HPOS="635"
                    VPOS="957"
                    WIDTH="1407"
                    HEIGHT="70"
                    WC="0.9852406026855591"></String>
          </TextLine>
          <TextLine ID="eSc_line_1cc92296"
                    TAGREFS="LT33"
                    BASELINE="634 1056 2038 1048" 
                    HPOS="632"
                    VPOS="1005"
                    WIDTH="1406"
                    HEIGHT="68">
            <Shape><Polygon POINTS="634 1056 634 1073 2036 1063 2038 1048 2033 1005 1980 1017 1927 1017 1910 1005 1908 1005 1907 1005 1905 1005 1755 1017 1712 1008 1710 1008 1636 1017 1621 1008 1620 1008 1618 1008 1485 1007 1484 1007 1482 1007 1453 1018 1436 1013 1435 1013 1433 1013 1194 1020 1149 1013 1148 1013 1087 1020 1041 1010 1040 1010 971 1020 951 1011 950 1011 948 1011 904 1018 812 1011 810 1011 809 1011 789 1018 777 1011 776 1011 775 1011 688 1011 687 1011 632 1023 634 1056"/></Shape>
            <String CONTENT="auch ſonſten mit vil Nolck aus Armenia diſer Orthen kommen ſeyn, all-"
                    HPOS="632"
                    VPOS="1005"
                    WIDTH="1406"
                    HEIGHT="68"
                    WC="0.9892572078151979"></String>
          </TextLine>
          <TextLine ID="eSc_line_f59b9c03"
                    TAGREFS="LT33"
                    BASELINE="634 1104 1399 1107 2039 1097" 
                    HPOS="634"
                    VPOS="1057"
                    WIDTH="1405"
                    HEIGHT="73">
            <Shape><Polygon POINTS="634 1122 691 1122 706 1130 707 1130 709 1130 710 1130 773 1122 957 1130 958 1130 1021 1120 1090 1129 1092 1129 1162 1122 1306 1129 1307 1129 1357 1119 1539 1127 1541 1129 1600 1129 1600 1127 1601 1127 1603 1127 1617 1119 1640 1127 1641 1127 1643 1127 1644 1127 1666 1119 1864 1126 1865 1126 1936 1117 1964 1126 1966 1126 1967 1126 2038 1114 2039 1097 2035 1057 1977 1066 1795 1059 1794 1059 1672 1066 1644 1059 1643 1059 1641 1059 1640 1059 1621 1067 1603 1060 1601 1060 1600 1060 1476 1067 1458 1060 1456 1060 1334 1060 1333 1060 1284 1070 1116 1070 1099 1061 1097 1061 1096 1061 1095 1061 1079 1070 968 1070 940 1063 938 1063 937 1063 833 1070 634 1063 634 1104 634 1122"/></Shape>
            <String CONTENT="da ſich nidergethan, nach Gelegenheit des Lands ſich ausgetheilt, hin un"
                    HPOS="634"
                    VPOS="1057"
                    WIDTH="1405"
                    HEIGHT="73"
                    WC="0.9926270006431474"></String>
          </TextLine>
          <TextLine ID="eSc_line_814105d8"
                    TAGREFS="LT33"
                    BASELINE="635 1159 2040 1153" 
                    HPOS="634"
                    VPOS="1109"
                    WIDTH="1406"
                    HEIGHT="74">
            <Shape><Polygon POINTS="635 1159 635 1175 773 1173 797 1183 799 1183 800 1183 848 1173 968 1183 970 1183 1019 1173 1096 1182 1097 1182 1099 1182 1129 1172 1277 1182 1278 1182 1377 1172 1413 1181 1415 1181 1416 1181 1418 1181 1440 1172 1610 1181 1611 1181 1788 1169 1812 1179 1814 1179 1815 1179 1855 1172 1867 1179 1868 1179 1870 1179 1871 1181 1986 1181 1986 1179 2039 1168 2040 1153 2036 1109 1987 1117 1933 1109 1931 1109 1930 1109 1905 1117 1885 1110 1884 1110 1883 1110 1802 1116 1791 1109 1789 1109 1788 1109 1786 1109 1785 1109 1765 1119 1659 1119 1614 1110 1613 1110 1611 1110 1593 1120 1528 1120 1504 1110 1502 1110 1501 1110 1336 1120 1255 1112 1254 1112 1252 1112 1234 1122 1095 1122 1052 1112 988 1112 987 1112 985 1112 964 1123 911 1123 892 1113 891 1113 889 1113 888 1113 866 1122 805 1113 803 1113 721 1122 700 1113 698 1113 697 1113 634 1117 635 1159"/></Shape>
            <String CONTENT="wider Brucken, Staͤdt, Maͤrckt, und Doͤrffer gebauet, und mehriſt nas"
                    HPOS="634"
                    VPOS="1109"
                    WIDTH="1406"
                    HEIGHT="74"
                    WC="0.9990216744118843"></String>
          </TextLine>
          <TextLine ID="eSc_line_63d7051b"
                    TAGREFS="LT33"
                    BASELINE="635 1209 1255 1212" 
                    HPOS="634"
                    VPOS="1163"
                    WIDTH="621"
                    HEIGHT="73">
            <Shape><Polygon POINTS="635 1209 634 1234 663 1235 664 1235 665 1235 667 1235 681 1225 706 1234 707 1234 709 1234 746 1225 757 1234 757 1235 759 1235 760 1235 762 1235 763 1235 786 1225 825 1235 826 1235 828 1235 925 1225 942 1236 944 1236 945 1236 947 1236 948 1236 968 1228 993 1236 994 1236 996 1236 1082 1228 1189 1236 1191 1236 1192 1236 1212 1226 1252 1226 1255 1212 1254 1179 1202 1179 1175 1166 1174 1166 1172 1166 1041 1178 938 1170 937 1170 899 1176 862 1165 861 1165 859 1165 793 1173 783 1165 782 1165 780 1165 742 1165 740 1165 739 1165 737 1165 737 1166 724 1176 635 1163 635 1209"/></Shape>
            <String CONTENT="dero Nahmen genannt haben."
                    HPOS="634"
                    VPOS="1163"
                    WIDTH="621"
                    HEIGHT="73"
                    WC="0.9998809970342196"></String>
          </TextLine>
          <TextLine ID="eSc_line_851c9a2e"
                    TAGREFS="LT33"
                    BASELINE="776 1262 2040 1249" 
                    HPOS="775"
                    VPOS="1208"
                    WIDTH="1265"
                    HEIGHT="72">
            <Shape><Polygon POINTS="776 1262 776 1278 1458 1280 1459 1280 1461 1280 1478 1271 1562 1278 1564 1278 1565 1278 1590 1271 1637 1277 1639 1277 1640 1277 1641 1277 1651 1269 1756 1277 1758 1277 2040 1264 2040 1249 2035 1208 2009 1218 1976 1208 1974 1208 1973 1208 1971 1208 1941 1219 1907 1208 1905 1208 1904 1208 1851 1215 1804 1209 1802 1209 1801 1209 1755 1224 1687 1224 1667 1211 1666 1211 1664 1211 1663 1211 1555 1219 1511 1214 1509 1214 1465 1224 1439 1215 1438 1215 1436 1215 1435 1215 1433 1215 1418 1225 1258 1215 1257 1215 1194 1228 1092 1216 1090 1216 1089 1216 1053 1229 775 1221 776 1262"/></Shape>
            <String CONTENT="Unter vor ermelten 20. Helden, ſo mit Tuiſcone, oder Teuthe⸗"
                    HPOS="775"
                    VPOS="1208"
                    WIDTH="1265"
                    HEIGHT="72"
                    WC="0.996557942032814"></String>
          </TextLine>
          <TextLine ID="eSc_line_427d9584"
                    TAGREFS="LT33"
                    BASELINE="638 1311 1499 1311 2039 1302" 
                    HPOS="638"
                    VPOS="1264"
                    WIDTH="1401"
                    HEIGHT="67">
            <Shape><Polygon POINTS="638 1330 1235 1331 1237 1331 1238 1331 1252 1324 1271 1331 1273 1331 1274 1331 1395 1323 1581 1330 1583 1330 1732 1321 1911 1328 1913 1328 2039 1318 2039 1302 2035 1264 1841 1272 1479 1267 1478 1267 1410 1275 1278 1267 1277 1267 1229 1278 990 1278 975 1268 974 1268 973 1268 971 1268 970 1268 968 1268 951 1278 638 1272 638 1311 638 1330"/></Shape>
            <String CONTENT="gezogen, ware einer genannt Heber, deſſen Sohn haͤtte den Nahme⸗"
                    HPOS="638"
                    VPOS="1264"
                    WIDTH="1401"
                    HEIGHT="67"
                    WC="0.9987346129491925"></String>
          </TextLine>
          <TextLine ID="eSc_line_7cccff10"
                    TAGREFS="LT33"
                    BASELINE="640 1357 1301 1363 2036 1353" 
                    HPOS="640"
                    VPOS="1313"
                    WIDTH="1396"
                    HEIGHT="68">
            <Shape><Polygon POINTS="640 1374 1374 1381 1376 1381 1565 1371 1620 1380 1621 1380 1623 1380 1649 1373 1796 1380 1798 1380 2035 1368 2036 1353 2032 1313 1934 1321 1842 1314 1841 1314 1839 1314 1809 1324 1739 1324 1723 1314 1722 1314 1720 1314 1719 1314 1717 1314 1693 1324 1541 1324 1509 1314 1508 1314 1506 1314 1466 1323 1426 1314 1425 1314 1341 1317 1340 1317 1339 1317 1326 1324 640 1320 640 1357 640 1374"/></Shape>
            <String CONTENT="Hiſter, diſe haben ſich nach dem Suͤnd⸗Flut 121. Jahr oberhalb de"
                    HPOS="640"
                    VPOS="1313"
                    WIDTH="1396"
                    HEIGHT="68"
                    WC="0.9776180404883165"></String>
          </TextLine>
          <TextLine ID="eSc_line_e2cbe8ba"
                    TAGREFS="LT33"
                    BASELINE="644 1414 2036 1404" 
                    HPOS="642"
                    VPOS="1361"
                    WIDTH="1394"
                    HEIGHT="69">
            <Shape><Polygon POINTS="644 1414 644 1430 2035 1420 2036 1404 2032 1361 1834 1371 1742 1366 1740 1366 1627 1373 1604 1366 1603 1366 1601 1366 1600 1366 1583 1374 1481 1374 1466 1364 1465 1364 1463 1364 1462 1364 1461 1364 1425 1376 1303 1376 1287 1366 1285 1366 1284 1366 1283 1366 1192 1377 1128 1377 1113 1367 1112 1367 1110 1367 1109 1367 1107 1367 1090 1376 1054 1370 1053 1370 1011 1377 950 1368 948 1368 947 1368 925 1376 901 1368 899 1368 898 1368 749 1377 642 1371 644 1414"/></Shape>
            <String CONTENT="Trap zwiſchen dem Lech, und Thonau nidergelaſſen, und ſeyn diſer Lan"
                    HPOS="642"
                    VPOS="1361"
                    WIDTH="1394"
                    HEIGHT="69"
                    WC="0.9942705964340883"></String>
          </TextLine>
          <TextLine ID="eSc_line_d7798636"
                    TAGREFS="LT33"
                    BASELINE="638 1463 2036 1456" 
                    HPOS="637"
                    VPOS="1414"
                    WIDTH="1399"
                    HEIGHT="68">
            <Shape><Polygon POINTS="638 1463 638 1482 1463 1482 1463 1480 1499 1473 1750 1479 1752 1479 1816 1472 2009 1478 2010 1478 2012 1478 2036 1469 2036 1456 2032 1414 1971 1423 1864 1414 1862 1414 1753 1424 1531 1416 1529 1416 1528 1416 1506 1423 1478 1416 1476 1416 1475 1416 1402 1426 1303 1419 1301 1419 1300 1419 1298 1419 1285 1427 1195 1427 1097 1419 1096 1419 911 1429 858 1420 856 1420 855 1420 820 1429 793 1420 792 1420 790 1420 707 1427 637 1422 638 1463"/></Shape>
            <String CONTENT="den erſte HHerren, und Koͤnige worden, wie dann von ermelten Hiſter, ſo"
                    HPOS="637"
                    VPOS="1414"
                    WIDTH="1399"
                    HEIGHT="68"
                    WC="0.992300142704601"></String>
          </TextLine>
          <TextLine ID="eSc_line_2cafe16a"
                    TAGREFS="LT33"
                    BASELINE="637 1516 2033 1509" 
                    HPOS="635"
                    VPOS="1463"
                    WIDTH="1398"
                    HEIGHT="79">
            <Shape><Polygon POINTS="637 1516 637 1532 806 1532 835 1539 836 1539 838 1541 838 1539 839 1539 868 1532 914 1542 915 1542 1112 1531 1363 1539 1364 1539 1419 1529 1469 1539 1471 1539 1512 1531 1577 1538 1578 1538 1580 1538 1616 1528 1735 1538 1736 1538 2032 1525 2033 1509 2027 1463 2006 1472 1842 1465 1841 1465 1839 1465 1838 1465 1825 1473 1733 1473 1560 1466 1558 1466 1557 1466 1542 1473 1439 1468 1438 1468 1436 1468 1416 1475 1248 1468 1247 1468 1184 1478 1003 1478 987 1469 985 1469 984 1469 885 1478 874 1470 872 1470 871 1470 869 1470 635 1475 637 1516"/></Shape>
            <String CONTENT="wohl in Griechiſcher, als in Lateiniſcher Sprach die Thonau, Hilter,os"
                    HPOS="635"
                    VPOS="1463"
                    WIDTH="1398"
                    HEIGHT="79"
                    WC="0.9820852620261056"></String>
          </TextLine>
          <TextLine ID="eSc_line_f090f062"
                    TAGREFS="LT33"
                    BASELINE="638 1567 886 1567" 
                    HPOS="638"
                    VPOS="1526"
                    WIDTH="248"
                    HEIGHT="62">
            <Shape><Polygon POINTS="638 1567 638 1579 687 1588 688 1588 886 1584 886 1567 886 1535 855 1526 853 1526 852 1526 763 1535 723 1526 721 1526 638 1535 638 1567"/></Shape>
            <String CONTENT="nannt wird."
                    HPOS="638"
                    VPOS="1526"
                    WIDTH="248"
                    HEIGHT="62"
                    WC="0.9999840042807839"></String>
          </TextLine>
          <TextLine ID="eSc_line_4cdd1678"
                    TAGREFS="LT33"
                    BASELINE="782 1617 2029 1608" 
                    HPOS="780"
                    VPOS="1562"
                    WIDTH="1249"
                    HEIGHT="73">
            <Shape><Polygon POINTS="782 1617 782 1628 940 1635 941 1635 1145 1627 1189 1634 1191 1634 1192 1634 1217 1625 1320 1625 1403 1633 1405 1633 1519 1624 1611 1631 1613 1631 1775 1622 1819 1630 1821 1630 2027 1620 2029 1608 2026 1562 1966 1562 1964 1562 1963 1562 1961 1562 1949 1571 1839 1562 1838 1562 1677 1564 1603 1574 1539 1565 1538 1565 1537 1565 1512 1574 1205 1568 1204 1568 1125 1577 1105 1568 1103 1568 1013 1568 1011 1568 1010 1568 980 1579 935 1579 921 1569 919 1569 918 1569 917 1569 915 1569 894 1577 884 1569 882 1569 881 1569 879 1569 878 1569 845 1578 802 1569 800 1569 799 1569 780 1575 782 1617"/></Shape>
            <String CONTENT="Nach dem Heber und Hiſter regierte Bayrn oder diſes Land 1"
                    HPOS="780"
                    VPOS="1562"
                    WIDTH="1249"
                    HEIGHT="73"
                    WC="0.9657612553444402"></String>
          </TextLine>
          <TextLine ID="eSc_line_62735b21"
                    TAGREFS="LT33"
                    BASELINE="638 1664 2033 1657" 
                    HPOS="637"
                    VPOS="1615"
                    WIDTH="1396"
                    HEIGHT="71">
            <Shape><Polygon POINTS="638 1664 638 1678 803 1686 805 1686 891 1678 908 1686 909 1686 911 1686 1115 1677 1194 1684 1195 1684 1333 1676 1651 1681 1653 1681 1759 1673 1805 1680 1806 1680 2032 1671 2033 1657 2029 1615 1845 1622 1782 1615 1781 1615 1779 1615 1750 1624 1677 1617 1676 1617 1674 1617 1659 1624 1641 1617 1640 1617 1639 1617 1594 1624 1475 1617 1473 1617 1472 1617 1448 1627 1327 1627 1310 1618 1308 1618 1307 1618 1194 1627 1103 1620 1102 1620 1100 1620 1086 1627 1043 1620 1041 1620 1040 1620 1020 1627 975 1620 974 1620 884 1628 637 1624 638 1664"/></Shape>
            <String CONTENT="bellinus, den dieUnglanbigen gar fuͤr einen GOtt gehalten. Dem Tibell."
                    HPOS="637"
                    VPOS="1615"
                    WIDTH="1396"
                    HEIGHT="71"
                    WC="0.9980303364140647"></String>
          </TextLine>
          <TextLine ID="eSc_line_28c2f984"
                    TAGREFS="LT33"
                    BASELINE="638 1716 2030 1706" 
                    HPOS="637"
                    VPOS="1667"
                    WIDTH="1393"
                    HEIGHT="72">
            <Shape><Polygon POINTS="638 1716 638 1730 704 1730 719 1739 720 1739 721 1739 723 1739 871 1730 973 1737 974 1737 1044 1727 1097 1734 1099 1734 1133 1727 1432 1734 1433 1734 1502 1726 1821 1732 1822 1732 1824 1732 1847 1722 1871 1730 1872 1730 1874 1730 2029 1720 2030 1706 2026 1668 1653 1676 1623 1668 1621 1668 1620 1668 1618 1668 1583 1677 1547 1667 1545 1667 1544 1667 1473 1676 1432 1667 1430 1667 1262 1678 1242 1668 1241 1668 1240 1668 1238 1668 1217 1680 1095 1670 1093 1670 1092 1670 1069 1678 1004 1671 1003 1671 1001 1671 975 1681 726 1673 724 1673 723 1673 709 1680 654 1676 653 1676 651 1676 650 1676 637 1683 638 1716"/></Shape>
            <String CONTENT="no folgte Taurus, dem Tauro Panno, diſem aber Venno, und dem Ve⸗"
                    HPOS="637"
                    VPOS="1667"
                    WIDTH="1393"
                    HEIGHT="72"
                    WC="0.9905882459133863"></String>
          </TextLine>
          <TextLine ID="eSc_line_dc7838a4"
                    TAGREFS="LT33"
                    BASELINE="638 1767 1829 1765 2033 1757" 
                    HPOS="637"
                    VPOS="1716"
                    WIDTH="1396"
                    HEIGHT="73">
            <Shape><Polygon POINTS="638 1767 638 1782 968 1789 970 1789 1017 1782 1039 1789 1040 1789 1041 1789 1082 1780 1155 1788 1156 1788 1429 1780 1494 1788 1495 1788 1699 1779 1720 1786 1722 1786 1723 1788 1885 1788 1885 1786 2032 1776 2033 1757 2029 1716 1834 1727 1792 1719 1791 1719 1789 1719 1771 1729 1561 1729 1524 1717 1522 1717 1521 1717 1519 1717 1488 1726 1452 1720 1451 1720 1449 1720 1448 1720 1435 1729 1333 1719 1331 1719 1268 1729 1247 1719 1245 1719 1244 1719 1201 1729 1168 1719 1166 1719 1165 1719 1163 1719 1142 1726 1113 1720 1112 1720 1063 1730 1006 1720 1004 1720 1003 1720 964 1732 905 1732 884 1720 882 1720 881 1720 832 1730 637 1723 638 1767"/></Shape>
            <String CONTENT="noni Tauriſcus, dieweil aber Tauriſcus ein Tyrann war, hat ihn Koͤnd"
                    HPOS="637"
                    VPOS="1716"
                    WIDTH="1396"
                    HEIGHT="73"
                    WC="0.9759008218260372"></String>
          </TextLine>
          <TextLine ID="eSc_line_862d4cc0"
                    TAGREFS="LT33"
                    BASELINE="637 1819 1782 1818 2023 1810" 
                    HPOS="635"
                    VPOS="1772"
                    WIDTH="1388"
                    HEIGHT="71">
            <Shape><Polygon POINTS="637 1819 637 1838 830 1833 855 1841 856 1841 858 1841 859 1841 882 1833 899 1841 901 1841 902 1841 904 1841 918 1833 965 1842 967 1842 1041 1833 1063 1842 1064 1842 1066 1843 1128 1843 1128 1842 1166 1833 1192 1842 1194 1842 1195 1842 1196 1842 1229 1833 1265 1841 1267 1841 1386 1833 1402 1841 1403 1841 1405 1842 1588 1842 1588 1841 1725 1833 1785 1841 1786 1841 1788 1841 1821 1831 1910 1839 1911 1839 2022 1829 2023 1810 2019 1772 1739 1782 1717 1773 1716 1773 1715 1773 1476 1782 1456 1773 1455 1773 1453 1773 1452 1773 1430 1783 1356 1783 1231 1773 1229 1773 1228 1773 1196 1783 1057 1775 1056 1775 931 1783 904 1775 902 1775 901 1775 899 1775 878 1785 713 1785 663 1775 661 1775 660 1775 635 1783 637 1819"/></Shape>
            <String CONTENT="Alrmannus ( von welchem gleich was mehrers) vertriben, und iſt ſel-"
                    HPOS="635"
                    VPOS="1772"
                    WIDTH="1388"
                    HEIGHT="71"
                    WC="0.9814908860334709"></String>
          </TextLine>
          <TextLine ID="eSc_line_4cbf9798"
                    TAGREFS="LT33"
                    BASELINE="634 1876 1288 1869" 
                    HPOS="632"
                    VPOS="1825"
                    WIDTH="656"
                    HEIGHT="72">
            <Shape><Polygon POINTS="634 1876 634 1897 717 1897 719 1897 720 1897 720 1895 727 1889 782 1895 783 1895 785 1895 786 1895 786 1894 793 1888 829 1895 830 1895 832 1895 855 1888 881 1895 882 1895 884 1895 885 1895 922 1887 1019 1894 1020 1894 1192 1884 1285 1891 1288 1869 1285 1835 1199 1828 1198 1828 1093 1835 1074 1826 1073 1826 1072 1826 1070 1826 1069 1826 1059 1832 1052 1826 1052 1825 1050 1825 1049 1825 1047 1825 1046 1825 1021 1836 984 1826 983 1826 981 1826 980 1826 955 1836 931 1826 930 1826 928 1826 886 1828 885 1828 884 1828 884 1829 876 1835 866 1829 865 1829 864 1829 862 1829 861 1829 859 1829 859 1831 852 1838 826 1828 825 1828 823 1828 822 1828 797 1838 787 1829 787 1828 786 1828 785 1828 783 1828 737 1829 736 1829 734 1829 734 1831 723 1839 632 1833 634 1876"/></Shape>
            <String CONTENT="ſten Koͤnig diſer Orthen worden."
                    HPOS="632"
                    VPOS="1825"
                    WIDTH="656"
                    HEIGHT="72"
                    WC="0.9810574036091566"></String>
          </TextLine>
          <TextLine ID="eSc_line_1c87adca"
                    TAGREFS="LT33"
                    BASELINE="776 1925 2025 1912" 
                    HPOS="775"
                    VPOS="1868"
                    WIDTH="1250"
                    HEIGHT="79">
            <Shape><Polygon POINTS="776 1925 776 1940 868 1947 869 1947 930 1938 994 1945 996 1945 1191 1935 1244 1942 1245 1942 1337 1934 1433 1941 1435 1941 1509 1932 1649 1938 1650 1938 1651 1938 1666 1931 1703 1938 1705 1938 1706 1938 1723 1931 2023 1931 2025 1912 2020 1868 1883 1878 1802 1869 1801 1869 1799 1869 1798 1869 1785 1878 1742 1872 1740 1872 1654 1879 1626 1871 1624 1871 1623 1871 1621 1871 1620 1871 1603 1882 1456 1882 1344 1874 1343 1874 1341 1874 1340 1874 1324 1884 1171 1876 1169 1876 1128 1885 1060 1876 1059 1876 1057 1876 1056 1876 1043 1887 988 1878 987 1878 934 1887 790 1879 789 1879 787 1879 786 1879 775 1885 776 1925"/></Shape>
            <String CONTENT="Daß die Teutſche Allemanni genennt wurden, deriviren einis,"
                    HPOS="775"
                    VPOS="1868"
                    WIDTH="1250"
                    HEIGHT="79"
                    WC="0.9992563471955768"></String>
          </TextLine>
          <TextLine ID="eSc_line_3e1f2a50"
                    TAGREFS="LT33"
                    BASELINE="641 1974 2019 1967" 
                    HPOS="640"
                    VPOS="1924"
                    WIDTH="1379"
                    HEIGHT="70">
            <Shape><Polygon POINTS="641 1974 642 1994 673 1987 882 1993 884 1993 918 1986 1158 1991 1159 1991 1205 1984 1465 1990 1466 1990 1511 1983 1697 1988 1699 1988 2017 1980 2019 1967 2015 1924 1956 1932 1750 1924 1749 1924 1705 1934 1459 1927 1458 1927 1456 1927 1436 1935 1400 1927 1399 1927 1397 1927 1396 1927 1366 1935 1310 1927 1308 1927 1307 1927 1306 1927 1291 1935 1277 1930 1275 1930 1274 1930 1188 1938 1006 1938 984 1928 983 1928 981 1928 855 1938 829 1930 828 1930 826 1930 825 1930 805 1938 777 1930 776 1930 775 1930 773 1930 749 1938 731 1930 730 1930 729 1930 640 1934 641 1974"/></Shape>
            <String CONTENT="ſonderbahr P. Gabr. Bucelinns, diſen Nahmen von dem Adam, oder,."
                    HPOS="640"
                    VPOS="1924"
                    WIDTH="1379"
                    HEIGHT="70"
                    WC="0.9983507134020329"></String>
          </TextLine>
          <TextLine ID="eSc_line_68096488"
                    TAGREFS="LT33"
                    BASELINE="640 2024 1433 2023 2019 2011" 
                    HPOS="638"
                    VPOS="1968"
                    WIDTH="1381"
                    HEIGHT="79">
            <Shape><Polygon POINTS="640 2024 640 2039 772 2039 815 2047 816 2047 818 2047 838 2040 894 2046 895 2046 897 2046 914 2037 1347 2043 1349 2043 1521 2042 1522 2042 1550 2031 1644 2040 1646 2040 1706 2031 1880 2039 1881 2039 2019 2027 2019 2011 2015 1968 1877 1978 638 1981 640 2024"/></Shape>
            <String CONTENT="ein Ding iſt, Manno, als der von der Erden Adhamach erſchaffen wal"
                    HPOS="638"
                    VPOS="1968"
                    WIDTH="1381"
                    HEIGHT="79"
                    WC="0.99821188955596"></String>
          </TextLine>
          <TextLine ID="eSc_line_195d5910"
                    TAGREFS="LT33"
                    BASELINE="642 2076 1855 2072 2013 2063" 
                    HPOS="641"
                    VPOS="2023"
                    WIDTH="1372"
                    HEIGHT="74">
            <Shape><Polygon POINTS="642 2076 642 2087 658 2095 660 2095 661 2095 775 2087 805 2097 806 2097 808 2097 922 2087 950 2097 951 2097 952 2097 954 2097 980 2090 1069 2093 1070 2093 1072 2093 1089 2086 1116 2096 1118 2096 1119 2096 1406 2095 1407 2095 1433 2085 1501 2095 1502 2095 1562 2085 1924 2093 1926 2093 2012 2080 2013 2063 2009 2023 1943 2034 1771 2034 1752 2024 1750 2024 1749 2024 1748 2024 1733 2031 1686 2024 1684 2024 1618 2034 1601 2026 1600 2026 1598 2026 1277 2036 978 2027 977 2027 975 2027 945 2037 909 2029 908 2029 907 2029 905 2029 904 2029 891 2037 851 2030 849 2030 736 2037 721 2029 720 2029 719 2029 717 2029 641 2029 642 2076"/></Shape>
            <String CONTENT="Und weil ſie beruͤhmte Leuth waren, haben ſelbe den Nahmen bekomm"
                    HPOS="641"
                    VPOS="2023"
                    WIDTH="1372"
                    HEIGHT="74"
                    WC="0.9944290720499479"></String>
          </TextLine>
          <TextLine ID="eSc_line_3c5cc7b2"
                    TAGREFS="LT33"
                    BASELINE="644 2122 1374 2126 2012 2118" 
                    HPOS="642"
                    VPOS="2076"
                    WIDTH="1370"
                    HEIGHT="72">
            <Shape><Polygon POINTS="644 2122 645 2148 673 2136 757 2145 759 2145 823 2136 892 2146 894 2148 1007 2148 1007 2146 1008 2146 1026 2138 1046 2146 1047 2146 1049 2146 1103 2136 1168 2146 1169 2146 1250 2135 1300 2135 1320 2145 1321 2145 1323 2145 1485 2135 1519 2145 1521 2145 1522 2145 1578 2136 1627 2143 1628 2143 1630 2143 1644 2136 1664 2145 1666 2145 1667 2145 1768 2136 1791 2145 1792 2145 1794 2145 2010 2132 2012 2118 2007 2076 1911 2083 1848 2076 1847 2076 1781 2089 1720 2077 1719 2077 1717 2077 1696 2085 1517 2077 1515 2077 1472 2085 1416 2077 1415 2077 1413 2077 1412 2077 1402 2085 1353 2079 1351 2079 1215 2092 1168 2092 1153 2082 1152 2082 1151 2082 1149 2082 1148 2082 1123 2089 1095 2079 1093 2079 1092 2079 1010 2082 1008 2082 991 2090 919 2083 918 2083 917 2083 901 2092 727 2092 709 2079 707 2079 706 2079 674 2079 673 2079 671 2079 642 2090 644 2122"/></Shape>
            <String CONTENT="Allemann, oder Alle-Mann. Von den Roͤmern aber und Franck"
                    HPOS="642"
                    VPOS="2076"
                    WIDTH="1370"
                    HEIGHT="72"
                    WC="0.9955763680893078"></String>
          </TextLine>
          <TextLine ID="eSc_line_1422f542"
                    TAGREFS="LT33"
                    BASELINE="642 2175 1851 2175 1961 2168" 
                    HPOS="641"
                    VPOS="2129"
                    WIDTH="1320"
                    HEIGHT="69">
            <Shape><Polygon POINTS="642 2175 642 2188 875 2195 876 2195 998 2188 1056 2196 1057 2196 1122 2189 1141 2196 1142 2196 1143 2198 1244 2198 1244 2196 1245 2196 1247 2196 1257 2189 1320 2196 1321 2196 1369 2189 1433 2196 1435 2196 1436 2196 1459 2188 1555 2188 1570 2196 1571 2196 1573 2196 1574 2198 1855 2198 1855 2196 1857 2196 1880 2188 1960 2188 1961 2168 1957 2129 1854 2139 1785 2130 1706 2130 1705 2130 1703 2130 1702 2130 1690 2138 1594 2129 1593 2129 1591 2129 1573 2139 1554 2129 1552 2129 1551 2129 1550 2129 1528 2136 1517 2129 1515 2129 1514 2129 1428 2129 1426 2129 1425 2129 1406 2139 1201 2130 1199 2130 1198 2130 1175 2139 1130 2129 1129 2129 1079 2141 902 2141 866 2129 865 2129 864 2129 862 2129 861 2129 848 2138 786 2130 785 2130 701 2139 681 2129 680 2129 678 2129 677 2129 641 2139 642 2175"/></Shape>
            <String CONTENT="Ger-oder Garmann, zu ſonderbahrem Lob, daß ſie ſich ihrer Er"
                    HPOS="641"
                    VPOS="2129"
                    WIDTH="1320"
                    HEIGHT="69"
                    WC="0.9968937784433365"></String>
          </TextLine>
          <TextLine ID="eSc_line_dc10fbba"
                    TAGREFS="LT33"
                    BASELINE="647 2234 2015 2224" 
                    HPOS="645"
                    VPOS="2178"
                    WIDTH="1370"
                    HEIGHT="86">
            <Shape><Polygon POINTS="647 2234 647 2264 799 2262 800 2262 802 2262 820 2250 853 2250 886 2261 888 2261 889 2262 1024 2262 1024 2261 1074 2250 1169 2255 1171 2255 1298 2247 1316 2254 1317 2254 1318 2254 1320 2254 1344 2247 1373 2257 1374 2257 1376 2257 1377 2257 1399 2247 1433 2252 1435 2252 1475 2245 1517 2257 1518 2257 1519 2257 1588 2245 1611 2257 1613 2257 1614 2257 1743 2245 1759 2255 1761 2255 1762 2255 1763 2255 1765 2255 1791 2248 1815 2255 1816 2255 1818 2255 2013 2241 2015 2224 2010 2178 1816 2189 1725 2182 1723 2182 1722 2182 1705 2189 1693 2182 1692 2182 1690 2182 1689 2182 1624 2189 1610 2182 1608 2182 1607 2182 1606 2182 1604 2182 1590 2192 1550 2192 1524 2181 1522 2181 1521 2181 1519 2181 1491 2191 1429 2185 1428 2185 1390 2192 1377 2184 1376 2184 1374 2184 1373 2184 1372 2184 1336 2192 1247 2185 1245 2185 1198 2194 1175 2184 1174 2184 1073 2184 1072 2184 1070 2184 1024 2195 975 2185 843 2185 842 2185 737 2196 645 2188 647 2234"/></Shape>
            <String CONTENT="fung aus der Erden nit ſchaͤmeten; oder wie lacobus Micyllus, und"
                    HPOS="645"
                    VPOS="2178"
                    WIDTH="1370"
                    HEIGHT="86"
                    WC="0.9869841575622559"></String>
          </TextLine>
          <TextLine ID="eSc_line_9c3ba305"
                    TAGREFS="LT33"
                    BASELINE="1946 2264 2003 2262" 
                    HPOS="1944"
                    VPOS="2225"
                    WIDTH="59"
                    HEIGHT="73">
            <Shape><Polygon POINTS="1987 2225 1984 2225 1944 2228 1946 2264 1947 2298 2003 2287 2003 2262 1999 2225 1987 2225"/></Shape>
            <String CONTENT="lo:"
                    HPOS="1944"
                    VPOS="2225"
                    WIDTH="59"
                    HEIGHT="73"
                    WC="0.9999756415685018"></String>
          </TextLine>
        </TextBlock>
      </PrintSpace>
    </Page>
  </Layout>
</alto>
