1991 2551
840 266 305 74 (0) 228-

1569 296 80 55 103

364 311 1293 101 Damit er abder nach vollendter Grufft ſich ſeines Sterb⸗Stuͤnd⸗

232 367 1420 99 leins deſto oͤffter zu ruͤhmen haͤtte, hat er in ſelber vor St. Gregori⸗

233 415 1420 102 Altar 15. Jahr vor ſeinem Tod ihme ſein Grab und Ruhe⸗Berhlein

235 462 279 72 vordereit. (o)

346 521 1306 94 Als nun nach S. Vollgangs Tod, Cebhardus Biſchoff allhier

232 564 1414 95 worden, haben Ramroldi Verfolgung und Widerwaͤrtigkeiten angefan⸗

229 617 1413 98 gen; dann, nachdem Gebhardus (wie mehrere deren Nachkommen⸗

232 667 1417 98 den) nicht gedulten koͤnnen, daß durch S. Vollgang die Guͤter S. Em-

231 721 1421 96 nerami denen Biſchoͤffen zu geneſſen, ſollten entzogen ſeyn, und al⸗

232 766 1418 104 o verbleiben, auch keinen andern Weeg wußte ſelbe an ſich zu brin⸗

232 823 1414 98 ſen, hat er die Ehr, Leben, und Wandel des ſeeligen Ramroldi als

239 873 1408 94 Vorſtehers beſtritten, und bey dem Kayſer Ortone dem Dritten ihne

239 924 1404 102 iufs faͤlſchlichiſt angeben, (p) und verklagt, als haͤtte er ſchmaͤhlia

232 975 1415 103 ſoider den Kayſer geredt, in Hoffnung durch die heraus erfolgende

235 1024 1409 102 Angnad Ortonis gegen Ramvoldum, das Vorhaben zu erhalten,

238 1077 1404 99 delches dann bey nahe geſchehen waͤre; dann Orto glaubet dem ſo

235 1116 38 58 0

306 1132 1338 88 ehmen Anklaͤger, erzoͤrnete ſich uͤber Ramvoldum, und waͤre das

238 1177 1408 101 Cloſter in hoͤchſter Gefahr geſtanden, wann nicht ſein Caplan der hei⸗

229 1225 1418 100 fige Heribertus, andere nennen ihn Herbericum,) ſo hernach Ert⸗

239 1275 1407 109 Oiſchoff zu Coͤun worden) den Kayſer auf einen beſſern Weeg ge⸗

228 1330 1416 101 sracht haͤtte, und dahin deredet, daß er der Sachen beſſer zum Grund

226 1377 1416 105 ſehen, und die Wahrheit der angegebenen Inzuͤchten recht erfahren

222 1427 1418 102 ſollte. Orto folgt dieſem Vorſchlag, legt den gefaßten Zorn und Un⸗

225 1473 1411 110 willen beyſeits, kommt unwiſſend aller, in St. Emmerams⸗Cloſter,

225 1519 1418 113 um das Leben und Wandel Ramvoldi zu erkundigen: wie er den al⸗

233 1574 1410 106 en Vatter in dem heiligen Gebett gantz vertiefft gefunden, und an⸗

231 1617 71 70 dere

326 1634 1317 106 Zeichen der Heiligkeit an ihme wahrgenommen, iſt er in ſich ſelb⸗

225 1666 75 67 ſten

317 1687 1322 105 gangen, und Ramvoldum zu ſich deruffen. Der fromme Mann⸗

229 1717 63 58 als

316 1738 1324 102 er wußte, um was es zu thun ware, beſihlt ſich und die Seini⸗

225 1768 113 68 gen it

225 1819 157 80 nung er

380 1791 1257 96 Demut dem Kayſer, deſſen widerwaͤrtigen Wohn und Mei⸗

224 1863 70 71 mit

392 1839 33 64 .

431 1848 1204 93 cht allein bald von ſich abgewendt, ſondern hat ihne auch

316 1887 1320 107 eylſamer Ermahnung dahin bewegt, daß er ihme alſobald in

275 1927 191 79 Benedicti

486 1947 1143 107 Capellen ſeine Suͤnden mit groſſer Reu gebeichtet, (2)

1545 2036 92 71 her⸗

262 2134 472 83 O) Basnage tom. IIT. pag. 120.

256 2169 487 92 P Varnge tom. II. 7ꝛc. 181.

255 2206 368 92 O Lon EI. Pꝛ 11.
