1554 2270
658 102 44 59 m,

161 150 1360 82 wig Reirter, Hichael Reirter, woilhelmn rHayr, alle Burger zu

742 100 37 74 8

840 104 73 62 0)

958 108 92 64 &Zn

1448 116 73 47 601

157 186 196 80 Munchen.

150 298 1368 79 nau, und wolte die Zuſammenfugung der Kayſeriſch⸗ und Bayriſchen

281 250 1236 79 Die Schwediſche Armee zohe ſich hernach wider uͤber die Tho⸗

151 341 1367 87 Armeen verhindern, indeme Fridlaͤnder im April ſchon in Boͤhmen

147 392 1370 79 ſtunde mit 20000. Mann, der Churfuͤrſt Maximilian in der Obern

150 440 1367 80 Pfaltz. Es ware aber vergebens Man kam beederſeits vor Nuͤrn⸗

147 490 1366 74 derg zuſammen, und gab viel kleines Gefecht, in welchem nun die

146 535 1372 82 Carholiſchen, nun die Proteſtirenden obſigten. Den z. Seytember

140 582 1368 80 aber iſt es hart hergangen, indem der Koͤnig das Bayriſche Laͤger ge⸗

137 634 1366 83 ſtuͤrmet, aber ſolchen Widerſtand gefunden, daß er nichts gewonnen⸗

140 687 1366 75 ſondern mit Verlurſt 2000. Mann (andere melden von A000. neben

136 733 1371 81 guten Ochiciren) ablaſſen muͤſſen. Der Churfuͤrſt Marimitian haͤtte

133 784 1371 79 gern ein Schlacht gewagt, wann er dem Capritzioſen Fridlaͤnder haͤt⸗

134 828 350 67 te trauen doͤrffen.

267 878 1235 75 Nach dieſem gieng der Koͤnig wider in Bayrn bey Rain. Der

137 926 1365 76 Churfuͤrſt mit ſeinen Voͤlckern der Thonau zu, der von Friedland in

140 976 1359 77 Sachſen, allwo er ubel gehauſet. Mitten in dem Nobember kamen

137 1022 1362 85 die Kayſerliche und Schwediſche Armeen vor Luͤtzen zuſammen, all⸗

134 1075 1367 77 da ein blutiges Treffen vorbeygangen, und der Koͤnig Guſtavus gar

129 1126 1368 68 teitlich geblieben. Der General von Pappenhaimb ein hoch berlihm⸗

132 1174 1362 70 ler Held, (der dem Churfuͤrſten in Bayrn, ſonderbar diß Jahr gute

132 1219 1361 72 Dienſt gethan, und ein Schroͤcken war des gantzen Nider⸗Gaͤchſt⸗

128 1266 1365 74 ſchen Crayſes und aller ſich darinn befindenden Schweden) kam zu

129 1314 1355 77 einem Trumm dieſer Schlacht, erſetzte den wanckenden Sieg,

127 1360 1366 83 ſtreittete ritterlich, fiele aber endlich glorios von einem Schuß. Die

136 1414 1362 74 ViCori wurde jedermann denen Catholiſchen zugeſchrieben haben,

131 1464 1356 72 vann der von Friedland nit ſpoͤttlich, und ohne Noth, das Feld ge⸗

131 1518 1357 65 taumt haͤtte. Dieſe Schlacht ſolte 9000o. Mann beeder Seyts geko⸗

129 1563 1356 70 ſtet haben. Es iſt darbey auch geblieben der gefuͤrſte Abbt von Fulda

129 1612 1355 67 Lernardus, deſſen Leichnamb man allhero nacher Regenſpurg gebracht.

129 1659 1354 68 nd in unſerm Cloſter in S. Ramvoldi Grufft beygeſetzt hat. Zu End

131 1706 1348 72 ſes verſtrichenen und dieſes gantze Jahr iſt der Chur⸗Bayriſche Gene⸗

128 1755 1106 72 a Foann de Uertb gar gluͤckſeelig und victorios geweſen.

249 1807 1231 67 Anno 1627. wlinſchte der Koͤnig in Dennemarck, daßf er beede

123 1852 1354 72 ſtreittende Partheyen vergleichen, und die Vergieſſung ſo vier Chriſt⸗

131 1899 1346 85 dhen Bluts einſtellen moͤchte. Intimirt ſein gute Meynung denen

745 1958 150 71 Rrr 2

1309 1948 163 78 Schwe⸗
