1566 2270
76 90 85 61 506

574 85 46 57 nu

627 85 321 68 28 (0) E2

201 133 1260 78 Anno 1652. den 2. Fanuar. haben die Schweden underſehens

75 190 1386 68 Gelegenheit bekommen Chonauſtauff zu bezwingen, wie dann dieſes

79 239 1379 67 veſte Schloß den 11. hernach erobert worden. Man erachtet aber, e

78 286 1374 72 daͤrfft kuͤnfftig Regenſpurg mehr ſchaden als nutzen; dahero im Februa

80 331 1378 81 rio der Hertzog Bernaro ſelbiges miniren und ſprengen laſſen; wie

79 378 1375 83 nuch die Stadt am Hoff abzutragen, und neue Werek zu maͤchen aiu

79 430 212 69 befohlen.

336 438 65 52 s

839 443 96 48 07..

219 479 1147 93 Zn Anfang des 1622. Jahrs ſteng auch an des Gertgo.

1385 469 68 84 iot

80 544 1290 84 Fridland Untren gegen ſeinem Kayſer und Herrn, und Rachbeg

83 599 1327 76 keit gegen dem Churfuͤrſten in Bayrn an Lag zu kommen. Er beſt

83 649 1311 76 ſich alle tapffere Generales und hohe Ofhcier zu gewinnen, undd

1395 638 51 61 re

80 694 1299 80 wohl erſinnte Griffl ihme geneigt und getreu, dem Kayſer aber at

79 744 1329 78 zu machen Der erſt, der ihme anlobte, war der (au, der an

84 794 1312 77 ſein Schwager, Adam Erdmann, ſodann Leretins General⸗Le

78 842 1287 77 nannt uber die Cavalleria &c. Es verbanden ſich noch andere,

76 889 1291 77 die Principales beobachteten ihren dem Kayſer abgelegten Ayo,

79 939 1281 79 vor allen berichteten gedachter Maieſtaͤt der General Hallas, und

1412 943 26 58 e

74 984 1309 82 lomini des Fridlaͤnders Vorhaben, und wie weit er ſeine Correl

75 1034 1308 79 denz und Confaœderation mit dem Feind gebracht. Der Ki

75 1083 1313 82 lieſſe alſobald den 20. Januari ein General Edict an die gantze 2

1395 1082 42 58 ne

73 1132 1291 79 abgehen, in welchem der Fridlaͤnder des Generalats entſetzt,

78 1177 1297 77 Soldaten des Gehorſams entounden, und anbeſohlen worden,

70 1230 1321 94 nun Eoͤnte, ſle dieſen trenloſen General gefangen oder todt lifern

210 1300 1184 80 Dieſes Edid triebe den Reum von Piiſen auf Eger, deme

69 1351 1302 80 me enrgegen der Egeriſche Commendant Leßle von dem Obriſt?

1417 1344 20 55 e

78 1404 1269 74 nant Cordon beordert. Der Fridlaͤnder entdeckt ihme all ſein

1413 1389 19 56 .

70 1443 1305 82 haben, weil aber ſeibiges wider GOtt, wider den Kayſer, un.

1395 1438 56 65 die

75 1498 1363 73 gantze ehrbare Welt ware, hat er heimlich mit gedachtem Cordor un

70 1543 1358 77 Burrler conterirt, was zu thun ſeye, ſonderbar weil ihnen das Ka

68 1594 1296 75 ſerliche Edict auch zukommen. Machten alſo den Schluß ihmi

1388 1578 65 62 pas

70 1640 1247 77 Leben zu nehmen; zuvor aber ſeine Princtoal adherenten den

1367 1630 84 61 zau,

65 1684 1384 84 Tercko. Kineti, und Tkiman aus dem Weeg zu raumen. Deſes da

69 1730 1378 88 den ſie in einem Nachtmabl auf dem Schloß den 25. Marrif um har

68 1784 1378 79 bde 7. Uhr gluͤcklich vollbracht Nachdeme ſolches ohne F umult nbgan

69 1836 1378 73 gen, hat ſich der Burrler fuͤr des Fridlaͤnders Luartter gemachl⸗

74 1880 1373 101 und durch einen Hriaͤnder Devorarr, denſelben mit einer Hellebane

76 1935 88 61 ꝛn.i.

1332 1929 71 76 ent
