1978 2545
857 220 405 67 &Ad 00 Eeg--

339 264 1428 85 nus wie die Biſchoͤff denen Capitulis gewiſſe Aecker, und Parreyen zn deren Un⸗

340 315 520 69 terhalt angewieſen haben. ()

461 383 1303 65 So enffrig Carolus Magnus, Ludovieus Pius, und deren Nachſolger

339 429 1425 63 in verſchiedenen Conciliis, durch Anorduung des Canoniſchen Lebens nnter der

340 469 1418 75 Regel Crodegangi, und denen Canonibus gemaͤß, ſich erzeiget, auch vile Biſchoͤr⸗

342 517 1419 68 ſolches mit ihren Canonicis an vilen Orten eingefuͤhrt haben; ſo ware doch dieſes

339 561 1423 58 heylſame Werck theils ans anderen Ur ſachen nit ſͤberall in nollkommenen Stand ge-

338 603 1419 62 langen. Ja, mittls der Zeit, hat dieſes Collegial- oder Canoniſche Leden an vi⸗

336 646 1425 59 len Orten wieder abgenommen, welches in dem Enlfften Seculo, NTCOLAUSII.

336 688 1428 65 ALEXANDER II. GREGORIUSVIL. URBANUSIT. IVO Carnoten-

336 730 1428 71 tenlis, PETRUS DAMIIANI, widerumben in Flor zu bringen ſich ſehr bemu⸗

338 777 1422 69 het. Aber auch dieſes hat uͤber ein Jahrhundert in denen Hoch⸗Stifftern keine Dau⸗

338 824 1423 61 re gehabt, obwohlen an einigen Orten etwas laͤngers (1). Wer von deſer Ma⸗

338 868 1423 62 terie, von denen Capitulis Eccleſiarum Catbedralium, deren Hoch⸗Stiſftern, und

336 907 1422 65 anderen, mehrers zu wiſſen verlanget, der leſe Thomaſlinum de Veteri & No-

339 947 880 66 va Dilciplina circa Beneſicia & Beneſiciarios.

458 1013 1306 75 Ob nun die Canonici, welche nach Erzehlung unſeres Arnoldi, mit denen

338 1059 1422 74 Moͤnchen zn S. Emmeram in Regierung des Biſtumbs Negenſpurg als Biſchaͤtf,

335 1108 1423 64 abgewechslet haben, mit diſen Moͤnchen oder in einen anderen Collegio, gemein⸗

336 1152 1424 66 ſchafftlich, in communitate, gelebet haben? kan aus Arnoldo nichts gewiſſes

338 1203 1419 59 geſagt werden. Arnoldus ſaget nur, daß dieſe Gewohnheit (der Abwechslung)

335 1237 1422 69 urque ad noſtra tempora, biß zu Zeiten S. VVolfgangi, gedauert habe. Der Bi⸗

335 1280 1423 61 ſchuͤfliche Sitz iſt vorhero lang (zu Caroli A. Zeiten,) von S. Emmeram hmnweg⸗

335 1323 1426 62 und in die Stadt verſetzet worden. Es haben zwar BA THURICUS der Vierte

338 1368 1419 61 Regenſpurgeriſche Biſchoff, und ſeine Nachkoͤmmling das Cloſter S. Emmerami biß

332 1413 1422 65 auf S. Wollgangi Zeiten widerumen ſich zugerignet. Allein es iſt nit zn fnden, ob

333 1457 1425 65 der Biſchoͤfliche Sis, nach Abſierden ADALMVINI drirten Biſchoffens, wieder

332 1501 1423 62 in das Cloſter verſetzet worden. Arnoldus, der in Eilfften Seculo geſchrieben,

336 1543 1418 60 ſaget nur, daß der Biſchoͤfliche Sitz unter Carolo A. in die Stadt verſetzet worden.

333 1586 1417 56 Er ſchreibet aber nicht, dat hinnach widerum mit dieſen Sitz ein Aenderung ge-

335 1620 1416 76 ſchehen ſeyes obwohlen die Biſchoͤn das Cloſter hinnach viderumben regerer ha⸗

332 1675 82 58 den.

363 2064 474 59 (1) Parte lIl. lib. 2. cꝛp. 21.

362 2105 580 89 ſ) Lonall vn e h nd. 1. err. r..

1608 1836 139 86 CA-
