1566 2270
89 141 96 55 612

594 142 45 59 und

759 139 218 67 O) Eag-

87 190 1383 69 aen, mit dero Suite nach Regenſpurg, und hatten wir mehrmahlen

88 244 1374 68 die hoͤchſte Gnad, daß Hoͤchſt⸗DDieſelbe das Abſteig⸗Quartier in un

90 295 1370 64 ſern Stifft genommen, und allda ubernachtet hat. Des andern Tag.

93 343 1373 66 (den 22. Octobris) nach angehoͤrter Heil. Meß gienge Seine Hohei

90 392 1372 65 wieder zu Land, nach Wien. Geſtern Nachts (als am 22. Octo

92 436 1374 70 bris) ware lllumination in unſerem Hof, vor der Reſidenz, in wel⸗

90 488 1381 66 cher Seine HHoheit das Quartier genommen. Es wurden auch in der

93 538 1373 67 Stadt an vielen Orthen, beſonders bey der aufgerichteten Ehren⸗Portt

89 588 1374 62 an dem Weinthor, verſchredene Iluminationes gemacht.. Den 22

90 635 1371 64 Octobris Abends nach 8. Uhr, kamen auch nach St. Emmeram, il

90 684 1361 63 dero voriges Quartier ſammentliche Fitl. Titl. Kayſerliche .Ho

89 731 1372 66 Dames, welche den 22. Octobris allhier verblieben, und den 27. Frul

92 778 1302 75 Morgens auf ihren zubereitteten Schiffen, zu Waſſer, nach 2

1432 779 31 64 e.

90 831 240 64 abgefahren.

225 872 1232 72 Den 26. Novembris 1727. kame unter Paradirung der Stadt

92 926 1366 71 Reutterey ꝛc. allhero, Titl. Titl. Foſeph Ernſt, Fuͤrſt von Fuͤrſten

92 978 1357 64 berg ꝛc. als kuͤnfftiger, bey den nach Regenſpurg wiederum z

93 1025 1360 67 fammen beruffenen Reichs⸗ Convent Hoͤchſt⸗ anſehnlicher Kayſerl⸗

93 1073 1367 63 cher Principal-Commiſlarius, ſo Geine vorhin bey St. Emmeram ge

92 1121 1019 60 habte Wohnung und Reſidenz wiederum bezogen.

224 1169 1232 68 Den 29. Novembris erſcheinen Titl. Titl. die Hoch⸗ anſehnll

97 1219 1336 68 che Geſandtſchafften auf den Reichs⸗ Tag das erſtemahl wiederum

89 1266 449 66 auf den Rath⸗ Hauß.

219 1307 1237 73 Den 1z. Jenner 1726. benennte Benecictus XTV. Roͤmiſche

92 1365 1360 66 Pabſt, ſoannem. Theodorum Herzogen in Bayrn, Biſchoffenì

95 1413 1344 67 Freyfing, Regenſpurg und Luͤttich, als CARDINALEM PRESB.

95 1459 216 58 TERUM.

222 1508 1240 70 Deu 13. May 1726. wurde Titl. Titl. Prins Carl Herzog vot

90 1556 1358 68 Lothringen von geſammten hohen Reichs⸗Staͤnden, als des Roͤmiſche

89 1605 853 67 Reichs General⸗ Feld⸗Marſchall erklaͤret.

224 1653 1230 70 Den vierdten Sonntag nach Oſtern celebrirten allhier RR. Pt

92 1702 1350 72 Capucini ein acht Taͤgige Andacht wegen Canonilirung deren HHeilige

89 1751 1359 72 S. Fidelis, Mart. von Sigmaring, und S. ſoſephi à Leoniſla Capt

90 1804 298 59 ciner⸗ Ordens.

227 1842 1240 77 Den 5. May 1727. wurde gebohren Petrus, Leopoldus ſoſe

92 1900 1373 67 phus, ſoachimus, Antonius, Pius, Gothardus Ertzherzog in Oeſter⸗

95 1947 1363 74 reich Francilci L. Roͤmiſchen Kayſers, und Marig Therelie, Koͤnigt

1425 1984 47 60 int
