<?xml version="1.0" encoding="UTF-8"?>
<alto xmlns:xsi="http://www.w3.org/2001/XMLSchema-instance"
      xmlns="http://www.loc.gov/standards/alto/ns-v4#"
      xsi:schemaLocation="http://www.loc.gov/standards/alto/ns-v4# http://www.loc.gov/standards/alto/v4/alto-4-2.xsd">
  <Description>
    <MeasurementUnit>pixel</MeasurementUnit>
    <sourceImageInformation>
      <fileName>image294.jpg</fileName>
      <fileIdentifier>https://archiv.ub.uni-marburg.de/eb/2010/0168</fileIdentifier>
    </sourceImageInformation>
  </Description>
  <Tags>
    <OtherTag ID="BT1" LABEL="Title" DESCRIPTION="block type Title"/><OtherTag ID="BT2" LABEL="Main" DESCRIPTION="block type Main"/><OtherTag ID="BT3" LABEL="Commentary" DESCRIPTION="block type Commentary"/><OtherTag ID="BT4" LABEL="Illustration" DESCRIPTION="block type Illustration"/><OtherTag ID="BT42" LABEL="text" DESCRIPTION="block type text"/>
    <OtherTag ID="LT33" LABEL="default" DESCRIPTION="line type default"/>
  </Tags>
  <Layout>
    <Page WIDTH="1935"
          HEIGHT="2499"
          PHYSICAL_IMG_NR="294"
          ID="eSc_dummypage_">
      <PrintSpace HPOS="0"
                  VPOS="0"
                  WIDTH="1935"
                  HEIGHT="2499">
        <TextBlock HPOS="427"
                   VPOS="205"
                   WIDTH="105"
                   HEIGHT="54"
                   ID="eSc_textblock_13fe62d0"
                   TAGREFS="BT42">
          <Shape><Polygon POINTS="458 205 526 211 532 248 438 259 427 227 458 205"/></Shape>
          <TextLine ID="eSc_line_98122930"
                    TAGREFS="LT33"
                    BASELINE="433 247 525 244" 
                    HPOS="433"
                    VPOS="205"
                    WIDTH="92"
                    HEIGHT="65">
            <Shape><Polygon POINTS="515 209 501 208 487 206 475 205 444 212 434 233 433 247 433 270 525 270 525 244 522 209 515 209"/></Shape>
            <String CONTENT="16s"
                    HPOS="433"
                    VPOS="205"
                    WIDTH="92"
                    HEIGHT="65"
                    WC="0.9995163877805074"></String>
          </TextLine>
        </TextBlock>
        <TextBlock HPOS="427"
                   VPOS="211"
                   WIDTH="1396"
                   HEIGHT="531"
                   ID="eSc_textblock_d12b3483"
                   TAGREFS="BT42">
          <Shape><Polygon POINTS="1034 211 1346 222 1346 287 1280 309 1473 349 1484 442 1436 472 1823 499 1823 653 1714 676 1634 726 1407 737 1054 742 975 720 427 698 433 466 797 460 809 338 1019 310 1014 287 943 276 937 233 1034 211"/></Shape>
          <TextLine ID="eSc_line_074766d1"
                    TAGREFS="LT33"
                    BASELINE="945 248 1059 261 1212 261 1337 251" 
                    HPOS="944"
                    VPOS="211"
                    WIDTH="393"
                    HEIGHT="70">
            <Shape><Polygon POINTS="1333 220 1319 220 1305 220 1291 219 1277 219 1276 217 1275 219 1273 217 1264 217 1250 217 1236 217 1222 216 1219 216 1216 219 1197 216 1194 216 1180 215 1166 215 1159 215 1157 217 1152 215 1152 215 1139 213 1125 213 1112 216 1108 212 1097 212 1083 212 1077 211 1061 215 1048 211 1041 211 1032 211 1025 217 1015 213 1014 215 1000 217 986 220 972 223 958 227 952 227 945 248 944 269 1016 280 1018 281 1127 281 1127 280 1129 280 1157 272 1175 280 1176 280 1177 280 1179 280 1202 272 1294 280 1296 280 1336 270 1337 251 1333 220 1333 220"/></Shape>
            <String CONTENT="ds (o) Ehg-"
                    HPOS="944"
                    VPOS="211"
                    WIDTH="393"
                    HEIGHT="70"
                    WC="0.910102138465101"></String>
          </TextLine>
          <TextLine ID="eSc_line_59adf3a1"
                    TAGREFS="LT33"
                    BASELINE="822 422 1469 430" 
                    HPOS="820"
                    VPOS="324"
                    WIDTH="649"
                    HEIGHT="127">
            <Shape><Polygon POINTS="822 422 820 434 850 444 851 444 852 444 901 437 995 445 997 445 998 445 1029 438 1077 447 1079 447 1144 440 1187 448 1189 448 1252 441 1466 451 1469 430 1468 385 1287 384 1226 331 1225 331 1223 331 1222 331 1184 338 1147 324 1145 324 1084 324 1083 324 1082 324 1054 337 1008 331 1007 331 1005 331 1004 331 979 347 948 330 947 330 945 330 944 330 943 330 923 344 897 327 895 327 894 327 893 327 822 342 822 422"/></Shape>
            <String CONTENT="CAPUTAL."
                    HPOS="820"
                    VPOS="324"
                    WIDTH="649"
                    HEIGHT="127"
                    WC="0.9899302646517754"></String>
          </TextLine>
          <TextLine ID="eSc_line_256a5aab"
                    TAGREFS="LT33"
                    BASELINE="558 527 1512 545 1818 537" 
                    HPOS="557"
                    VPOS="472"
                    WIDTH="1261"
                    HEIGHT="97">
            <Shape><Polygon POINTS="1794 497 1780 495 1766 495 1753 494 1718 498 1693 488 1683 488 1669 488 1665 487 1593 487 1591 487 1532 501 1433 484 1432 484 1343 491 1321 483 1319 483 1229 483 1227 483 1226 483 1177 495 868 492 558 472 558 527 557 540 591 548 593 548 723 544 782 556 783 556 784 556 825 545 866 558 868 558 869 559 939 559 939 558 940 558 957 549 989 558 990 558 991 558 993 558 1018 549 1044 559 1045 559 1047 559 1104 553 1173 560 1175 560 1241 552 1277 563 1279 563 1393 565 1394 565 1396 565 1415 556 1437 566 1439 566 1440 566 1511 559 1544 567 1546 567 1547 567 1548 567 1582 558 1626 569 1628 569 1629 569 1816 558 1818 537 1818 503 1807 497 1794 497"/></Shape>
            <String CONTENT="Er 16te Adbt unſers Cloſters war Reinhardus, regierre 1,. Fabe⸗"
                    HPOS="557"
                    VPOS="472"
                    WIDTH="1261"
                    HEIGHT="97"
                    WC="0.9836910669765775"></String>
          </TextLine>
          <TextLine ID="eSc_line_de59b6c7"
                    TAGREFS="LT33"
                    BASELINE="469 623 1527 646 1772 644" 
                    HPOS="468"
                    VPOS="581"
                    WIDTH="1304"
                    HEIGHT="90">
            <Shape><Polygon POINTS="468 637 588 646 590 646 661 642 693 651 694 651 695 651 809 646 880 653 882 653 883 653 884 653 897 646 1165 660 1166 660 1322 656 1341 663 1343 663 1344 663 1508 660 1653 670 1654 670 1696 663 1726 671 1728 671 1729 671 1771 665 1772 644 1769 606 1716 615 1679 605 1678 605 1676 605 1675 605 1644 615 1632 605 1630 605 1629 605 1628 605 1594 609 1566 602 1565 602 1564 602 1502 612 1408 601 1407 601 1372 609 1301 609 1268 598 1266 598 1265 598 1230 605 1030 603 1004 594 1002 594 1001 594 961 601 894 588 893 588 891 588 857 598 800 587 798 587 694 595 555 581 554 581 494 591 470 581 469 623 468 637"/></Shape>
            <String CONTENT="V der 17te Abbt Theodoricus oder Dietericus; behtelte die 2"
                    HPOS="468"
                    VPOS="581"
                    WIDTH="1304"
                    HEIGHT="90"
                    WC="0.9918690455161919"></String>
          </TextLine>
          <TextLine ID="eSc_line_90bdf846"
                    TAGREFS="LT33"
                    BASELINE="579 577 1019 591 1686 598 1783 592" 
                    HPOS="577"
                    VPOS="537"
                    WIDTH="1206"
                    HEIGHT="83">
            <Shape><Polygon POINTS="579 577 577 592 841 596 855 606 857 606 858 606 859 606 897 598 933 608 934 608 936 608 1001 601 1014 609 1015 609 1016 609 1077 610 1079 610 1308 608 1361 615 1362 615 1450 608 1511 616 1512 616 1514 616 1536 609 1548 617 1550 617 1551 617 1608 619 1730 620 1732 620 1782 610 1783 592 1782 553 1744 553 1743 553 1741 553 1708 567 1665 552 1664 552 1662 552 1661 552 1629 560 1616 552 1615 552 1614 552 1565 551 1564 551 1562 551 1561 551 1540 566 1521 566 1452 556 1451 556 1308 560 1273 549 1272 549 1271 549 1269 549 1241 559 1225 547 1223 547 1222 547 1221 547 1219 547 1189 559 1155 548 1154 548 1152 548 1151 548 1130 559 1086 559 1018 542 1016 542 901 555 855 555 814 538 812 538 811 538 754 547 722 537 720 537 579 537 579 577"/></Shape>
            <String CONTENT="11. Monath, 17. Tag, ſtarb Anno 1110. Dieſem fol"
                    HPOS="577"
                    VPOS="537"
                    WIDTH="1206"
                    HEIGHT="83"
                    WC="0.9846477371950945"></String>
          </TextLine>
          <TextLine ID="eSc_line_ac2e0a6e"
                    TAGREFS="LT33"
                    BASELINE="430 676 1004 694 1643 699" 
                    HPOS="430"
                    VPOS="633"
                    WIDTH="1213"
                    HEIGHT="91">
            <Shape><Polygon POINTS="430 676 432 702 463 694 615 706 705 708 707 708 708 708 743 699 758 709 759 709 761 709 762 709 763 709 786 701 890 701 909 712 911 712 912 712 1108 709 1218 717 1219 717 1271 709 1291 719 1293 719 1294 719 1419 712 1640 724 1643 699 1643 669 1551 656 1550 656 1498 665 1487 656 1486 656 1484 656 1418 652 1416 652 1415 652 1387 660 1375 651 1373 651 1372 651 1371 651 1369 651 1341 658 1319 649 1318 649 1316 649 1148 658 1127 645 1126 645 1125 645 1123 645 1122 645 1105 653 1076 645 1075 645 1073 645 980 655 955 642 954 642 952 642 951 642 930 652 811 640 809 640 808 640 780 651 759 642 758 642 757 642 755 642 729 649 684 637 683 637 600 635 598 635 597 635 576 646 547 638 545 638 544 638 505 645 430 633 430 676"/></Shape>
            <String CONTENT="tey 19. Jahr, 2. Monath, 7. Taͤg, und ſtarb Anno 1129."
                    HPOS="430"
                    VPOS="633"
                    WIDTH="1213"
                    HEIGHT="91"
                    WC="0.9847236375013987"></String>
          </TextLine>
        </TextBlock>
        <TextBlock HPOS="416"
                   VPOS="766"
                   WIDTH="1407"
                   HEIGHT="931"
                   ID="eSc_textblock_1f535a4d"
                   TAGREFS="BT42">
          <Shape><Polygon POINTS="990 766 1301 777 1323 842 1280 860 1291 882 1818 905 1812 1209 1773 1216 1818 1266 1823 1670 1801 1697 1741 1686 1747 1621 1723 1609 1380 1620 1307 1642 455 1631 422 1614 416 1044 433 882 1002 871 948 837 954 783 990 766"/></Shape>
          <TextLine ID="eSc_line_f38ce1da"
                    TAGREFS="LT33"
                    BASELINE="969 828 1308 834" 
                    HPOS="968"
                    VPOS="769"
                    WIDTH="340"
                    HEIGHT="88">
            <Shape><Polygon POINTS="1302 792 1257 792 1216 777 1215 777 1214 777 1212 777 1172 789 1148 787 1134 773 1134 771 1133 771 1132 771 1130 771 1070 773 1069 773 1068 773 1068 774 1054 788 1040 788 1007 770 1005 770 979 769 969 774 969 828 968 842 984 851 986 851 987 851 1052 844 1097 855 1098 855 1100 855 1101 855 1127 848 1148 856 1150 856 1151 856 1152 856 1175 848 1183 856 1184 856 1186 856 1223 857 1225 857 1307 846 1308 834 1308 805 1302 792"/></Shape>
            <String CONTENT="Incidentia."
                    HPOS="968"
                    VPOS="769"
                    WIDTH="340"
                    HEIGHT="88"
                    WC="0.999868550083854"></String>
          </TextLine>
          <TextLine ID="eSc_line_cd74de3e"
                    TAGREFS="LT33"
                    BASELINE="523 930 1251 948 1787 949" 
                    HPOS="523"
                    VPOS="884"
                    WIDTH="1264"
                    HEIGHT="83">
            <Shape><Polygon POINTS="523 930 523 952 559 946 587 953 588 953 590 953 643 948 889 959 890 959 952 953 969 960 970 960 1784 967 1787 949 1786 906 1705 914 1534 910 1515 901 1514 901 1512 901 1511 901 1509 901 1494 910 1111 896 1109 896 1065 903 1022 892 1020 892 889 889 887 889 825 899 798 888 797 888 795 888 747 898 644 898 523 884 523 930"/></Shape>
            <String CONTENT="Nno 1091. ſtarb ſeeliglich unſers Cloſters Profels, und des &amp;"
                    HPOS="523"
                    VPOS="884"
                    WIDTH="1264"
                    HEIGHT="83"
                    WC="0.9852566943794"></String>
          </TextLine>
          <TextLine ID="eSc_line_4adf32c0"
                    TAGREFS="LT33"
                    BASELINE="438 975 582 985 1184 999 1734 1000" 
                    HPOS="437"
                    VPOS="937"
                    WIDTH="1297"
                    HEIGHT="86">
            <Shape><Polygon POINTS="438 975 437 998 1643 1023 1644 1023 1733 1016 1734 1000 1734 967 1633 956 1632 956 1465 962 1447 952 1446 952 1444 952 1391 959 1340 952 1339 952 1293 959 1122 957 1069 948 1068 948 1012 955 919 944 918 944 916 944 893 952 816 944 815 944 814 944 786 951 737 941 736 941 601 946 555 938 554 938 504 946 491 938 490 938 488 938 438 937 438 975"/></Shape>
            <String CONTENT="T X ſters HHirſchau im Wirtenberger⸗ Land lobwurdiger Abbt S."
                    HPOS="437"
                    VPOS="937"
                    WIDTH="1297"
                    HEIGHT="86"
                    WC="0.9972683093586906"></String>
          </TextLine>
          <TextLine ID="eSc_line_9caadc29"
                    TAGREFS="LT33"
                    BASELINE="426 1030 1246 1050 1744 1052" 
                    HPOS="425"
                    VPOS="988"
                    WIDTH="1319"
                    HEIGHT="85">
            <Shape><Polygon POINTS="426 1030 425 1046 1741 1073 1744 1052 1743 1016 1432 1016 1312 1005 1311 1005 1273 1012 1150 1003 1148 1003 1098 1009 1058 1000 1057 1000 1055 1000 1026 1007 1001 999 1000 999 998 999 955 1006 873 996 872 996 738 1002 722 994 720 994 659 992 658 992 523 998 445 988 444 988 443 988 426 994 426 1030"/></Shape>
            <String CONTENT="tielmus (Wilhelmus) von deme oben in dem 2.. Capitel kleine"
                    HPOS="425"
                    VPOS="988"
                    WIDTH="1319"
                    HEIGHT="85"
                    WC="0.9975394535872896"></String>
          </TextLine>
          <TextLine ID="eSc_line_ca1b95f6"
                    TAGREFS="LT33"
                    BASELINE="429 1084 1286 1102 1736 1102" 
                    HPOS="427"
                    VPOS="1044"
                    WIDTH="1309"
                    HEIGHT="83">
            <Shape><Polygon POINTS="429 1084 427 1098 476 1107 477 1107 479 1107 502 1100 558 1109 559 1109 809 1105 864 1113 865 1113 972 1107 983 1116 984 1116 986 1116 1097 1117 1098 1117 1100 1117 1114 1110 1175 1118 1176 1118 1226 1112 1269 1120 1271 1120 1354 1116 1483 1124 1484 1124 1536 1117 1665 1127 1666 1127 1734 1118 1736 1102 1734 1070 1676 1062 1675 1062 1673 1062 1654 1067 1644 1060 1643 1060 1641 1060 1640 1060 1532 1066 1450 1056 1448 1056 1336 1063 1223 1052 1222 1052 1221 1052 1193 1060 1143 1050 1141 1050 1090 1059 1073 1050 1072 1050 1070 1050 926 1055 883 1046 882 1046 814 1053 726 1044 725 1044 429 1046 429 1084"/></Shape>
            <String CONTENT="regung geſchehen. Aus dieſes heiligen Vatters Anleitung haben"
                    HPOS="427"
                    VPOS="1044"
                    WIDTH="1309"
                    HEIGHT="83"
                    WC="0.9996800989401146"></String>
          </TextLine>
          <TextLine ID="eSc_line_4c7dedab"
                    TAGREFS="LT33"
                    BASELINE="433 1137 1364 1153 1754 1150" 
                    HPOS="432"
                    VPOS="1092"
                    WIDTH="1322"
                    HEIGHT="86">
            <Shape><Polygon POINTS="433 1137 432 1150 601 1159 602 1159 647 1153 662 1163 663 1163 665 1163 666 1163 844 1156 980 1168 982 1168 1045 1159 1116 1168 1118 1168 1119 1168 1133 1162 1240 1170 1241 1170 1243 1170 1262 1164 1284 1173 1286 1173 1287 1173 1289 1173 1316 1166 1361 1174 1362 1174 1415 1167 1461 1175 1462 1175 1612 1171 1661 1178 1662 1178 1753 1167 1754 1150 1751 1110 1657 1118 1579 1118 1559 1107 1558 1107 1557 1107 1473 1116 1380 1107 1379 1107 1311 1113 1250 1103 1248 1103 1247 1103 1215 1112 1141 1112 1123 1102 1122 1102 1120 1102 1119 1102 1102 1110 994 1110 941 1099 940 1099 900 1107 883 1099 882 1099 880 1099 776 1106 758 1096 757 1096 675 1095 673 1095 579 1103 433 1092 433 1137"/></Shape>
            <String CONTENT="Jahr viel Fuͤrſten und Herrn auch deroſelben Frauen Verdruß at"
                    HPOS="432"
                    VPOS="1092"
                    WIDTH="1322"
                    HEIGHT="86"
                    WC="0.987514135337645"></String>
          </TextLine>
          <TextLine ID="eSc_line_2c5217d0"
                    TAGREFS="LT33"
                    BASELINE="433 1187 1507 1207 1754 1202" 
                    HPOS="432"
                    VPOS="1142"
                    WIDTH="1322"
                    HEIGHT="88">
            <Shape><Polygon POINTS="433 1187 432 1200 487 1209 488 1209 548 1203 630 1212 632 1212 708 1206 839 1214 840 1214 841 1214 865 1209 873 1216 875 1216 876 1216 877 1216 939 1210 964 1217 965 1217 966 1217 1111 1213 1154 1220 1751 1230 1754 1202 1751 1164 1676 1174 1659 1166 1658 1166 1657 1166 1655 1166 1633 1173 1544 1166 1543 1166 1515 1171 1490 1163 1489 1163 1487 1163 1444 1170 1408 1159 1407 1159 1405 1159 1404 1159 1379 1168 1266 1156 1265 1156 1232 1163 1173 1157 1172 1157 1171 1157 1169 1157 1159 1164 1143 1156 1141 1156 1140 1156 1045 1163 1023 1155 1022 1155 1020 1155 1019 1155 1018 1155 1005 1162 889 1162 873 1150 872 1150 870 1150 869 1150 868 1150 866 1150 852 1160 791 1160 743 1150 741 1150 684 1156 626 1145 625 1145 593 1152 579 1145 577 1145 433 1142 433 1187"/></Shape>
            <String CONTENT="Welt bekommen, und entweders in die Cloͤſter kommen, und gei"
                    HPOS="432"
                    VPOS="1142"
                    WIDTH="1322"
                    HEIGHT="88"
                    WC="0.9854723155498505"></String>
          </TextLine>
          <TextLine ID="eSc_line_3d9d26ec"
                    TAGREFS="LT33"
                    BASELINE="430 1234 1489 1255" 
                    HPOS="429"
                    VPOS="1192"
                    WIDTH="1060"
                    HEIGHT="82">
            <Shape><Polygon POINTS="430 1234 429 1249 501 1260 502 1260 636 1255 855 1267 857 1267 907 1260 927 1268 929 1268 930 1268 972 1261 982 1268 983 1268 984 1268 986 1268 1058 1263 1070 1271 1072 1271 1073 1271 1075 1271 1116 1266 1134 1273 1136 1273 1137 1274 1487 1274 1489 1255 1489 1218 1332 1210 1330 1210 1279 1217 1236 1207 1234 1207 1162 1214 1127 1205 1126 1205 1125 1205 995 1212 923 1200 922 1200 875 1209 827 1199 826 1199 765 1206 754 1198 752 1198 751 1198 750 1198 748 1198 719 1205 700 1196 698 1196 697 1196 583 1203 573 1195 572 1195 570 1195 569 1195 568 1195 557 1200 522 1193 520 1193 519 1193 502 1202 430 1192 430 1234"/></Shape>
            <String CONTENT="worden, oder in ihren Stand Cloͤſterlich gelebt. (2)"
                    HPOS="429"
                    VPOS="1192"
                    WIDTH="1060"
                    HEIGHT="82"
                    WC="0.9969905397066703"></String>
          </TextLine>
          <TextLine ID="eSc_line_3c87c668"
                    TAGREFS="LT33"
                    BASELINE="565 1296 1589 1317 1787 1316" 
                    HPOS="563"
                    VPOS="1249"
                    WIDTH="1224"
                    HEIGHT="92">
            <Shape><Polygon POINTS="565 1296 563 1310 580 1318 582 1318 583 1318 584 1318 605 1311 691 1318 693 1318 743 1313 754 1320 755 1320 757 1320 758 1320 759 1320 782 1314 804 1323 805 1323 807 1323 905 1316 1069 1328 1070 1328 1114 1323 1191 1330 1193 1330 1194 1330 1214 1321 1432 1335 1433 1335 1497 1328 1525 1336 1526 1336 1527 1336 1529 1336 1551 1331 1715 1341 1716 1341 1786 1331 1787 1316 1786 1273 1694 1271 1693 1271 1653 1280 1641 1270 1640 1270 1639 1270 1637 1270 1572 1278 1489 1267 1487 1267 1429 1275 1418 1267 1416 1267 1415 1267 1414 1267 1358 1274 1339 1264 1337 1264 1336 1264 1268 1271 1229 1264 1227 1264 1226 1264 1211 1271 1147 1270 1134 1260 1133 1260 1132 1260 1130 1260 1129 1260 1111 1268 1068 1259 1066 1259 998 1267 952 1257 951 1257 861 1264 848 1255 847 1255 845 1255 844 1255 809 1256 808 1256 787 1263 768 1253 766 1253 765 1253 720 1261 565 1249 565 1296"/></Shape>
            <String CONTENT="Als der Kayſer wider Fried in Ztalia und anderer Orthen⸗"
                    HPOS="563"
                    VPOS="1249"
                    WIDTH="1224"
                    HEIGHT="92"
                    WC="0.9882481428129333"></String>
          </TextLine>
          <TextLine ID="eSc_line_d2de9f2c"
                    TAGREFS="LT33"
                    BASELINE="427 1348 1737 1368" 
                    HPOS="426"
                    VPOS="1305"
                    WIDTH="1311"
                    HEIGHT="80">
            <Shape><Polygon POINTS="427 1348 426 1359 498 1360 512 1370 513 1370 515 1370 516 1370 601 1363 651 1371 652 1371 688 1364 708 1373 709 1373 711 1373 777 1366 873 1375 875 1375 952 1368 1139 1380 1140 1380 1352 1375 1475 1385 1476 1385 1736 1384 1737 1368 1737 1330 1515 1321 1514 1321 1400 1327 1389 1320 1387 1320 1386 1320 1384 1320 1333 1325 1271 1317 1269 1317 1215 1324 1201 1316 1200 1316 1198 1316 1197 1316 1134 1323 1112 1314 1111 1314 1109 1314 1039 1321 1014 1313 1012 1313 1011 1313 864 1318 775 1309 773 1309 702 1316 690 1307 688 1307 687 1307 686 1307 644 1313 600 1306 598 1306 558 1313 512 1305 511 1305 427 1311 427 1348"/></Shape>
            <String CONTENT="macht, kam er wider gen Regenſpurg, hielte einen Reichs⸗Tag."
                    HPOS="426"
                    VPOS="1305"
                    WIDTH="1311"
                    HEIGHT="80"
                    WC="0.9805480241775513"></String>
          </TextLine>
          <TextLine ID="eSc_line_6e38278f"
                    TAGREFS="LT33"
                    BASELINE="427 1398 1422 1418 1739 1416" 
                    HPOS="426"
                    VPOS="1353"
                    WIDTH="1313"
                    HEIGHT="90">
            <Shape><Polygon POINTS="427 1398 426 1416 508 1416 523 1423 525 1423 526 1423 566 1416 607 1424 608 1424 644 1417 669 1425 670 1425 672 1425 808 1420 829 1428 830 1428 832 1428 941 1423 1052 1432 1054 1432 1097 1425 1126 1434 1127 1434 1129 1434 1259 1428 1279 1436 1280 1436 1357 1438 1358 1438 1476 1432 1487 1439 1489 1439 1490 1439 1491 1439 1583 1435 1608 1442 1609 1442 1611 1442 1647 1435 1707 1443 1708 1443 1709 1443 1737 1435 1739 1416 1736 1381 1557 1375 1555 1375 1511 1382 1446 1373 1444 1373 1359 1380 1282 1367 1280 1367 1233 1377 1127 1364 1126 1364 1082 1374 1051 1363 1050 1363 1048 1363 1047 1363 1022 1371 977 1361 976 1361 902 1371 865 1360 864 1360 862 1360 861 1360 844 1368 805 1359 804 1359 802 1359 690 1367 672 1356 670 1356 669 1356 668 1356 666 1356 654 1361 594 1355 593 1355 591 1355 569 1366 526 1366 509 1353 508 1353 507 1353 505 1353 427 1361 427 1398"/></Shape>
            <String CONTENT="nahm Hertzog Velphen ſambt all ſein Erden wider zu Gnadei"
                    HPOS="426"
                    VPOS="1353"
                    WIDTH="1313"
                    HEIGHT="90"
                    WC="0.9988216297668323"></String>
          </TextLine>
          <TextLine ID="eSc_line_2e5e6f3b"
                    TAGREFS="LT33"
                    BASELINE="1769 1403 1793 1395" 
                    HPOS="1758"
                    VPOS="1364"
                    WIDTH="40"
                    HEIGHT="53">
            <Shape><Polygon POINTS="1769 1403 1773 1417 1798 1414 1793 1395 1780 1364 1758 1371 1769 1403"/></Shape>
            <String CONTENT="ꝛi"
                    HPOS="1758"
                    VPOS="1364"
                    WIDTH="40"
                    HEIGHT="53"
                    WC="0.9999822974205017"></String>
          </TextLine>
          <TextLine ID="eSc_line_4edd63af"
                    TAGREFS="LT33"
                    BASELINE="429 1450 1500 1471 1737 1466" 
                    HPOS="427"
                    VPOS="1407"
                    WIDTH="1310"
                    HEIGHT="84">
            <Shape><Polygon POINTS="429 1450 427 1464 480 1473 482 1473 541 1466 586 1473 587 1473 688 1470 704 1477 705 1477 707 1477 780 1470 862 1479 864 1479 937 1473 1020 1482 1022 1482 1094 1477 1261 1486 1262 1486 1318 1479 1343 1488 1344 1488 1346 1488 1396 1481 1416 1489 1418 1489 1419 1491 1736 1491 1737 1466 1733 1429 1703 1439 1689 1429 1687 1429 1686 1429 1684 1429 1643 1438 1626 1429 1625 1429 1623 1429 1622 1429 1605 1438 1579 1427 1578 1427 1576 1427 1575 1427 1554 1438 1511 1438 1484 1425 1483 1425 1482 1425 1415 1432 1348 1424 1347 1424 1289 1432 1234 1421 1233 1421 1134 1429 1090 1418 1089 1418 1087 1418 1086 1418 1084 1418 1068 1429 1023 1429 837 1425 818 1416 816 1416 815 1416 814 1416 794 1423 779 1413 777 1413 776 1413 775 1413 687 1421 622 1410 620 1410 500 1416 429 1407 429 1450"/></Shape>
            <String CONTENT="Man ruͤſtete ſich Anno 1092. abermal zu einem Zug in das ge"
                    HPOS="427"
                    VPOS="1407"
                    WIDTH="1310"
                    HEIGHT="84"
                    WC="0.9860570986392134"></String>
          </TextLine>
          <TextLine ID="eSc_line_83de6cb8"
                    TAGREFS="LT33"
                    BASELINE="430 1502 1357 1520 1737 1520" 
                    HPOS="429"
                    VPOS="1459"
                    WIDTH="1308"
                    HEIGHT="83">
            <Shape><Polygon POINTS="430 1502 429 1514 454 1524 455 1524 457 1524 568 1517 632 1527 633 1527 694 1520 780 1529 782 1529 783 1529 784 1529 797 1521 808 1529 809 1529 811 1529 812 1529 1084 1527 1108 1535 1109 1535 1111 1535 1112 1535 1141 1528 1164 1536 1165 1536 1166 1536 1327 1532 1404 1541 1405 1542 1475 1542 1475 1541 1476 1541 1477 1541 1487 1534 1525 1542 1526 1542 1736 1535 1737 1520 1734 1479 1664 1485 1641 1478 1640 1478 1639 1478 1637 1478 1615 1491 1572 1491 1501 1481 1500 1481 1418 1485 1387 1474 1386 1474 1384 1474 1383 1474 1364 1485 1322 1485 1250 1482 1230 1471 1229 1471 1227 1471 1077 1481 1033 1473 1032 1473 1030 1473 1002 1479 973 1467 972 1467 970 1467 908 1478 847 1466 845 1466 807 1474 609 1461 608 1461 607 1461 572 1473 519 1460 518 1460 516 1460 494 1468 480 1459 479 1459 477 1459 430 1459 430 1502"/></Shape>
            <String CONTENT="Land. Viel vornehme Herrn verwilligten mitzuziehen. Unte."
                    HPOS="429"
                    VPOS="1459"
                    WIDTH="1308"
                    HEIGHT="83"
                    WC="0.9883162964854324"></String>
          </TextLine>
          <TextLine ID="eSc_line_4a01013b"
                    TAGREFS="LT33"
                    BASELINE="1766 1504 1779 1500" 
                    HPOS="1755"
                    VPOS="1467"
                    WIDTH="28"
                    HEIGHT="49">
            <Shape><Polygon POINTS="1766 1504 1769 1516 1783 1516 1779 1500 1766 1467 1755 1473 1766 1504"/></Shape>
            <String CONTENT=","
                    HPOS="1755"
                    VPOS="1467"
                    WIDTH="28"
                    HEIGHT="49"
                    WC="0.9999459981918335"></String>
          </TextLine>
          <TextLine ID="eSc_line_2d63403f"
                    TAGREFS="LT33"
                    BASELINE="427 1549 1534 1574 1729 1567" 
                    HPOS="426"
                    VPOS="1510"
                    WIDTH="1303"
                    HEIGHT="89">
            <Shape><Polygon POINTS="427 1549 426 1563 665 1579 666 1579 766 1571 816 1582 818 1582 819 1582 847 1572 901 1582 902 1582 986 1575 1120 1588 1122 1588 1186 1579 1264 1591 1529 1597 1530 1597 1532 1597 1546 1592 1644 1599 1646 1599 1647 1599 1671 1591 1690 1599 1691 1599 1693 1599 1694 1599 1728 1589 1729 1567 1725 1532 1647 1539 1497 1528 1496 1528 1494 1528 1462 1536 1389 1528 1387 1528 1386 1528 1365 1534 1329 1524 1327 1524 1326 1524 1230 1531 1214 1523 1212 1523 1211 1523 1151 1529 1098 1520 1097 1520 994 1527 951 1527 930 1516 929 1516 927 1516 864 1524 834 1517 833 1517 832 1517 830 1517 815 1523 804 1514 802 1514 801 1514 800 1514 758 1521 682 1511 680 1511 633 1518 611 1510 609 1510 608 1510 527 1517 427 1510 427 1549"/></Shape>
            <String CONTENT="dern auch Herr Heinrich von Riedenburg Burggraff allhie, 1"
                    HPOS="426"
                    VPOS="1510"
                    WIDTH="1303"
                    HEIGHT="89"
                    WC="0.9944623122955191"></String>
          </TextLine>
          <TextLine ID="eSc_line_5f041cf4"
                    TAGREFS="LT33"
                    BASELINE="427 1599 1307 1620" 
                    HPOS="426"
                    VPOS="1554"
                    WIDTH="881"
                    HEIGHT="89">
            <Shape><Polygon POINTS="427 1599 426 1622 777 1622 798 1632 800 1632 801 1632 1111 1631 1130 1641 1132 1641 1133 1641 1134 1641 1136 1641 1136 1639 1144 1632 1186 1632 1196 1641 1196 1642 1197 1642 1198 1642 1304 1643 1307 1620 1307 1581 1243 1574 1241 1574 1240 1574 1219 1581 1191 1571 1190 1571 1189 1571 1012 1575 997 1567 995 1567 994 1567 993 1567 914 1574 875 1564 873 1564 872 1564 757 1570 748 1563 748 1561 747 1561 745 1561 744 1561 611 1567 575 1557 573 1557 572 1557 529 1563 427 1554 427 1599"/></Shape>
            <String CONTENT="Gottfried aus Lothringen fuͤhrte das Volck."
                    HPOS="426"
                    VPOS="1554"
                    WIDTH="881"
                    HEIGHT="89"
                    WC="0.989316717136738"></String>
          </TextLine>
          <TextLine ID="eSc_line_4897f193"
                    TAGREFS="LT33"
                    BASELINE="1757 1660 1807 1664" 
                    HPOS="1753"
                    VPOS="1622"
                    WIDTH="55"
                    HEIGHT="75">
            <Shape><Polygon POINTS="1757 1660 1753 1697 1804 1692 1807 1664 1808 1629 1759 1622 1757 1660"/></Shape>
            <String CONTENT="8"
                    HPOS="1753"
                    VPOS="1622"
                    WIDTH="55"
                    HEIGHT="75"
                    WC="0.9999679327011108"></String>
          </TextLine>
        </TextBlock>
        <TextBlock HPOS="450"
                   VPOS="1793"
                   WIDTH="1368"
                   HEIGHT="415"
                   ID="eSc_textblock_df310ab1"
                   TAGREFS="BT42">
          <Shape><Polygon POINTS="1772 1793 1807 1799 1818 1832 1812 2097 1779 2147 1397 2181 1334 2208 494 2197 477 2169 483 1910 450 1858 466 1804 1679 1815 1772 1793"/></Shape>
          <TextLine ID="eSc_line_b9de4a6c"
                    TAGREFS="LT33"
                    BASELINE="461 1839 1444 1857 1623 1856 1730 1842" 
                    HPOS="459"
                    VPOS="1804"
                    WIDTH="1271"
                    HEIGHT="71">
            <Shape><Polygon POINTS="1140 1810 1066 1817 1055 1810 1054 1810 1052 1810 1051 1810 1050 1810 1036 1817 957 1808 947 1808 933 1808 919 1808 911 1807 854 1814 776 1814 766 1806 766 1806 752 1806 743 1806 711 1811 650 1806 641 1806 627 1806 613 1804 600 1804 586 1804 572 1804 558 1804 544 1804 530 1804 516 1804 502 1804 495 1804 473 1804 463 1815 461 1839 459 1857 561 1853 591 1861 593 1861 594 1861 595 1861 618 1854 693 1863 694 1863 747 1856 789 1864 790 1864 791 1864 820 1857 944 1867 945 1867 1175 1863 1380 1874 1382 1874 1461 1867 1490 1875 1491 1875 1493 1875 1729 1870 1730 1842 1726 1818 1643 1827 1441 1817 1440 1817 1384 1822 1325 1813 1323 1813 1209 1820 1141 1810 1140 1810"/></Shape>
            <String CONTENT="2) Wihelmus in Dayrn gebuͤrtig, wurde als ein tlemer Knab n den Cloſter S. Emerza"
                    HPOS="459"
                    VPOS="1804"
                    WIDTH="1271"
                    HEIGHT="71"
                    WC="0.9871803220407462"></String>
          </TextLine>
          <TextLine ID="eSc_line_d95f5cc5"
                    TAGREFS="LT33"
                    BASELINE="1736 1840 1790 1827" 
                    HPOS="1728"
                    VPOS="1793"
                    WIDTH="63"
                    HEIGHT="57">
            <Shape><Polygon POINTS="1769 1793 1728 1808 1736 1840 1737 1850 1791 1840 1790 1827 1779 1793 1769 1793"/></Shape>
            <String CONTENT="ant"
                    HPOS="1728"
                    VPOS="1793"
                    WIDTH="63"
                    HEIGHT="57"
                    WC="0.997393012046814"></String>
          </TextLine>
          <TextLine ID="eSc_line_b98c1a9a"
                    TAGREFS="LT33"
                    BASELINE="495 1878 1584 1895 1664 1890 1772 1863 1803 1860" 
                    HPOS="494"
                    VPOS="1842"
                    WIDTH="1309"
                    HEIGHT="75">
            <Shape><Polygon POINTS="847 1847 845 1847 793 1854 744 1845 732 1845 730 1845 700 1854 622 1843 620 1843 609 1842 584 1856 565 1846 563 1846 562 1846 495 1846 495 1878 494 1890 552 1900 554 1900 555 1900 580 1889 615 1899 616 1899 740 1903 741 1903 840 1892 972 1907 973 1907 975 1907 976 1907 989 1899 1041 1910 1043 1910 1044 1910 1077 1902 1122 1911 1271 1913 1272 1913 1273 1913 1296 1906 1372 1914 1373 1914 1446 1904 1600 1917 1601 1917 1603 1917 1647 1906 1668 1911 1669 1911 1671 1911 1672 1911 1673 1911 1690 1902 1801 1902 1803 1860 1747 1854 1683 1853 1682 1853 1680 1853 1621 1870 1575 1870 1264 1865 1183 1854 1182 1854 1016 1860 990 1850 989 1850 987 1850 950 1856 912 1849 911 1849 909 1849 880 1858 848 1847 847 1847"/></Shape>
            <String CONTENT="ꝛegen und hernach Lrote ſs. Er lcdtr aude gottsſorchas, und genan u Elsſertꝛcher Oblerra.,"
                    HPOS="494"
                    VPOS="1842"
                    WIDTH="1309"
                    HEIGHT="75"
                    WC="0.936847622361448"></String>
          </TextLine>
          <TextLine ID="eSc_line_31051e59"
                    TAGREFS="LT33"
                    BASELINE="497 1921 1566 1935 1675 1931 1733 1918" 
                    HPOS="495"
                    VPOS="1885"
                    WIDTH="1238"
                    HEIGHT="69">
            <Shape><Polygon POINTS="497 1921 495 1932 908 1947 909 1947 911 1947 932 1939 966 1947 968 1947 969 1947 970 1947 997 1939 1008 1947 1009 1947 1011 1947 1143 1950 1144 1950 1393 1945 1497 1954 1498 1954 1732 1946 1733 1918 1729 1899 1615 1907 1519 1907 1497 1897 1496 1897 1494 1897 1380 1904 1097 1902 1072 1893 1070 1893 1069 1893 1068 1893 1066 1893 1057 1900 1005 1890 1004 1890 943 1899 895 1889 789 1888 787 1888 575 1895 497 1885 497 1921"/></Shape>
            <String CONTENT="Als er nacher Eloſter Hirſchau als Abbt getommen, ſat er die Eloͤſterliche viſciplin ar"
                    HPOS="495"
                    VPOS="1885"
                    WIDTH="1238"
                    HEIGHT="69"
                    WC="0.9640975043006327"></String>
          </TextLine>
          <TextLine ID="eSc_line_3a57e92a"
                    TAGREFS="LT33"
                    BASELINE="1753 1906 1784 1902" 
                    HPOS="1748"
                    VPOS="1871"
                    WIDTH="38"
                    HEIGHT="57">
            <Shape><Polygon POINTS="1753 1906 1755 1928 1786 1920 1784 1902 1776 1871 1748 1879 1753 1906"/></Shape>
            <String CONTENT="ue"
                    HPOS="1748"
                    VPOS="1871"
                    WIDTH="38"
                    HEIGHT="57"
                    WC="0.999959409236908"></String>
          </TextLine>
          <TextLine ID="eSc_line_72caebfa"
                    TAGREFS="LT33"
                    BASELINE="493 1954 1065 1968 1603 1971 1701 1963 1757 1942 1791 1938" 
                    HPOS="491"
                    VPOS="1922"
                    WIDTH="1300"
                    HEIGHT="68">
            <Shape><Polygon POINTS="493 1954 491 1967 841 1983 843 1983 904 1978 1119 1986 1120 1986 1122 1986 1145 1978 1165 1986 1166 1986 1168 1986 1273 1982 1308 1989 1309 1989 1401 1978 1483 1990 1484 1990 1486 1990 1518 1981 1571 1990 1572 1990 1665 1978 1789 1978 1791 1938 1732 1935 1561 1946 1422 1938 1421 1938 1084 1940 997 1931 995 1931 994 1931 970 1939 926 1931 925 1931 825 1936 791 1927 790 1927 789 1927 711 1936 493 1922 493 1954"/></Shape>
            <String CONTENT="Orchenwuedaumn m Fior gedracht. Erdarei bat derſelde Leden neue El ter. und n denen gurr"
                    HPOS="491"
                    VPOS="1922"
                    WIDTH="1300"
                    HEIGHT="68"
                    WC="0.9515098406171257"></String>
          </TextLine>
          <TextLine ID="eSc_line_8b8b734b"
                    TAGREFS="LT33"
                    BASELINE="490 1985 982 2003 1580 2007 1676 2000" 
                    HPOS="488"
                    VPOS="1963"
                    WIDTH="1188"
                    HEIGHT="66">
            <Shape><Polygon POINTS="490 1985 488 2001 1129 2021 1130 2021 1416 2017 1448 2026 1450 2026 1451 2026 1559 2021 1596 2029 1597 2029 1598 2029 1675 2020 1676 2000 1673 1978 1519 1983 1505 1975 1504 1975 1502 1975 1501 1975 1500 1975 1498 1975 1487 1982 1437 1974 1436 1974 1282 1979 1264 1972 1262 1972 1261 1972 1202 1978 490 1963 490 1985"/></Shape>
            <String CONTENT="alles rekormirer. Er ware ſehr gelehrt in Aſtronomicis. Von Wilhelmo ſchreiden"
                    HPOS="488"
                    VPOS="1963"
                    WIDTH="1188"
                    HEIGHT="66"
                    WC="0.989598246721121"></String>
          </TextLine>
          <TextLine ID="eSc_line_8651ac3c"
                    TAGREFS="LT33"
                    BASELINE="1701 1993 1741 1983" 
                    HPOS="1694"
                    VPOS="1958"
                    WIDTH="50"
                    HEIGHT="48">
            <Shape><Polygon POINTS="1701 1993 1704 2006 1744 1997 1741 1983 1734 1958 1694 1965 1701 1993"/></Shape>
            <String CONTENT="17"
                    HPOS="1694"
                    VPOS="1958"
                    WIDTH="50"
                    HEIGHT="48"
                    WC="0.9999977350234985"></String>
          </TextLine>
          <TextLine ID="eSc_line_e7709442"
                    TAGREFS="LT33"
                    BASELINE="488 2022 1432 2042 1583 2042 1709 2031" 
                    HPOS="487"
                    VPOS="1990"
                    WIDTH="1222"
                    HEIGHT="67">
            <Shape><Polygon POINTS="1391 2007 1377 2006 948 2008 488 1990 488 2022 487 2033 513 2042 515 2042 516 2042 563 2036 576 2045 577 2045 579 2045 580 2045 641 2038 702 2046 968 2051 969 2051 970 2051 994 2045 1025 2053 1026 2053 1175 2056 1176 2057 1708 2057 1709 2031 1707 2011 1480 2018 1427 2018 1397 2007 1391 2007"/></Shape>
            <String CONTENT="Soc. Jel in Acris Sanctorurn aa diem IV. ſalu. Mabillonius tom. IV. Annal"
                    HPOS="487"
                    VPOS="1990"
                    WIDTH="1222"
                    HEIGHT="67"
                    WC="0.9736263090617037"></String>
          </TextLine>
          <TextLine ID="eSc_line_3cb6a054"
                    TAGREFS="LT33"
                    BASELINE="1728 2015 1791 2011" 
                    HPOS="1725"
                    VPOS="1979"
                    WIDTH="66"
                    HEIGHT="56">
            <Shape><Polygon POINTS="1728 2015 1730 2035 1791 2018 1791 2011 1787 1979 1725 1993 1728 2015"/></Shape>
            <String CONTENT="gene."
                    HPOS="1725"
                    VPOS="1979"
                    WIDTH="66"
                    HEIGHT="56"
                    WC="0.9978216052055359"></String>
          </TextLine>
          <TextLine ID="eSc_line_a56ae157"
                    TAGREFS="LT33"
                    BASELINE="488 2063 673 2061 1450 2079 1648 2075 1712 2067" 
                    HPOS="488"
                    VPOS="2025"
                    WIDTH="1224"
                    HEIGHT="72">
            <Shape><Polygon POINTS="1330 2040 1262 2049 1222 2039 1221 2039 1219 2039 1180 2047 1144 2039 1143 2039 1141 2039 1140 2039 1123 2046 998 2036 997 2036 725 2039 691 2029 690 2029 688 2029 580 2033 572 2026 570 2026 569 2026 488 2025 488 2063 488 2076 719 2074 797 2083 798 2083 870 2078 1179 2090 1180 2090 1226 2083 1277 2092 1279 2092 1377 2086 1407 2094 1408 2094 1582 2097 1583 2097 1711 2090 1712 2067 1708 2047 1408 2051 1332 2040 1330 2040"/></Shape>
            <String CONTENT="fol. 622. Idem tom. V. Aanal. fol. 226. Idem tom. IV. Analectorum fol. 1s."
                    HPOS="488"
                    VPOS="2025"
                    WIDTH="1224"
                    HEIGHT="72"
                    WC="0.9687620079195177"></String>
          </TextLine>
          <TextLine ID="eSc_line_14ebdacd"
                    TAGREFS="LT33"
                    BASELINE="1743 2046 1755 2045" 
                    HPOS="1739"
                    VPOS="2021"
                    WIDTH="18"
                    HEIGHT="47">
            <Shape><Polygon POINTS="1743 2046 1744 2068 1757 2067 1755 2045 1751 2021 1739 2021 1743 2046"/></Shape>
            <String CONTENT="⸗"
                    HPOS="1739"
                    VPOS="2021"
                    WIDTH="18"
                    HEIGHT="47"
                    WC="0.9999864101409912"></String>
          </TextLine>
          <TextLine ID="eSc_line_72f2ca9f"
                    TAGREFS="LT33"
                    BASELINE="1776 2043 1786 2042" 
                    HPOS="1771"
                    VPOS="2013"
                    WIDTH="15"
                    HEIGHT="41">
            <Shape><Polygon POINTS="1771 2013 1771 2013 1776 2043 1778 2054 1786 2054 1786 2042 1778 2013 1771 2013"/></Shape>
            <String CONTENT=","
                    HPOS="1771"
                    VPOS="2013"
                    WIDTH="15"
                    HEIGHT="41"
                    WC="0.9999220371246338"></String>
          </TextLine>
          <TextLine ID="eSc_line_2fe71c75"
                    TAGREFS="LT33"
                    BASELINE="488 2100 748 2099 1569 2115 1634 2113 1746 2090" 
                    HPOS="488"
                    VPOS="2064"
                    WIDTH="1258"
                    HEIGHT="68">
            <Shape><Polygon POINTS="1322 2076 1321 2076 1319 2076 1252 2085 1194 2076 1193 2076 1119 2082 1105 2075 1104 2075 1102 2075 1054 2082 1032 2074 1030 2074 1029 2074 959 2081 945 2072 944 2072 943 2072 815 2067 814 2067 762 2078 655 2064 654 2064 652 2064 651 2064 637 2072 604 2065 602 2065 601 2065 576 2072 488 2070 488 2100 488 2117 651 2108 797 2118 798 2118 852 2111 911 2121 912 2121 914 2121 929 2115 1330 2128 1332 2128 1333 2128 1334 2128 1344 2121 1357 2129 1358 2129 1359 2129 1361 2129 1491 2125 1548 2132 1550 2132 1744 2122 1746 2090 1726 2079 1448 2088 1336 2086 1323 2076 1322 2076"/></Shape>
            <String CONTENT="Bernardus Por. tom. V. Thelauri Anecdor. kol. 229. &amp; alii &amp;c. Es finden ſich und"
                    HPOS="488"
                    VPOS="2064"
                    WIDTH="1258"
                    HEIGHT="68"
                    WC="0.9824562638998031"></String>
          </TextLine>
          <TextLine ID="eSc_line_cde1fe86"
                    TAGREFS="LT33"
                    BASELINE="487 2139 941 2139 1497 2154 1637 2147 1751 2124" 
                    HPOS="486"
                    VPOS="2101"
                    WIDTH="1265"
                    HEIGHT="71">
            <Shape><Polygon POINTS="487 2139 486 2157 593 2147 633 2160 634 2160 636 2160 637 2160 670 2151 700 2160 701 2160 702 2160 704 2160 729 2149 783 2149 809 2161 811 2161 812 2161 814 2161 850 2153 904 2161 905 2161 907 2161 908 2161 920 2153 982 2160 983 2160 1094 2151 1123 2165 1125 2165 1126 2165 1127 2165 1144 2158 1254 2158 1301 2169 1633 2172 1634 2172 1636 2172 1662 2158 1750 2156 1751 2124 1741 2111 1664 2111 1662 2111 1661 2111 1622 2124 1594 2117 1593 2117 1591 2117 1289 2121 1202 2110 1201 2110 1061 2118 991 2108 990 2108 955 2115 927 2104 926 2104 925 2104 923 2104 890 2113 805 2104 804 2104 802 2104 772 2113 736 2103 734 2103 686 2103 684 2103 683 2103 682 2103 669 2111 657 2103 655 2103 654 2103 652 2103 608 2110 557 2101 555 2101 554 2101 552 2101 537 2111 487 2111 487 2139"/></Shape>
            <String CONTENT="ſern Manuſeriptis verſchudene Scripra von L. Wilhelmo, wu varte 2. Catꝛlogi biblis"
                    HPOS="486"
                    VPOS="2101"
                    WIDTH="1265"
                    HEIGHT="71"
                    WC="0.971921435216578"></String>
          </TextLine>
          <TextLine ID="eSc_line_92cde7fe"
                    TAGREFS="LT33"
                    BASELINE="1773 2117 1782 2115" 
                    HPOS="1768"
                    VPOS="2086"
                    WIDTH="15"
                    HEIGHT="43">
            <Shape><Polygon POINTS="1773 2117 1775 2129 1783 2129 1782 2115 1776 2088 1768 2086 1773 2117"/></Shape>
            <String CONTENT=""
                    HPOS="1768"
                    VPOS="2086"
                    WIDTH="15"
                    HEIGHT="43"
                    WC="0.900901734828949"></String>
          </TextLine>
          <TextLine ID="eSc_line_a9904f93"
                    TAGREFS="LT33"
                    BASELINE="488 2178 897 2178 1332 2190" 
                    HPOS="487"
                    VPOS="2140"
                    WIDTH="845"
                    HEIGHT="74">
            <Shape><Polygon POINTS="784 2140 783 2140 782 2140 729 2147 718 2140 716 2140 715 2140 713 2140 712 2140 711 2140 700 2149 687 2140 683 2140 676 2140 663 2147 566 2147 558 2140 558 2140 544 2140 543 2140 533 2146 488 2146 488 2178 487 2201 548 2193 580 2204 582 2204 583 2204 584 2204 586 2204 601 2193 620 2206 622 2206 623 2206 745 2207 747 2207 748 2207 786 2196 875 2196 914 2210 915 2210 916 2210 966 2199 1009 2211 1011 2211 1012 2211 1014 2211 1050 2200 1057 2208 1058 2208 1058 2210 1059 2210 1061 2210 1062 2210 1148 2201 1187 2214 1189 2214 1190 2214 1330 2213 1332 2190 1330 2158 1172 2157 1151 2146 1150 2146 1148 2146 1147 2146 1127 2154 1119 2146 1118 2146 1116 2146 991 2144 990 2144 989 2144 987 2144 980 2150 970 2143 969 2143 968 2143 966 2143 879 2151 830 2142 829 2142 827 2142 826 2142 826 2143 818 2151 794 2151 787 2142 786 2142 786 2140 784 2140"/></Shape>
            <String CONTENT="S. Emmnerani in Prwiat. Pas. LAXXH. Ac. zu Urſen."
                    HPOS="487"
                    VPOS="2140"
                    WIDTH="845"
                    HEIGHT="74"
                    WC="0.9662056525751036"></String>
          </TextLine>
        </TextBlock>
      </PrintSpace>
    </Page>
  </Layout>
</alto>
