1935 2499
376 199 87 57 508

882 212 25 46 2.

936 205 336 90 2 (0) EM-

368 252 1398 95 mahls neu reſormirten Eremiten S. Auguſtini eingeraumt worden.

372 305 1394 92 Man hat dieſe Auguſtiner auch mit anderen nothwendigen Gebaͤuent

372 355 1393 97 und Einkunfften verſehen. In dieſer Kirchen, und derſelbigen Heil⸗

372 405 1389 94 Creutz⸗Capellen im Altar alldorten iſt ein Crucifir, welche Bilonuß

372 459 1386 100 Anno 1277. einem Prieſter, ſo vor demſelben das Heil. Meß⸗Opffer⸗

370 515 1385 95 und in Wandl⸗ und Aufhebung des Keichs an der Gegenwart der

369 562 1384 97 Beil. Bluts gezweifflet, jetzt ermelten Kelch aus den Haͤnden genon

366 615 1387 94 men, jedoch ihme ſolchen, nach deme er ſo balden uder ſo gehoͤrten

365 666 1382 104 Sweiffel Ren und Leyd getragen, widerum geben, und behaͤndis

362 709 95 89 hat-.

497 748 1254 115 A Verwaltung anhieſigen Biſumnbds nash Abſeyung Aderat

358 810 1390 100 iſt vom Paͤbſtlichen Stuhl verordnet worden ein anderer Albertus, we

361 866 1385 98 gen ſeiner groſſen Geſchicklichkeit und heiligen Wandeis, genan⸗

356 914 1380 100 Magnus der Groſſe. War gebuͤrtig von Adelichen Geſchlecht der Po

354 964 1383 100 ſtetter in Schwaben bey Lauingen. Er begab ſich in der Jugeno .

354 1020 1385 96 S. Dominici Orden, nahme darinn alſo zu, in Fromm⸗ und G.

354 1069 1380 101 ſchicklichkeit, daß er von dem Orden allhero depurirt wurde ſein⸗

347 1118 1393 98 Ordens⸗Leuthen Theologiam zu proftirn. Worauf er Anno 12s1

350 1171 1380 99 auf Begehren und Bitten deren Regenſpurger, und Befelch des Pabit

352 1225 1371 88 allhie Hiſchoff worden, und in etlich Monathen uber das Fahr al

348 1274 1381 92 wohl gehauſet, daß er ohne Verſaumnuß ſeiner Srudien viel Schu

344 1320 1386 96 den des Biſtumbs bezahlt, da er doch weder Getraidt, Wein, ode

345 1377 1355 91 Geld im Vorrath gefunden. In dieſer Wuͤrde hat er ſeines Orde

341 1427 1389 93 Kleider nit hindan gelegt, ſondern abſonderlich ſich der Holtz⸗ oda

343 1477 1380 95 Bunds⸗Schuhe (wie ſolche die Prediger Moͤnch vor Zeiten getragen

337 1527 1386 95 dedient; dahero der ungehoblete Poͤbl ihne geringer als er war, geachter

338 1577 1362 89 und ihne nur den Bunds⸗Schuech genennt Er wohnete mehre

336 1628 1380 93 theils zu Chumbſtautf (das Chonauſtauff genannt,) daſeloͤſten.

341 1679 1382 88 in Erangelium S. Lncæ ſein deruͤhmten Tractar geſchrieben, und den

340 1732 1325 83 Thum⸗Capitel allhie, pro meliore Canonicorum ſuſtentatione,

1669 1731 59 62 die

334 1785 1305 86 Ertz⸗ Diaconiam Camb gegeben, auch mittls deren, derſelben

331 1833 1312 89 kunfften alſo augirt, und vermehrt, daß gedachte Thum⸗ HHerrn

331 1883 1387 89 von das gantze Jahr hindurch jedesmal zu der Metten, Hoch⸗Amor,

327 1935 1394 85 und Veſper ein Prœlenz zu empfangen, und neben ſo verſtandeneil,

326 1985 1386 83 des Jahrs hindurch ergiblicher Prœlenz, einen Uberſchuß von deneit

326 2038 1385 79 ſelben Renthen zu genuſſen; alſo billich gegen dem ſeeligen Alberi

318 2085 1396 114 Age an Rlgendon daber und wiewodted deſ en Waaz ,

1643 2128 58 73 rſt

1882 304 22 45 U

1879 334 50 56 an

1876 384 45 58 mi

1883 430 29 60 d.

1876 476 46 65 tai

1876 523 28 60 .

1878 576 34 62 lu

1878 621 33 81 3

1878 687 26 52 n

1880 777 32 69 ſt

1873 837 42 62 iu

1882 995 27 47 i0

1884 1997 20 36 2.

1869 2026 47 120 ;
