1940 2440
393 187 95 65 172

890 206 35 36 11.

948 189 357 75 2 (0) 288-

389 239 1404 91 Aumoſens tu Dato geziemend: und fleißige Ausrichtung beſcheher

391 300 196 59 rhut. (2)

1849 292 85 67 Cam

521 348 1275 77 Anno 1522. den 1a. Junii hat man das wunderthaͤtige der ſchoͤ⸗

1851 341 18 56 .

383 398 1402 77 nen Wariaͤ Bild, ſo auf einer hohen Saul vor der Kirchen geſtan

1851 390 40 69 n

383 445 1403 83 den, hinweg gethan. Der Teuffel kunts nit mehr gedulten; dann dis

387 498 1398 79 ſe Mutter der Gnaden doͤrffte ſonſten noch manches gute Hertz beruͤhr

385 551 1396 77 und zu recht gebracht haben. Auf Beſchweren des Biſchoffs wuro

389 603 1205 73 zwar die neue Pfarr geſperrt, aber bald wider eroͤffnet. (ꝛ2

523 653 1255 72 Dieſes Jahr, den 12. Septembr. gewann das Concilium;

386 698 1376 76 Crienr den Anfang. Die Proteltirende verwarffen die Aurhoritet.

516 750 1257 75 Als ſich Cammerer und Rath allhie unterſtanden, die drey Ell

382 801 1358 76 ſter, nemlichen der PP. Auguſtiner, PPrediger, und Barfuͤſſer zu S..

385 848 1392 81 rator, in ihren Gewalt zu ziehen, und in denſelben die angenommen

386 898 1394 82 Praͤdicanten wohnen zu laſſen, hat Weiland Kayſer Carl der Fuͤnffis,

385 950 1381 84 dey hoͤchſten Kayſerl. Ungnaden, und geſetzter Pœn a0. Marck ledis

387 1001 1346 79 Gold, lub Dato Speyr den 22. May 1522. beſagten Cammerer

387 1050 1371 83 Rath gebotten, von ſolchem Vornehmen abzuſtehen, gedachte Praͤl

386 1103 1370 80 canten, oder wen ſie in dieſen Cloͤſtern zu wohnen verordnet, von daͤ

390 1152 1354 86 nen abzuſchaffen, und denen Ordens⸗ Perſohnen beruͤhrte Cloͤſter

387 1199 277 75 gen zu laſſen.

524 1249 1247 86 Anno 15ac. iſt die neue Uhr auf der Capellen zu den 12. Botte

397 1302 1326 80 (duodecim Apoltolorum) genannt, wo man durch den gewoͤl

394 1351 1352 76 Thurn auf St. Jacobs⸗Hoff gehet, aufgericht worden, aus der E

389 1401 1346 77 pell, nach 10. Jahren, wurd ein Trayd⸗Kaſten. In emer bey dem

390 1451 1323 82 ſter verhandenen Tar⸗Ordnung Anno 15a9. wird dieſer Thurn

393 1501 927 74 Gewoͤlb noch bey den zwoͤlff Borren genennt.

1869 1337 47 71 ag

1876 1390 32 63 1

1853 1436 46 64 m

1846 1484 64 69 erg

1846 1530 49 68 en

1850 1577 14 64 .

1845 1629 63 69 150

1847 1728 75 69 hne.

422 1766 1352 70 () Dey duſem Jahr⸗Tas, ſo aus Falr zu Anſersr Ms Monatts Auguni gekalen nurl

454 1812 1319 62 ſcheinen die Herren Depurirten von der Etadt Regenſturg von dem Cteu⸗Umdr, ſo wobl Zaes

1845 1777 73 69 uder

456 1850 1225 57 Todten⸗ Vizil, Austheilung des Aumoſens, als anderen Tags beo den Requiem-

462 1880 1250 65 Aumoſen wird Wechſel⸗Neiß gegeben. Duſes Jahr zum Erempel, gwer das Amo,

1735 1861 49 80 ,

1851 1824 72 76 zuͤrt

454 1914 1003 67 Cloſter S. Emmerami; das andere Jahr hernach die Etadr Cegenſpurg.

1853 1878 77 72 zode

429 1954 1242 82 -) Es waren zwey Gidnuſen der ſchenen Maria. Ein ſchen gemaſſenes avand. Dns

1689 1941 27 73 ,

1743 1931 26 68 ,

1858 1930 67 68 Nra

462 2007 1299 67 HEſut⸗Eiudi, ſo aul den Eltar den 21. Merd 1510. ni der hubernen caorden geſtelkar nor.,

1854 1976 64 60 Vo

456 2049 1220 60 Die andere Bildnuß ware von etein, ſo Eberhardt Heydenreich vushauer mo

1843 2021 75 80 dolr

454 2084 1260 78 Veſter ausgiſautn deſe I dm ꝛr. Mnrg 1717 aiſ en hohe Holnerne Hanlen uor?

447 2121 436 64 neurn derauffen grſetzet werden.

1854 501 67 54 uſt

1849 532 65 72 tern

1853 585 62 73 Nu

1847 646 33 54 A

1854 744 53 59 Re.

1881 797 37 58 al

1855 893 59 61 nan

1885 840 37 69 er

1858 938 52 70 nij

1845 1142 31 54 ue

1652 1599 107 77 Eode.
