1571 2270
613 127 34 43 on.

657 110 349 70 2S (0) E2ga⸗

1401 117 82 50 749

112 153 1368 76 Cloͤſteren ( zu Seelig⸗Porten, und Gnadenbertz) ein anders Clo⸗

111 209 1367 65 ſter vor einige Cloſter⸗ Frauen, an einem Orth, wo es beliebig,

111 258 1365 62 und was fuͤr Inſtitntum Sr. Churfuͤrſtlichen Durchlaͤucht gefaͤllig ſeyn

109 306 1364 63 wurde, aufzurichten, welches mittels Aufrichtung des neuen Cloſters

104 349 1371 65 zu Amberg, deren Cloſter⸗ Fungfrauen de Viſitatione B. V. M. ge⸗

104 398 1369 66 ſchehen iſt. Wegen dieſer zweyen Jungfrauen⸗Cloͤſter (Geelig⸗Dort⸗

104 447 1371 66 und Fnadenberg) haben beſonders dem Titl. Biſchoffen zu Eychſtaͤrt

107 495 1364 62 12772. fl. bezahlt muͤſſen werden. NB. Von allen dieſen Actis be⸗

99 542 1159 64 ſinden ſich die Originalia in dem Archivo zu S. Fmmeram.

234 590 1229 61 Was von 1670 an, in Teutſchland, mit Franckreich, biß auf

95 636 1368 68 den Tuͤrcken⸗Krieg und Belagerung der Stadt Wienn ſich zugetra⸗

95 686 1363 68 gen, iſt bey denen Hiſtoricis umſtaͤndig zu leſen. Es hat auch Leopol-

94 733 1371 66 dus der Kayſer die von einiger Zeit her rebellirende Ungarer gedaͤmpfet⸗

94 785 1266 62 und die HHaͤupter der Conſpiranten zur verdienter Straff gezohen⸗

220 832 1239 63 Anno 1675. verſchiede Ihro Majeſtaͤt Leopoldi erſte Gemah⸗

92 878 1369 61 lin Margaretha Thereſia &c. darauf er noch ſelbiges Jahr den 15.

93 924 1363 67 Octobris mit Claudia Felicitate, Ertz⸗HHertogs Caroli Ferdinandi

89 973 1367 67 zu Inſprugg Tochter ſein Beylager hielte. Auch dieſe verſtarbe den

97 1027 1357 62 18. Mertz 1676. da eben noch ſelbiges Jahr den 12. Decembris das

89 1071 1358 62 dritte Beylager gehalten wurde, mit Eleonora Magdalena Thereſia,

88 1119 1364 67 damahls Hertzog Philipp Wilhelmi zu Pfaltz⸗Neuburg und hernach

88 1167 1359 68 Churfuͤrſtens zu Pfaltz Tochter. Aus dieſer begluͤckten Ehe wurde ge⸗

85 1218 1361 63 bohren den 26. ulii 1678. ſoſephus, ſacobus, Ignatius, ſoannes,

84 1262 1138 67 Euſtachius Ertz⸗Hertzog, nachmahliger Roͤmiſcher Kayſer.

209 1307 1240 71 Eben in dieſem Jahr, den 11. Auguſt. wurde zu TTuͤmwegen

85 1358 1363 69 der Fried zwiſchen Franckreich und denen vereinigten Niderlanden ge⸗

85 1408 1357 71 ſchlofſen und unterſchrieben. Ein gleiches geſchahe Anno 1679. zwi⸗

85 1457 1354 70 ſchen Ihro Majeſtaͤt den Kayſer mit denen Cronen Franckreich und

87 1510 232 67 Schweden.

214 1548 1223 81 Als Anno 1677. den z. Septembris allhier die Ad. RR. PP.

83 1595 1359 81 Capuziner ein Capirulum gehalten, darbey uber 5o. Vocales erſchie⸗

82 1648 1360 73 nen, haben die Herrn von Regenſpurg, ſo dergleichen niemahlen ge⸗

85 1696 1354 72 ſehen, das Cloſter beſichtiget, die kleine Celluln, und groſſe Armuth

87 1746 1345 73 Hieſer Geiſtlichen bewundert, auch zu Unterhaltung des Capitels groſ⸗

84 1799 710 73 ſes Almoſen in das Cloſter geſchicket.

206 1841 1236 75 Anno 1678. den 1a. Octobris wurde ebenfahls von denen Herren

97 1895 1196 83 arridus Minoritis allhie ihr Capitulum Provinoinle gehalten.

705 1958 136 78 Sii⸗

1311 1935 126 68 Anno
