<?xml version="1.0" encoding="UTF-8"?>
<alto xmlns:xsi="http://www.w3.org/2001/XMLSchema-instance"
      xmlns="http://www.loc.gov/standards/alto/ns-v4#"
      xsi:schemaLocation="http://www.loc.gov/standards/alto/ns-v4# http://www.loc.gov/standards/alto/v4/alto-4-2.xsd">
  <Description>
    <MeasurementUnit>pixel</MeasurementUnit>
    <sourceImageInformation>
      <fileName>image631.jpg</fileName>
      <fileIdentifier>https://archiv.ub.uni-marburg.de/eb/2010/0168</fileIdentifier>
    </sourceImageInformation>
  </Description>
  <Tags>
    <OtherTag ID="BT1" LABEL="Title" DESCRIPTION="block type Title"/><OtherTag ID="BT2" LABEL="Main" DESCRIPTION="block type Main"/><OtherTag ID="BT3" LABEL="Commentary" DESCRIPTION="block type Commentary"/><OtherTag ID="BT4" LABEL="Illustration" DESCRIPTION="block type Illustration"/><OtherTag ID="BT42" LABEL="text" DESCRIPTION="block type text"/>
    <OtherTag ID="LT33" LABEL="default" DESCRIPTION="line type default"/>
  </Tags>
  <Layout>
    <Page WIDTH="1566"
          HEIGHT="2270"
          PHYSICAL_IMG_NR="610"
          ID="eSc_dummypage_">
      <PrintSpace HPOS="0"
                  VPOS="0"
                  WIDTH="1566"
                  HEIGHT="2270">
        <TextBlock HPOS="95"
                   VPOS="141"
                   WIDTH="1400"
                   HEIGHT="1613"
                   ID="eSc_textblock_b20dcd25"
                   TAGREFS="BT42">
          <Shape><Polygon POINTS="651 141 971 146 1018 191 1490 196 1495 1754 116 1728 95 161 185 161 201 201 326 201 493 191 651 141"/></Shape>
          <TextLine ID="eSc_line_e317fe2a"
                    TAGREFS="LT33"
                    BASELINE="601 180 608 181" 
                    HPOS="598"
                    VPOS="155"
                    WIDTH="12"
                    HEIGHT="46">
            <Shape><Polygon POINTS="601 180 598 201 603 201 608 181 610 156 604 155 601 180"/></Shape>
            <String CONTENT=""
                    HPOS="598"
                    VPOS="155"
                    WIDTH="12"
                    HEIGHT="46"
                    WC="0.9999686479568481"></String>
          </TextLine>
          <TextLine ID="eSc_line_3862b1d2"
                    TAGREFS="LT33"
                    BASELINE="97 194 185 191" 
                    HPOS="95"
                    VPOS="161"
                    WIDTH="90"
                    HEIGHT="48">
            <Shape><Polygon POINTS="158 161 146 161 133 161 121 161 108 161 99 161 95 163 97 194 97 205 182 209 185 191 182 163 158 161 158 161"/></Shape>
            <String CONTENT="602"
                    HPOS="95"
                    VPOS="161"
                    WIDTH="90"
                    HEIGHT="48"
                    WC="0.9999873638153076"></String>
          </TextLine>
          <TextLine ID="eSc_line_93dd4363"
                    TAGREFS="LT33"
                    BASELINE="666 192 957 187" 
                    HPOS="665"
                    VPOS="141"
                    WIDTH="292"
                    HEIGHT="69">
            <Shape><Polygon POINTS="942 145 930 145 924 145 917 145 904 145 892 145 879 143 866 143 863 143 855 146 845 143 841 143 829 143 816 143 803 142 791 142 788 142 757 147 748 142 740 142 734 141 726 148 701 141 690 141 683 141 665 142 666 192 667 210 701 201 749 209 750 209 811 199 832 208 834 208 835 208 836 208 837 208 837 206 847 199 879 208 880 208 882 208 957 205 957 187 953 145 942 145"/></Shape>
            <String CONTENT="8 (0) Ebe"
                    HPOS="665"
                    VPOS="141"
                    WIDTH="292"
                    HEIGHT="69"
                    WC="0.9444236755371094"></String>
          </TextLine>
          <TextLine ID="eSc_line_860769ab"
                    TAGREFS="LT33"
                    BASELINE="223 253 1201 245 1337 242 1482 228" 
                    HPOS="222"
                    VPOS="190"
                    WIDTH="1260"
                    HEIGHT="82">
            <Shape><Polygon POINTS="1471 195 1458 195 1446 195 1433 195 1420 195 1408 195 1395 195 1383 195 1379 194 1359 196 1340 194 1332 194 1319 194 1307 194 1294 194 1282 194 1269 194 1256 194 1244 192 1231 192 1218 192 1206 192 1193 192 1181 192 1168 192 1158 192 1143 197 1118 191 1105 191 1094 191 1063 199 989 190 988 190 986 190 950 201 897 201 866 191 865 191 864 191 863 191 836 200 816 195 815 195 813 195 725 203 506 195 504 195 456 205 374 197 373 197 370 197 352 206 222 208 223 253 223 272 283 266 329 271 330 271 331 271 373 261 412 269 413 269 415 269 458 258 533 268 535 268 536 268 559 259 604 266 605 266 706 257 723 267 724 267 725 267 726 267 797 254 972 264 974 264 975 264 1008 256 1171 262 1172 262 1173 262 1174 262 1187 254 1226 262 1227 262 1229 262 1230 262 1239 254 1482 247 1482 228 1478 195 1471 195"/></Shape>
            <String CONTENT="Auf ſolches wird dann weiter durch den Hrkeſter wiederum eine"
                    HPOS="222"
                    VPOS="190"
                    WIDTH="1260"
                    HEIGHT="82"
                    WC="0.991359462503527"></String>
          </TextLine>
          <TextLine ID="eSc_line_52056403"
                    TAGREFS="LT33"
                    BASELINE="95 302 1258 295 1471 277" 
                    HPOS="94"
                    VPOS="243"
                    WIDTH="1377"
                    HEIGHT="77">
            <Shape><Polygon POINTS="1237 245 1236 245 1235 245 1222 252 1188 247 1187 247 1186 247 1164 256 1095 256 1075 247 1073 247 1072 247 1071 247 1038 256 935 249 933 249 932 249 914 256 874 248 864 249 851 249 849 249 683 258 633 250 632 250 594 258 556 250 555 250 512 261 493 252 492 252 490 252 406 261 352 253 350 253 349 253 329 262 203 263 94 254 95 302 95 312 217 317 218 317 219 317 244 311 259 319 261 319 262 320 315 320 315 319 316 319 317 319 331 311 401 311 446 317 447 317 559 308 609 316 610 316 712 307 788 315 789 315 851 306 869 312 870 312 871 312 917 306 976 312 977 312 1017 305 1043 312 1044 312 1046 312 1354 310 1355 310 1356 310 1370 301 1470 301 1471 277 1468 243 1354 243 1352 243 1351 243 1309 254 1258 254 1239 245 1237 245"/></Shape>
            <String CONTENT="Collect geſungen, und unter der Collest das Buch durch den Epiſt"
                    HPOS="94"
                    VPOS="243"
                    WIDTH="1377"
                    HEIGHT="77"
                    WC="0.9956011157482862"></String>
          </TextLine>
          <TextLine ID="eSc_line_7748b18f"
                    TAGREFS="LT33"
                    BASELINE="94 354 1306 344 1481 324" 
                    HPOS="93"
                    VPOS="291"
                    WIDTH="1388"
                    HEIGHT="81">
            <Shape><Polygon POINTS="931 297 888 306 851 298 850 298 839 298 808 307 731 301 730 301 729 301 711 308 605 308 584 300 582 300 581 300 407 311 360 302 359 302 358 302 329 312 228 305 227 305 171 306 170 306 169 306 156 314 126 305 124 305 123 305 93 307 94 354 94 361 210 372 211 372 213 372 239 361 363 369 364 369 365 369 387 360 450 369 451 369 453 369 474 363 548 368 550 368 605 358 691 365 692 365 771 358 810 365 811 365 812 365 836 355 856 364 858 364 859 365 926 365 926 364 1070 356 1157 361 1158 361 1159 361 1172 355 1288 360 1289 360 1481 348 1481 324 1477 291 1366 292 1365 292 1347 301 1317 295 1316 295 1314 295 1285 302 1087 298 1086 298 1015 305 932 297 931 297"/></Shape>
            <String CONTENT="ler auf das Pult, ſo fuͤr dem Altar ſtehet, gelegt, welcher Epiſtlet"
                    HPOS="93"
                    VPOS="291"
                    WIDTH="1388"
                    HEIGHT="81"
                    WC="0.9815515691743177"></String>
          </TextLine>
          <TextLine ID="eSc_line_c7d77073"
                    TAGREFS="LT33"
                    BASELINE="1415 380 1475 373" 
                    HPOS="1409"
                    VPOS="327"
                    WIDTH="66"
                    HEIGHT="65">
            <Shape><Polygon POINTS="1415 380 1417 392 1475 382 1475 373 1466 327 1409 340 1415 380"/></Shape>
            <String CONTENT="Fe"
                    HPOS="1409"
                    VPOS="327"
                    WIDTH="66"
                    HEIGHT="65"
                    WC="0.9341390132904053"></String>
          </TextLine>
          <TextLine ID="eSc_line_2a71298d"
                    TAGREFS="LT33"
                    BASELINE="98 402 1181 395 1328 393 1389 385" 
                    HPOS="97"
                    VPOS="348"
                    WIDTH="1292"
                    HEIGHT="68">
            <Shape><Polygon POINTS="98 402 98 416 1388 404 1389 385 1385 348 1274 355 1126 349 1125 349 1124 349 1097 355 932 350 931 350 930 350 928 350 918 356 820 351 818 351 817 351 796 358 728 351 726 351 547 359 517 353 516 353 455 360 377 354 376 354 374 354 360 360 145 355 143 355 97 361 98 402"/></Shape>
            <String CONTENT="nach Endung der Collecte, die Epiſtel, wie ſich ſedesmahſ nac"
                    HPOS="97"
                    VPOS="348"
                    WIDTH="1292"
                    HEIGHT="68"
                    WC="0.9876817406200972"></String>
          </TextLine>
          <TextLine ID="eSc_line_fa5e19ef"
                    TAGREFS="LT33"
                    BASELINE="99 450 1176 447 1340 443 1477 430" 
                    HPOS="98"
                    VPOS="394"
                    WIDTH="1379"
                    HEIGHT="75">
            <Shape><Polygon POINTS="1187 395 1116 407 1080 397 1078 397 1077 397 1038 407 993 407 971 398 970 398 969 398 900 408 873 399 871 399 870 399 869 399 835 408 752 402 750 402 617 409 580 399 577 399 565 399 552 399 359 411 320 403 319 403 237 409 208 402 199 402 189 402 170 411 98 407 99 450 99 465 386 469 387 469 388 469 412 461 494 467 495 467 532 460 561 467 562 467 564 467 604 460 643 467 644 467 646 467 662 460 711 466 712 466 714 466 738 459 854 466 855 466 966 457 991 465 993 465 994 465 1044 457 1095 465 1096 466 1253 466 1253 465 1294 457 1337 464 1338 464 1340 464 1370 456 1476 456 1477 430 1475 394 1333 394 1332 394 1253 406 1188 395 1187 395"/></Shape>
            <String CONTENT="legenheit der Zeit gebuͤhret, aus dem gemeldten Buch oͤffentlich teutſa"
                    HPOS="98"
                    VPOS="394"
                    WIDTH="1379"
                    HEIGHT="75"
                    WC="0.9909478358819451"></String>
          </TextLine>
          <TextLine ID="eSc_line_3a71862e"
                    TAGREFS="LT33"
                    BASELINE="107 499 1022 491" 
                    HPOS="105"
                    VPOS="450"
                    WIDTH="917"
                    HEIGHT="65">
            <Shape><Polygon POINTS="107 499 107 512 242 515 243 515 278 508 294 514 295 514 296 514 297 514 299 514 309 508 373 512 374 512 426 505 537 513 538 513 730 503 851 510 853 510 854 510 883 501 902 508 903 508 904 508 933 501 952 509 953 509 955 509 1022 506 1022 491 1019 460 979 454 977 454 976 454 952 460 933 452 932 452 931 452 930 452 906 460 877 450 875 450 874 450 873 450 871 450 853 461 700 454 699 454 697 454 696 454 685 464 652 464 615 452 614 452 613 452 612 452 610 452 598 460 577 454 576 454 575 454 574 454 553 465 519 465 508 456 507 456 506 456 504 456 463 462 411 454 410 454 368 462 348 455 347 455 345 455 238 466 200 456 199 456 198 456 105 456 107 499"/></Shape>
            <String CONTENT="lieſet.: 2. 2r ꝛ.Ar.:: Tu1:. 2. . .."
                    HPOS="105"
                    VPOS="450"
                    WIDTH="917"
                    HEIGHT="65"
                    WC="0.9218706728683578"></String>
          </TextLine>
          <TextLine ID="eSc_line_76609456"
                    TAGREFS="LT33"
                    BASELINE="235 559 1255 553 1350 549 1481 529" 
                    HPOS="234"
                    VPOS="490"
                    WIDTH="1247"
                    HEIGHT="87">
            <Shape><Polygon POINTS="235 559 235 577 286 568 330 577 331 577 401 567 504 576 506 576 507 576 508 576 522 566 561 575 562 575 564 575 588 566 720 571 721 571 815 563 849 572 850 572 851 572 853 572 874 564 1085 571 1086 571 1087 571 1124 562 1184 570 1186 570 1287 563 1369 568 1370 568 1371 568 1393 558 1481 558 1481 529 1476 490 1327 491 1326 491 1298 500 1254 491 1253 491 1189 505 1087 493 1086 493 1085 493 1044 512 897 512 873 505 871 505 870 505 729 513 685 498 683 498 682 498 681 498 637 513 613 508 612 508 610 508 593 514 565 505 564 505 562 505 508 517 430 517 413 508 412 508 411 508 364 517 344 508 343 508 341 508 294 514 278 506 277 506 276 506 234 514 235 559"/></Shape>
            <String CONTENT="Nachdem ſinget der Schullmeiſter einen (equens, oder ſonſtei"
                    HPOS="234"
                    VPOS="490"
                    WIDTH="1247"
                    HEIGHT="87"
                    WC="0.965764828523"></String>
          </TextLine>
          <TextLine ID="eSc_line_4d0fa881"
                    TAGREFS="LT33"
                    BASELINE="103 610 1293 601" 
                    HPOS="102"
                    VPOS="552"
                    WIDTH="1191"
                    HEIGHT="77">
            <Shape><Polygon POINTS="1149 554 1136 554 1124 554 1116 554 1087 564 1041 564 1023 556 1023 556 1013 556 980 563 871 557 870 557 869 557 851 564 646 557 644 557 632 558 619 558 606 558 598 558 561 566 521 558 519 558 518 558 500 568 449 568 425 559 417 559 415 559 394 568 317 562 316 562 267 570 102 559 103 610 103 629 177 622 271 628 272 628 273 628 307 616 392 624 393 624 456 615 531 622 532 622 589 619 603 625 604 625 605 625 657 614 749 620 750 620 811 612 837 619 839 619 840 619 1000 611 1290 620 1293 601 1288 552 1264 562 1160 554 1149 554"/></Shape>
            <String CONTENT="einen gegruͤndeten lateiniſchen Tert aus dem Gradual. (m)"
                    HPOS="102"
                    VPOS="552"
                    WIDTH="1191"
                    HEIGHT="77"
                    WC="0.9957719528884218"></String>
          </TextLine>
          <TextLine ID="eSc_line_59cb70ae"
                    TAGREFS="LT33"
                    BASELINE="234 668 1271 662 1377 657 1473 643" 
                    HPOS="233"
                    VPOS="602"
                    WIDTH="1240"
                    HEIGHT="82">
            <Shape><Polygon POINTS="234 668 234 682 460 684 461 684 511 677 560 684 561 684 609 673 630 683 632 683 633 683 634 683 665 674 745 682 747 682 909 670 948 681 950 681 951 682 1048 682 1048 681 1049 681 1070 673 1237 678 1239 678 1240 678 1241 678 1251 672 1263 678 1264 678 1265 679 1362 679 1362 678 1364 678 1394 667 1473 667 1473 643 1468 602 1336 621 1138 621 1110 605 1109 605 1107 605 1054 605 1053 605 849 607 847 607 805 624 765 617 764 617 723 625 670 625 638 614 637 614 635 614 559 626 535 614 533 614 406 610 405 610 403 610 367 625 277 619 276 619 233 628 234 668"/></Shape>
            <String CONTENT="Darnach keſet der Evangelier das Eoangelium auf dem gemelo"
                    HPOS="233"
                    VPOS="602"
                    WIDTH="1240"
                    HEIGHT="82"
                    WC="0.9907945384239328"></String>
          </TextLine>
          <TextLine ID="eSc_line_62e55e72"
                    TAGREFS="LT33"
                    BASELINE="1424 696 1472 692" 
                    HPOS="1420"
                    VPOS="650"
                    WIDTH="52"
                    HEIGHT="57">
            <Shape><Polygon POINTS="1424 696 1424 707 1472 707 1472 692 1467 650 1420 657 1424 696"/></Shape>
            <String CONTENT="rie"
                    HPOS="1420"
                    VPOS="650"
                    WIDTH="52"
                    HEIGHT="57"
                    WC="0.9999914964040121"></String>
          </TextLine>
          <TextLine ID="eSc_line_e92c2334"
                    TAGREFS="LT33"
                    BASELINE="103 715 1371 708" 
                    HPOS="102"
                    VPOS="665"
                    WIDTH="1269"
                    HEIGHT="67">
            <Shape><Polygon POINTS="103 715 103 726 296 732 297 732 367 725 440 731 441 731 519 725 605 731 606 731 608 731 641 723 711 730 712 730 714 730 741 723 860 730 861 730 900 722 956 728 957 728 1087 722 1105 728 1106 728 1107 728 1371 725 1371 708 1369 677 1217 665 1216 665 1215 665 1213 665 1193 678 1140 678 1120 665 1119 665 1118 665 1116 665 1053 678 959 667 957 667 956 667 926 679 883 679 865 669 864 669 710 668 709 668 707 668 666 681 579 681 498 669 497 669 495 669 494 669 475 682 445 682 357 669 355 669 354 669 353 669 331 683 285 683 258 670 257 670 131 670 129 670 128 670 102 682 103 715"/></Shape>
            <String CONTENT="ten Pult vor dem Altar, auch teutſch. Unter dem waͤſcht der"
                    HPOS="102"
                    VPOS="665"
                    WIDTH="1269"
                    HEIGHT="67"
                    WC="0.9934458449735479"></String>
          </TextLine>
          <TextLine ID="eSc_line_271f2cc7"
                    TAGREFS="LT33"
                    BASELINE="1412 747 1476 736" 
                    HPOS="1404"
                    VPOS="696"
                    WIDTH="72"
                    HEIGHT="63">
            <Shape><Polygon POINTS="1412 747 1413 759 1476 746 1476 736 1467 696 1404 708 1412 747"/></Shape>
            <String CONTENT="Par"
                    HPOS="1404"
                    VPOS="696"
                    WIDTH="72"
                    HEIGHT="63"
                    WC="0.9857186079025269"></String>
          </TextLine>
          <TextLine ID="eSc_line_900de63b"
                    TAGREFS="LT33"
                    BASELINE="105 765 1326 760 1393 755" 
                    HPOS="104"
                    VPOS="715"
                    WIDTH="1289"
                    HEIGHT="68">
            <Shape><Polygon POINTS="105 765 105 781 160 774 206 781 208 781 286 775 316 783 317 783 319 783 320 783 336 774 352 780 353 780 354 780 430 773 464 779 465 779 497 774 512 781 513 781 514 781 516 781 538 773 811 780 812 780 813 780 815 780 827 773 853 778 854 778 898 771 1261 779 1263 779 1391 768 1393 755 1389 717 1018 723 986 715 985 715 984 715 983 715 981 715 969 723 911 716 909 716 859 725 840 716 839 716 837 716 836 716 835 716 821 725 800 716 798 716 797 716 590 722 522 717 521 717 469 726 396 721 394 721 348 727 305 720 304 720 266 725 217 718 215 718 155 727 104 720 105 765"/></Shape>
            <String CONTENT="ſter ſeine Hand, gieſt den Wein in den Kelch, und bereittet die"
                    HPOS="104"
                    VPOS="715"
                    WIDTH="1289"
                    HEIGHT="68"
                    WC="0.9977803514117286"></String>
          </TextLine>
          <TextLine ID="eSc_line_ad20df9b"
                    TAGREFS="LT33"
                    BASELINE="111 809 1328 808 1473 790" 
                    HPOS="109"
                    VPOS="760"
                    WIDTH="1364"
                    HEIGHT="72">
            <Shape><Polygon POINTS="892 762 888 762 825 775 738 764 736 764 686 775 635 764 627 764 623 764 589 774 552 764 551 764 540 764 495 774 451 765 450 765 391 774 334 765 333 765 331 765 309 775 287 765 286 765 276 765 232 776 131 766 129 766 128 766 109 775 111 809 111 822 264 823 276 831 277 831 278 831 280 832 427 832 427 831 471 822 567 828 569 828 570 828 593 820 617 829 618 829 619 831 960 831 960 829 1005 820 1027 829 1028 829 1029 829 1089 819 1197 828 1198 828 1472 818 1473 790 1471 760 1391 760 1390 760 1389 760 1350 775 1232 775 1196 764 1195 764 1193 764 1131 774 1072 765 1071 765 942 770 903 762 892 762"/></Shape>
            <String CONTENT="ticul nach Anzahl der jenigen, die geſpeiſet werden ſollen, ſo biel ſiͤ"
                    HPOS="109"
                    VPOS="760"
                    WIDTH="1364"
                    HEIGHT="72"
                    WC="0.9890011993932052"></String>
          </TextLine>
          <TextLine ID="eSc_line_a0665e67"
                    TAGREFS="LT33"
                    BASELINE="112 862 1322 857 1446 849" 
                    HPOS="111"
                    VPOS="810"
                    WIDTH="1335"
                    HEIGHT="67">
            <Shape><Polygon POINTS="112 862 112 877 629 877 629 876 665 870 725 877 726 877 728 877 749 870 817 877 818 877 849 871 902 877 903 877 1152 870 1163 876 1164 876 1165 876 1167 876 1330 875 1331 875 1347 866 1444 865 1446 849 1442 810 1347 823 1266 820 1249 812 1248 812 1246 812 1167 824 1029 822 1015 813 1014 813 1013 813 1012 813 938 822 873 815 871 815 870 815 851 826 803 817 802 817 801 817 782 824 704 817 702 817 701 817 672 826 649 818 648 818 647 818 609 824 546 817 545 817 543 817 509 826 453 815 451 815 391 827 334 817 333 817 331 817 292 828 259 817 258 817 193 817 191 817 190 817 169 827 111 818 112 862"/></Shape>
            <String CONTENT="derenſelben den Abend darvor, wie oben ſtehet, angezeigt, und."
                    HPOS="111"
                    VPOS="810"
                    WIDTH="1335"
                    HEIGHT="67"
                    WC="0.996634538135221"></String>
          </TextLine>
          <TextLine ID="eSc_line_9b9c8c31"
                    TAGREFS="LT33"
                    BASELINE="112 911 1299 906 1399 901 1473 885" 
                    HPOS="111"
                    VPOS="858"
                    WIDTH="1362"
                    HEIGHT="73">
            <Shape><Polygon POINTS="112 911 112 924 296 931 297 931 299 931 345 919 444 919 478 931 479 931 480 931 482 931 516 921 545 928 546 928 658 918 673 925 675 925 676 925 723 920 765 929 767 929 768 929 794 918 854 916 878 929 879 929 880 930 1001 930 1001 929 1003 929 1033 921 1058 928 1059 928 1061 929 1270 929 1270 928 1321 916 1350 924 1351 924 1352 924 1354 924 1374 914 1472 914 1473 885 1471 858 1414 858 1413 858 1412 858 1391 870 1269 870 1095 862 1094 862 1092 862 1075 870 1022 865 1020 865 927 871 892 861 890 861 889 861 762 871 706 862 705 862 509 870 455 863 454 863 453 863 422 873 376 866 374 866 373 866 352 873 285 866 283 866 233 875 111 868 112 911"/></Shape>
            <String CONTENT="deichtet haben. Nachdem dann das Evangelium iſt verleſen worden"
                    HPOS="111"
                    VPOS="858"
                    WIDTH="1362"
                    HEIGHT="73"
                    WC="0.9934752072606768"></String>
          </TextLine>
          <TextLine ID="eSc_line_3a1df237"
                    TAGREFS="LT33"
                    BASELINE="112 963 752 954 1324 955 1422 949" 
                    HPOS="111"
                    VPOS="909"
                    WIDTH="1311"
                    HEIGHT="73">
            <Shape><Polygon POINTS="112 963 112 982 156 974 378 979 379 979 381 979 397 972 445 977 446 977 447 977 461 971 591 978 593 978 625 972 786 977 787 977 841 967 962 967 1081 967 1112 974 1114 974 1115 974 1169 973 1171 973 1172 973 1184 966 1203 973 1205 973 1206 973 1420 972 1422 949 1418 909 1128 923 1062 923 1039 911 1038 911 1037 911 957 924 812 924 794 914 793 914 792 914 791 914 754 924 731 914 730 914 729 914 651 923 624 916 623 916 622 916 620 916 619 916 605 925 475 924 461 915 460 915 459 915 458 915 407 921 111 919 112 963"/></Shape>
            <String CONTENT="ſo fahet der Prieſter an, das Credo in unum DnvM, und der Sa"
                    HPOS="111"
                    VPOS="909"
                    WIDTH="1311"
                    HEIGHT="73"
                    WC="0.997330496708552"></String>
          </TextLine>
          <TextLine ID="eSc_line_27908857"
                    TAGREFS="LT33"
                    BASELINE="111 1011 668 1003 1217 1006" 
                    HPOS="109"
                    VPOS="962"
                    WIDTH="1108"
                    HEIGHT="69">
            <Shape><Polygon POINTS="111 1011 111 1031 200 1030 249 1020 285 1020 307 1030 309 1030 310 1030 355 1021 379 1030 381 1030 382 1030 432 1029 434 1029 465 1018 589 1018 622 1027 623 1027 624 1027 690 1017 783 1017 806 1027 807 1027 808 1027 871 1017 922 1024 923 1024 924 1024 943 1016 972 1026 974 1026 975 1026 976 1026 991 1020 1001 1026 1003 1026 1004 1026 1005 1027 1073 1027 1073 1026 1075 1026 1094 1016 1125 1026 1126 1026 1128 1026 1216 1021 1217 1006 1216 972 1174 963 1173 963 1112 972 1067 962 1066 962 1065 962 1033 972 1009 966 1008 966 1006 966 871 973 816 963 701 963 700 963 617 974 548 964 450 964 449 964 447 964 446 964 431 974 270 968 268 968 267 968 235 976 203 966 201 966 200 966 152 976 109 973 111 1011"/></Shape>
            <String CONTENT="meiſter darauf, das Patrem Omnipotentem zu ſingen."
                    HPOS="109"
                    VPOS="962"
                    WIDTH="1108"
                    HEIGHT="69"
                    WC="0.9933712220191956"></String>
          </TextLine>
          <TextLine ID="eSc_line_b8b7a31e"
                    TAGREFS="LT33"
                    BASELINE="241 1066 1314 1060 1436 1053" 
                    HPOS="239"
                    VPOS="1015"
                    WIDTH="1197"
                    HEIGHT="73">
            <Shape><Polygon POINTS="241 1066 241 1082 283 1088 285 1088 286 1088 287 1088 299 1080 325 1088 326 1088 328 1088 329 1088 373 1076 430 1088 431 1088 432 1088 460 1075 524 1075 557 1087 559 1087 560 1088 610 1088 610 1087 612 1087 639 1075 815 1073 912 1073 940 1082 941 1082 942 1082 1005 1074 1022 1083 1023 1083 1024 1084 1172 1084 1172 1083 1173 1083 1193 1073 1215 1082 1216 1082 1217 1083 1290 1083 1290 1082 1292 1082 1293 1082 1311 1070 1356 1079 1357 1079 1434 1068 1436 1053 1432 1015 1369 1026 1303 1026 1285 1016 1284 1016 1283 1016 1282 1016 1263 1025 1241 1018 1240 1018 1239 1018 1197 1026 1174 1017 1173 1017 1172 1017 1171 1017 1139 1026 1106 1017 1105 1017 1104 1017 1053 1024 1005 1017 1004 1017 921 1018 919 1018 918 1018 904 1027 829 1018 827 1018 826 1018 805 1029 733 1020 731 1020 730 1020 700 1030 533 1030 504 1021 503 1021 502 1021 430 1031 405 1022 403 1022 402 1022 363 1031 239 1029 241 1066"/></Shape>
            <String CONTENT="Unter dem Patrem verordnet der Epiſtler die Leuth ſo man l"
                    HPOS="239"
                    VPOS="1015"
                    WIDTH="1197"
                    HEIGHT="73"
                    WC="0.9891378149904054"></String>
          </TextLine>
          <TextLine ID="eSc_line_2ef74d9d"
                    TAGREFS="LT33"
                    BASELINE="113 1116 1424 1105" 
                    HPOS="112"
                    VPOS="1060"
                    WIDTH="1312"
                    HEIGHT="80">
            <Shape><Polygon POINTS="853 1064 759 1082 705 1082 682 1073 681 1073 680 1073 678 1073 677 1073 663 1082 623 1076 622 1076 620 1076 601 1084 561 1084 527 1066 526 1066 468 1066 466 1066 465 1066 418 1082 383 1073 382 1073 381 1073 379 1073 360 1083 275 1085 210 1069 209 1069 208 1069 112 1069 113 1116 114 1140 141 1128 203 1135 204 1135 278 1126 400 1132 401 1132 442 1124 570 1126 648 1135 649 1135 651 1135 682 1123 721 1135 723 1135 724 1136 768 1136 768 1135 840 1133 841 1133 866 1122 977 1122 989 1129 990 1129 991 1129 993 1129 1101 1123 1114 1131 1115 1131 1116 1131 1118 1131 1218 1124 1258 1131 1259 1131 1369 1129 1370 1129 1393 1118 1423 1118 1424 1105 1419 1060 1386 1074 1337 1066 1336 1066 1335 1066 1314 1078 1227 1078 1192 1064 1191 1064 1189 1064 1188 1064 1162 1078 1044 1079 1004 1064 1003 1064 1001 1064 926 1076 909 1068 908 1068 854 1064 853 1064"/></Shape>
            <String CONTENT="ſen ſoll, vor dem Altar, und nemlich die Maͤnner auf die rechte &amp;"
                    HPOS="112"
                    VPOS="1060"
                    WIDTH="1312"
                    HEIGHT="80"
                    WC="0.9758537741807791"></String>
          </TextLine>
          <TextLine ID="eSc_line_04822ee4"
                    TAGREFS="LT33"
                    BASELINE="112 1165 1438 1155" 
                    HPOS="111"
                    VPOS="1112"
                    WIDTH="1327"
                    HEIGHT="78">
            <Shape><Polygon POINTS="112 1165 112 1177 146 1185 147 1185 148 1185 170 1179 444 1179 466 1190 468 1190 469 1190 470 1190 492 1181 595 1181 596 1181 598 1181 599 1181 609 1175 730 1182 731 1182 733 1182 749 1175 835 1175 864 1187 865 1187 866 1187 962 1186 964 1186 965 1186 977 1179 995 1186 996 1186 998 1186 1412 1184 1413 1184 1438 1175 1438 1155 1434 1112 1386 1113 1385 1113 1362 1124 1241 1124 1197 1116 1196 1116 1195 1116 1172 1124 1097 1119 1096 1119 1095 1119 1073 1126 1054 1116 1053 1116 1020 1116 1019 1116 964 1117 962 1117 937 1127 885 1119 884 1119 883 1119 866 1128 731 1128 711 1118 710 1118 663 1118 662 1118 661 1118 659 1118 643 1128 612 1119 610 1119 609 1119 545 1129 511 1119 509 1119 442 1119 441 1119 384 1131 340 1123 339 1123 338 1123 319 1131 302 1122 301 1122 300 1122 299 1122 281 1132 195 1132 135 1122 133 1122 132 1122 111 1129 112 1165"/></Shape>
            <String CONTENT="then, und die Weibs⸗Perſohnen auf die Lincke des Altars, dal"
                    HPOS="111"
                    VPOS="1112"
                    WIDTH="1327"
                    HEIGHT="78"
                    WC="0.9949023415644963"></String>
          </TextLine>
          <TextLine ID="eSc_line_cd191360"
                    TAGREFS="LT33"
                    BASELINE="113 1218 460 1210 961 1210" 
                    HPOS="112"
                    VPOS="1165"
                    WIDTH="849"
                    HEIGHT="82">
            <Shape><Polygon POINTS="113 1218 113 1242 169 1245 170 1245 171 1245 193 1238 200 1245 201 1245 203 1245 204 1247 259 1247 259 1245 261 1245 296 1237 398 1244 400 1244 401 1244 423 1235 449 1244 450 1244 451 1244 533 1235 545 1243 546 1243 547 1243 548 1244 600 1244 600 1243 601 1243 603 1243 618 1232 646 1232 663 1242 665 1242 666 1242 667 1242 668 1242 701 1233 728 1242 729 1242 730 1242 827 1230 851 1230 865 1240 866 1240 868 1240 869 1240 960 1235 961 1210 960 1177 849 1176 827 1165 826 1165 825 1165 824 1165 822 1165 822 1166 810 1177 716 1169 715 1169 714 1169 712 1169 712 1170 702 1179 673 1179 648 1166 647 1166 646 1166 601 1174 542 1167 541 1167 466 1180 378 1169 377 1169 376 1169 353 1175 331 1169 330 1169 329 1169 328 1169 326 1169 311 1180 297 1170 296 1170 295 1170 294 1170 292 1170 291 1170 291 1171 290 1171 286 1176 256 1170 254 1170 215 1179 205 1170 204 1170 203 1170 161 1170 160 1170 158 1170 157 1170 150 1177 132 1171 131 1171 129 1171 128 1171 112 1177 113 1218"/></Shape>
            <String CONTENT="z Ende des Patrem daſelbſt nieder knpen."
                    HPOS="112"
                    VPOS="1165"
                    WIDTH="849"
                    HEIGHT="82"
                    WC="0.9977495238184929"></String>
          </TextLine>
          <TextLine ID="eSc_line_be54aedc"
                    TAGREFS="LT33"
                    BASELINE="248 1272 1324 1264 1408 1259" 
                    HPOS="247"
                    VPOS="1222"
                    WIDTH="1161"
                    HEIGHT="70">
            <Shape><Polygon POINTS="248 1272 248 1286 402 1292 403 1292 459 1285 495 1291 497 1291 591 1283 760 1290 762 1290 1407 1278 1408 1259 1404 1222 1360 1230 1309 1222 1308 1222 1271 1229 1227 1223 1226 1223 1225 1223 1210 1230 1184 1223 1183 1223 1182 1223 1181 1223 1152 1230 1067 1224 1066 1224 1065 1224 1033 1233 947 1224 946 1224 945 1224 909 1235 840 1235 817 1225 816 1225 815 1225 813 1225 786 1234 755 1227 754 1227 753 1227 752 1227 723 1237 553 1237 518 1228 517 1228 516 1228 474 1235 437 1228 436 1228 435 1228 417 1235 349 1230 348 1230 347 1230 329 1237 307 1229 306 1229 305 1229 247 1229 248 1272"/></Shape>
            <String CONTENT="So nun das Patrem ausgeſungen iſt, alsdann tritt der e"
                    HPOS="247"
                    VPOS="1222"
                    WIDTH="1161"
                    HEIGHT="70"
                    WC="0.9904438466937454"></String>
          </TextLine>
          <TextLine ID="eSc_line_c36ea92b"
                    TAGREFS="LT33"
                    BASELINE="116 1322 1167 1315 1433 1305" 
                    HPOS="114"
                    VPOS="1272"
                    WIDTH="1319"
                    HEIGHT="68">
            <Shape><Polygon POINTS="116 1322 116 1335 500 1340 502 1340 581 1331 634 1339 635 1339 705 1338 706 1338 723 1330 783 1336 784 1336 824 1329 879 1336 880 1336 967 1327 1049 1335 1051 1335 1432 1322 1433 1305 1430 1273 1176 1272 1174 1272 1142 1278 1100 1272 1099 1272 1097 1272 1073 1281 1000 1281 970 1273 969 1273 967 1273 948 1281 837 1274 836 1274 835 1274 820 1281 673 1277 672 1277 671 1277 654 1283 533 1277 532 1277 531 1277 500 1285 454 1278 453 1278 391 1286 162 1281 161 1281 114 1288 116 1322"/></Shape>
            <String CONTENT="geller wiederum fuͤr das Pult, und lieſet ein teutſche Vermahnune"
                    HPOS="114"
                    VPOS="1272"
                    WIDTH="1319"
                    HEIGHT="68"
                    WC="0.9960796594619751"></String>
          </TextLine>
          <TextLine ID="eSc_line_7d1bc8ae"
                    TAGREFS="LT33"
                    BASELINE="116 1369 1394 1360" 
                    HPOS="114"
                    VPOS="1321"
                    WIDTH="1280"
                    HEIGHT="70">
            <Shape><Polygon POINTS="116 1369 116 1384 294 1391 295 1391 296 1391 297 1391 309 1384 421 1389 422 1389 482 1383 606 1388 608 1388 671 1382 806 1387 807 1387 846 1380 1025 1385 1027 1385 1028 1385 1029 1385 1039 1379 1115 1384 1116 1384 1394 1378 1394 1360 1390 1322 1277 1329 1236 1321 1235 1321 1184 1330 1062 1322 1061 1322 1017 1330 995 1324 994 1324 993 1324 991 1324 975 1331 932 1324 931 1324 873 1330 747 1325 745 1325 744 1325 711 1332 672 1325 671 1325 670 1325 644 1334 595 1326 594 1326 532 1334 384 1327 383 1327 285 1336 114 1330 116 1369"/></Shape>
            <String CONTENT="die Communicanten, die man ſpeiſen ſoll, darinn uns die Wo"
                    HPOS="114"
                    VPOS="1321"
                    WIDTH="1280"
                    HEIGHT="70"
                    WC="0.9886979337396293"></String>
          </TextLine>
          <TextLine ID="eSc_line_3021802a"
                    TAGREFS="LT33"
                    BASELINE="118 1418 1400 1407" 
                    HPOS="117"
                    VPOS="1368"
                    WIDTH="1283"
                    HEIGHT="69">
            <Shape><Polygon POINTS="118 1418 118 1437 1399 1425 1400 1407 1398 1374 1258 1368 1256 1368 1255 1368 1230 1375 1167 1369 1165 1369 1012 1377 975 1370 974 1370 972 1370 940 1378 849 1372 847 1372 716 1379 686 1373 685 1373 633 1380 599 1374 598 1374 440 1375 397 1383 304 1377 302 1377 301 1377 288 1383 176 1378 175 1378 117 1385 118 1418"/></Shape>
            <String CONTENT="unſeres HHErꝛn FEſu Chriſti, mit ſeinen Leyden und Sterben"
                    HPOS="117"
                    VPOS="1368"
                    WIDTH="1283"
                    HEIGHT="69"
                    WC="0.9890197854617546"></String>
          </TextLine>
          <TextLine ID="eSc_line_59ab022b"
                    TAGREFS="LT33"
                    BASELINE="119 1462 681 1465 1415 1457" 
                    HPOS="119"
                    VPOS="1420"
                    WIDTH="1296"
                    HEIGHT="64">
            <Shape><Polygon POINTS="119 1475 367 1484 368 1484 369 1484 383 1478 898 1481 899 1481 942 1472 1107 1472 1130 1479 1131 1479 1133 1479 1216 1471 1414 1471 1415 1457 1412 1420 1345 1427 1309 1420 1240 1420 1239 1420 1237 1420 1216 1427 1160 1420 1159 1420 1110 1428 1003 1421 1001 1421 952 1428 899 1421 898 1421 846 1427 686 1422 685 1422 630 1431 536 1425 535 1425 533 1425 507 1431 490 1423 489 1423 488 1423 487 1423 461 1431 398 1425 397 1425 396 1425 376 1432 119 1430 119 1462 119 1475"/></Shape>
            <String CONTENT="vorgehalten, desgleichen auch die Frucht und der rechte Gebrauck"
                    HPOS="119"
                    VPOS="1420"
                    WIDTH="1296"
                    HEIGHT="64"
                    WC="0.9906048662960529"></String>
          </TextLine>
          <TextLine ID="eSc_line_893cec99"
                    TAGREFS="LT33"
                    BASELINE="122 1515 980 1512 1399 1504" 
                    HPOS="121"
                    VPOS="1464"
                    WIDTH="1278"
                    HEIGHT="69">
            <Shape><Polygon POINTS="122 1515 123 1533 153 1525 280 1530 281 1530 282 1530 302 1524 396 1524 410 1530 411 1530 412 1530 487 1523 643 1529 644 1529 836 1527 837 1527 861 1520 890 1527 892 1527 1105 1520 1195 1525 1196 1525 1197 1525 1220 1519 1396 1523 1399 1504 1394 1464 1372 1474 1287 1464 1285 1464 1284 1464 1261 1475 1157 1475 1082 1465 1081 1465 1080 1465 1062 1475 933 1476 878 1466 877 1466 808 1479 735 1479 711 1470 710 1470 709 1470 654 1479 580 1469 579 1469 577 1469 551 1475 485 1469 484 1469 483 1469 482 1469 463 1481 416 1481 381 1470 379 1470 378 1470 377 1470 360 1478 344 1470 343 1470 341 1470 297 1476 209 1471 208 1471 206 1471 205 1471 194 1479 182 1471 181 1471 180 1471 179 1471 121 1471 122 1515"/></Shape>
            <String CONTENT="ſes HHochwurdigen Abendmahls, und thut darauf ein gemeine of"
                    HPOS="121"
                    VPOS="1464"
                    WIDTH="1278"
                    HEIGHT="69"
                    WC="0.9809005523721377"></String>
          </TextLine>
          <TextLine ID="eSc_line_d08b0590"
                    TAGREFS="LT33"
                    BASELINE="122 1565 1414 1553" 
                    HPOS="121"
                    VPOS="1509"
                    WIDTH="1293"
                    HEIGHT="74">
            <Shape><Polygon POINTS="991 1512 986 1512 933 1519 909 1513 908 1513 907 1513 906 1513 904 1513 894 1519 802 1514 801 1514 692 1524 591 1514 590 1514 170 1518 121 1529 122 1565 122 1576 229 1583 230 1583 270 1576 290 1582 291 1582 292 1582 408 1575 675 1580 676 1580 921 1577 922 1577 942 1571 1111 1576 1112 1576 1114 1576 1140 1568 1187 1575 1188 1575 1321 1568 1388 1573 1389 1573 1390 1573 1414 1566 1414 1553 1410 1510 1375 1517 1337 1509 1336 1509 1335 1509 1309 1517 1274 1512 1273 1512 1271 1512 1255 1520 1128 1520 1111 1513 1110 1513 1109 1513 1107 1513 1106 1513 1092 1522 1018 1522 993 1512 991 1512"/></Shape>
            <String CONTENT="che Beicht. Nachdeme dann auch dieſe Vermahnung alſo geſet"
                    HPOS="121"
                    VPOS="1509"
                    WIDTH="1293"
                    HEIGHT="74"
                    WC="0.9895581962733433"></String>
          </TextLine>
          <TextLine ID="eSc_line_917b2b28"
                    TAGREFS="LT33"
                    BASELINE="124 1614 1409 1602" 
                    HPOS="123"
                    VPOS="1561"
                    WIDTH="1286"
                    HEIGHT="67">
            <Shape><Polygon POINTS="124 1614 124 1628 1176 1616 1407 1620 1409 1602 1405 1561 1188 1568 1152 1561 1150 1561 1110 1570 1022 1562 1020 1562 961 1571 935 1563 933 1563 932 1563 882 1571 818 1565 817 1565 816 1565 800 1573 733 1573 712 1565 711 1565 710 1565 657 1573 527 1567 526 1567 480 1575 432 1567 431 1567 379 1576 362 1568 360 1568 359 1568 291 1576 276 1568 275 1568 273 1568 123 1570 124 1614"/></Shape>
            <String CONTENT="iſt, faͤngt der Prieſter an den erſten Theil der Wort unſers⸗"
                    HPOS="123"
                    VPOS="1561"
                    WIDTH="1286"
                    HEIGHT="67"
                    WC="0.9885389355362438"></String>
          </TextLine>
          <TextLine ID="eSc_line_4a573bb5"
                    TAGREFS="LT33"
                    BASELINE="126 1668 1427 1648" 
                    HPOS="124"
                    VPOS="1606"
                    WIDTH="1303"
                    HEIGHT="73">
            <Shape><Polygon POINTS="1109 1606 1096 1606 1043 1618 956 1611 955 1611 953 1611 928 1620 869 1610 868 1610 866 1610 865 1610 847 1621 696 1611 695 1611 694 1611 677 1620 652 1614 651 1614 649 1614 648 1614 613 1625 503 1615 502 1615 500 1615 460 1625 405 1616 403 1616 331 1625 315 1618 314 1618 312 1618 124 1620 126 1668 126 1679 1427 1664 1427 1648 1423 1610 1197 1615 1174 1609 1173 1609 1172 1609 1171 1609 1169 1609 1157 1616 1109 1606 1109 1606"/></Shape>
            <String CONTENT="JEſu Chriſti, damit er dieſes Abendmahl und Saerament eing"
                    HPOS="124"
                    VPOS="1606"
                    WIDTH="1303"
                    HEIGHT="73"
                    WC="0.9997591273537998"></String>
          </TextLine>
          <TextLine ID="eSc_line_911d7ed5"
                    TAGREFS="LT33"
                    BASELINE="123 1713 1293 1705 1422 1694" 
                    HPOS="122"
                    VPOS="1657"
                    WIDTH="1300"
                    HEIGHT="93">
            <Shape><Polygon POINTS="571 1662 493 1670 458 1663 450 1664 449 1664 417 1676 310 1676 292 1665 286 1667 283 1667 268 1672 239 1667 235 1667 227 1667 208 1676 186 1668 185 1668 184 1668 122 1670 123 1713 123 1744 198 1750 199 1750 275 1737 305 1749 306 1749 307 1749 309 1749 348 1739 403 1749 405 1749 406 1749 430 1741 475 1747 476 1747 529 1737 576 1741 577 1741 643 1734 709 1742 710 1742 797 1735 822 1745 824 1745 825 1745 826 1745 861 1735 928 1744 930 1744 1077 1737 1140 1742 1142 1742 1143 1742 1184 1728 1283 1741 1284 1741 1285 1741 1326 1727 1422 1727 1422 1694 1418 1660 1218 1667 1173 1657 1172 1657 1171 1657 1143 1669 1106 1669 1089 1658 1087 1658 1086 1658 1049 1658 1048 1658 1047 1658 1019 1669 874 1659 873 1659 825 1660 824 1660 794 1670 572 1662 571 1662"/></Shape>
            <String CONTENT="dat, oͤffentlich teutſch zu ſingen, und hebt nach demſelden alſoball"
                    HPOS="122"
                    VPOS="1657"
                    WIDTH="1300"
                    HEIGHT="93"
                    WC="0.9883526204263463"></String>
          </TextLine>
          <TextLine ID="eSc_line_8bb24b25"
                    TAGREFS="LT33"
                    BASELINE="1462 1732 1478 1730" 
                    HPOS="1456"
                    VPOS="1691"
                    WIDTH="24"
                    HEIGHT="59">
            <Shape><Polygon POINTS="1478 1730 1472 1692 1456 1691 1462 1732 1467 1750 1480 1741 1478 1730"/></Shape>
            <String CONTENT=""
                    HPOS="1456"
                    VPOS="1691"
                    WIDTH="24"
                    HEIGHT="59"
                    WC="0.9999793767929077"></String>
          </TextLine>
          <TextLine ID="eSc_line_f282c955"
                    TAGREFS="LT33"
                    BASELINE="1376 1746 1407 1742" 
                    HPOS="1371"
                    VPOS="1701"
                    WIDTH="37"
                    HEIGHT="69">
            <Shape><Polygon POINTS="1376 1746 1379 1769 1408 1770 1407 1742 1399 1701 1371 1710 1376 1746"/></Shape>
            <String CONTENT="2"
                    HPOS="1371"
                    VPOS="1701"
                    WIDTH="37"
                    HEIGHT="69"
                    WC="0.8367750644683838"></String>
          </TextLine>
        </TextBlock>
        <TextBlock HPOS="161"
                   VPOS="1836"
                   WIDTH="1339"
                   HEIGHT="230"
                   ID="eSc_textblock_bf5fa960"
                   TAGREFS="BT42">
          <Shape><Polygon POINTS="1467 1836 1500 1866 1495 1981 1318 2021 619 2031 543 2036 473 2066 222 2066 196 2056 186 1962 161 1915 161 1876 181 1866 1293 1861 1434 1856 1467 1836"/></Shape>
          <TextLine ID="eSc_line_245093d4"
                    TAGREFS="LT33"
                    BASELINE="169 1900 806 1897 1419 1882" 
                    HPOS="167"
                    VPOS="1856"
                    WIDTH="1252"
                    HEIGHT="65">
            <Shape><Polygon POINTS="1404 1856 1391 1857 1379 1857 1366 1857 1354 1858 1341 1858 1328 1858 1316 1860 1303 1860 1290 1861 1278 1861 1265 1861 1253 1861 1240 1861 1227 1861 1215 1861 1202 1861 1197 1861 1111 1863 1100 1861 1089 1861 1076 1861 1063 1861 1051 1861 1038 1861 1025 1861 1013 1862 1012 1862 981 1866 969 1862 962 1862 950 1862 941 1862 930 1866 922 1862 912 1862 902 1862 888 1868 800 1868 767 1862 760 1862 748 1862 747 1862 735 1870 619 1871 552 1863 546 1863 533 1863 521 1863 508 1863 495 1863 490 1863 446 1863 445 1865 440 1865 439 1865 420 1872 171 1868 167 1870 169 1900 169 1921 263 1913 412 1913 436 1919 437 1919 439 1919 545 1911 619 1916 620 1916 670 1909 707 1915 709 1915 1419 1899 1419 1882 1415 1856 1404 1856"/></Shape>
            <String CONTENT="(m) Ich glanbe, daß dleſer Sequens oder Sequentia, ſo ein lateiniſcher gegrundeter Tert ſer"
                    HPOS="167"
                    VPOS="1856"
                    WIDTH="1252"
                    HEIGHT="65"
                    WC="0.9810871259196774"></String>
          </TextLine>
          <TextLine ID="eSc_line_5d69c6d3"
                    TAGREFS="LT33"
                    BASELINE="1476 1928 1485 1928" 
                    HPOS="1476"
                    VPOS="1905"
                    WIDTH="9"
                    HEIGHT="44">
            <Shape><Polygon POINTS="1476 1928 1477 1949 1485 1947 1485 1928 1485 1906 1476 1905 1476 1928"/></Shape>
            <String CONTENT=""
                    HPOS="1476"
                    VPOS="1905"
                    WIDTH="9"
                    HEIGHT="44"
                    WC="0.9996756315231323"></String>
          </TextLine>
          <TextLine ID="eSc_line_1976c101"
                    TAGREFS="LT33"
                    BASELINE="198 1935 760 1934 1412 1918" 
                    HPOS="196"
                    VPOS="1890"
                    WIDTH="1216"
                    HEIGHT="67">
            <Shape><Polygon POINTS="198 1935 198 1957 363 1945 497 1945 522 1953 523 1953 524 1953 613 1944 625 1950 627 1950 628 1950 750 1949 752 1949 788 1940 850 1948 851 1948 942 1940 993 1945 994 1945 1047 1938 1099 1944 1100 1944 1101 1944 1118 1937 1412 1934 1412 1918 1409 1894 1290 1890 1289 1890 1097 1900 1030 1894 1029 1894 1028 1894 1027 1894 1014 1901 972 1896 971 1896 931 1903 577 1903 576 1903 436 1910 417 1904 416 1904 415 1904 196 1906 198 1935"/></Shape>
            <String CONTENT="ſchon wiederumen aus dem Graduali, oder dem Catholiſchen Meßonch entnommen worden"
                    HPOS="196"
                    VPOS="1890"
                    WIDTH="1216"
                    HEIGHT="67"
                    WC="0.9946978070117809"></String>
          </TextLine>
          <TextLine ID="eSc_line_26b7a048"
                    TAGREFS="LT33"
                    BASELINE="198 1978 1110 1967 1410 1955" 
                    HPOS="196"
                    VPOS="1926"
                    WIDTH="1214"
                    HEIGHT="72">
            <Shape><Polygon POINTS="893 1932 892 1932 868 1940 765 1937 764 1937 702 1943 642 1937 641 1937 639 1937 617 1944 557 1938 556 1938 555 1938 532 1945 506 1938 504 1938 503 1938 364 1939 281 1949 225 1942 224 1942 223 1942 196 1950 198 1978 198 1998 325 1996 326 1996 348 1988 363 1993 364 1993 365 1993 367 1993 368 1993 378 1986 435 1993 436 1993 574 1983 599 1992 600 1992 601 1992 603 1992 604 1992 620 1982 642 1991 643 1991 644 1992 691 1992 691 1991 902 1987 959 1977 1015 1986 1017 1986 1172 1976 1187 1982 1188 1982 1189 1982 1191 1982 1217 1973 1240 1979 1241 1979 1242 1979 1244 1979 1261 1973 1409 1974 1410 1955 1407 1926 1293 1934 1271 1926 1270 1926 1269 1926 1210 1935 1195 1928 1193 1928 1192 1928 1191 1928 1171 1934 1128 1929 1126 1929 1125 1929 1101 1937 1062 1929 1061 1929 979 1937 894 1932 893 1932"/></Shape>
            <String CONTENT="wle zuvor die Epiſtlen nach Gelegenheit der Zeit aus dem Buch, haben maͤſſe-"
                    HPOS="196"
                    VPOS="1926"
                    WIDTH="1214"
                    HEIGHT="72"
                    WC="0.9918124401255658"></String>
          </TextLine>
          <TextLine ID="eSc_line_56c1a5ba"
                    TAGREFS="LT33"
                    BASELINE="199 2011 1029 2007 1399 1992" 
                    HPOS="198"
                    VPOS="1966"
                    WIDTH="1201"
                    HEIGHT="73">
            <Shape><Polygon POINTS="560 1974 559 1974 536 1983 475 1976 474 1976 434 1983 379 1977 378 1977 334 1987 198 1988 199 2011 199 2030 522 2029 540 2037 541 2037 673 2039 675 2039 844 2030 909 2036 911 2036 1006 2030 1149 2034 1150 2034 1152 2034 1179 2024 1220 2032 1221 2032 1399 2024 1399 1992 1395 1966 1193 1968 1192 1968 1178 1974 1164 1968 1163 1968 1162 1968 1160 1968 1128 1976 1085 1969 1083 1969 1008 1981 957 1981 935 1971 933 1971 932 1971 931 1971 902 1981 849 1974 847 1974 792 1982 701 1976 700 1976 613 1983 561 1974 560 1974"/></Shape>
            <String CONTENT="werden. Dir Aleſpeſiung daren Eoiſtten uny Evengelien auf dit Feitr hat de Latheliſch"
                    HPOS="198"
                    VPOS="1966"
                    WIDTH="1201"
                    HEIGHT="73"
                    WC="0.9402699950863334"></String>
          </TextLine>
          <TextLine ID="eSc_line_803502d2"
                    TAGREFS="LT33"
                    BASELINE="203 2050 513 2045" 
                    HPOS="201"
                    VPOS="2011"
                    WIDTH="312"
                    HEIGHT="71">
            <Shape><Polygon POINTS="454 2011 444 2011 442 2011 441 2011 420 2022 340 2022 312 2013 311 2013 310 2013 309 2013 307 2013 307 2015 299 2024 276 2024 227 2015 225 2015 224 2015 201 2024 203 2050 203 2082 238 2082 238 2080 239 2080 281 2065 347 2079 348 2079 349 2079 350 2079 350 2078 359 2070 405 2078 406 2078 407 2078 408 2078 429 2064 466 2072 468 2072 513 2060 513 2045 512 2021 489 2011 488 2011 466 2011 454 2011"/></Shape>
            <String CONTENT="vorhin Hhon gemachzt."
                    HPOS="201"
                    VPOS="2011"
                    WIDTH="312"
                    HEIGHT="71"
                    WC="0.990069792384193"></String>
          </TextLine>
        </TextBlock>
      </PrintSpace>
    </Page>
  </Layout>
</alto>
