1978 2546
437 237 80 72 118

1079 420 126 51 Anno

611 452 276 67 TASSTLO TT.

469 499 600 82 Herzog, und hernach ein

1095 482 87 62 717.

1182 510 646 76 Sihe Eoeard. Tom. T. Franeiz 0-

557 554 197 71 Wonch.

1229 561 376 65 rient pag. 182. &c.

414 633 753 84 NB. Einige zehlen die Negierungs⸗ 719.

452 683 604 68 Jahr Taſtilonis von Anno 727.

451 731 612 62 andere von Anno 719. allwo er ans

449 768 610 72 denen Haͤnden Gritonis befreyet,

451 816 615 76 und von Lipino, als Hertog beſielet

448 855 142 68 worden.

489 936 1217 90 TASSTLO wurde gebohren Anno 7a2. Sein Herr Vatter, Oailo

523 992 1181 71 Hertzog⸗ ſtarde Anno 717. Nach den Toor Odilonis regerte zn Jei⸗

519 1035 1181 79 ten des minderjaͤhrigen Taſſilonis, ſeine Matter Cbiltradi.. Griko

517 1079 1183 78 ein Sohn Caroli Martelli, aus deſſen zweyten Gemahlin Soni-

520 1121 1182 82 childe gebohren, ein Bruder Carolomanni, und Pipini, welche

517 1164 1183 80 Rotrudis die Erſte Gemahlin mit Carolo Martello erzenget, wur⸗

516 1209 1184 76 de von ſeinen zwey Brͤdern, auf Zureden deren Francken, wegen

515 1253 1180 75 den von Carolo Martello erlangten Erbtheil, verſolget, gefangen,

513 1298 1180 69 und ſeines Erbtheils berandet. Eccard. Tom. L. Franc. Orient.

515 1332 1180 83 pag. 385. eꝛ diverſis Annalibus &c. Griko dekame widerumb

512 1384 1183 74 ſeme Freyheit, aber er ruhete nit, und da er von Pipino, ſeinem

512 1425 1181 75 Brnder, ans Sachſen vertriden worden, kame er in Bayrn, nahme

496 1468 1197 80 Chiltrudem die Wittib, ſambt ihren Sohn Tatlilone in ſeinem

505 1514 1184 80 Gewalt, und machte ſich die Bayern unterthaͤng, Anno 719. Ec-

505 1555 1184 75 card. Tomn. 1. Franc. Orient. pag. 187. Pippinus wolte Chil-

505 1595 1184 83 trndi ſeiner Schweſter, und ihren Sohn Thafliloni zn Huͤlff kom⸗

503 1637 1183 82 men; ſoͤrchtete auch, daß die Bayern auf ſolche Art ihme entriſſen

505 1686 1177 86 wurden, verſammnlete ſein Kriegsherr. Die Bayern ſchickten Pippi-

505 1731 1177 89 no ihre Geſandten, da er an dem Inn⸗ Fluß mt ſeinem Kriegs⸗

502 1775 1180 87 Heer ſtunde. Die Geſandte uͤberdrachten Schanckungen, verſprachen

493 1823 1186 80 ihre Tren, und uͤbergaben einige als Geiſel. Grifo nedſt zweyen an⸗

495 1872 1184 78 dern wurden Eippino geliffert. Dieſer verzenhete Gritfoni, fuͤhrte

495 1917 1183 75 doch denſelben mit ſich fort, und kame in ſein Reich zurnck, allwo er

500 1956 1172 79 Grikoni zwoͤlff Grarſchatften geſchencket hat. Ehe aber Pipinns aus

493 1997 1182 85 Bayern abgezogen, hat er den iungen Tallilonem als Hertzogen

489 2041 1181 80 deſtellet. Grito rnhete noch nit, da er ader Anno 251. zu Arſtul-

490 2077 1182 89 pbum den Longodarder Koͤnig fluͤchtig eylte, verlohre er auf den Weeg⸗

488 2124 1178 85 da er ſich auch tapſer wehrere, ſein Leben. Eccard. Tom. I. pag. 195-

489 2165 1087 103 d ꝛyt- Chaͤltrudis die Mutter Taiſdlonis ſtarde Anno 75t.

1665 2202 106 76 all⸗

955 250 45 69 -

1032 248 167 73 3 (0,

1071 332 142 88 12 &
