1923 2446
703 195 44 65 n,

407 245 598 78 Daß er wolt Urſach ſehzen an

402 298 789 71 Die da verderbt den Handtwercksman

451 353 803 75 Stet Merckt ond auch ein gantzes Landt

451 407 678 63 Die Fuden ſchier verderbet handt

399 449 811 78 Das merckt man bey vil gutem Pfandt

400 500 681 68 Daß man unter den Fuden fandt

456 558 696 64 So groſſe Stuck der Fud auff lud

449 603 702 71 Aus zu der Stat in Veſſern furt

400 649 646 67 All Furſten in dem Bayerlandt

400 698 814 69 In Beraytſchafft ſo vil Gelts nit handt

449 758 631 55 Als vil die Fuden handt allain

449 800 798 72 Ich gſchweig der Gſchir und Edelaſtain

398 847 738 68 Durch Bſeyſſerey vnd groſſe Suindt

399 896 828 74 Der Iud ſolchs Gur von Chriſten pringt

441 949 720 66 Ein weyſer Rath was gar behendt

447 1001 663 64 Zupringen ſolche Klag an Endt

398 1046 674 66 Groͤnigel der Gmayn reden thet

400 1096 736 61 Das merckt an Gant Peters Abet

448 1145 814 73 Er redt ſo huͤbſch mit gſchicktem Mundt

448 1197 692 66 Daß man nit lenger beyten kundt

398 1248 799 67 Man bſchluß gar bald der Juden Meur

399 1292 786 72 Gſach als vor Sant Peters Stulfeyr

449 1341 767 65 Die Gmayn man da gar balo berufft

448 1386 749 76 Ein weyſer Rath gar ſtrenglich ſchuff

396 1437 691 68 Daß do keyn Frevel wurd erzaygt

441 1492 574 58 a mit der blinden Judiſchayt

444 1539 629 67 Bys man ſie alle ſambt vertrib

447 1588 679 71 Bald jung vnd alt alda ſeer ſchry

398 1640 715 74 Das iſt gar recht yez ſeind mir fro

402 1693 473 66 Benedicamus Domino

337 1732 63 103 ,

437 1747 707 60 Nachmals man zu den Fuden trat

445 1796 680 64 Die newen mer ſagt in der Rath

403 1839 681 68 Vnd erlich aus der Gmayn dabey

396 1888 733 72 Auch Thoma Fuchs der Ritter freo

452 1936 720 79 Der gab den Fuden poͤſen Bſchayl

448 1992 632 83 Was in ein groſſes Herzenlayd

57 1998 93 75 Dat

1516 2039 102 75 Die

1539 199 25 82 ⸗
