1566 2270
126 152 83 57 781

624 133 38 67 n

692 131 313 75 28 (0) Etg-

114 182 1390 84 der junge Hertzog wegen ſeinen beſonderen hochen Gemuͤths⸗ und na⸗

116 233 1383 83 tuͤrlichen Gaaben die Hertzen aller devotiſten Unterthanen, und an

117 295 594 66 derer mehrer an ſich gezogen.

257 327 1242 85 Am heiligen Pfingſt⸗Montag dieſes Fahrs kame mehrmalen it

118 382 1379 73 ſolenner Proceſtion zu den Grab S. Woltgangi nach S. Emmeram dlt

117 427 1372 83 Loͤbliche Stadt Burglengenfeld. Im Monath zulio wurde von de

116 479 1376 78 nen Herren Jeſuittern allhier bey S. Paul, die Heilig⸗Sprechunt

114 534 1187 65 S. Franciſci Regis mit 8⸗ taͤgiger Andacht herrlich begangen.

248 585 1162 64 Anno 1722. den 9. Decembris ſtarbe in Munchen Se.

1428 556 53 69 pch

117 630 1287 74 fuͤrſtliche Durchlaͤucht Ferdinandus .Hertzog in Bayrn ꝛc. Chur⸗

118 677 1328 78 ſtens Maximiliani Emmanuelis Sohn, gebohren den 5. Auguſt 16

116 726 1366 73 Seines Alters 39. Jahr Er unterlieſſe aus Leopoldina Eleonora &.

112 773 1374 73 Philippi Wilhelmi Pfaltz⸗Grafens in Neuburg Tochter einen eintztge.

113 824 1363 73 Sohn Clementem Franciſcum de Paula HHertzogen zu Bayrn; dan

111 875 1293 74 der Erſt⸗ gebohrne Hertzog Maximilian den 29. April verſtorden.

248 925 1206 68 Anno 1739. den 20. Jenner wurde mit Erlanbnuß deren O

116 971 1360 74 ren in unſer Pfarr⸗Kirchen S. Ruperti, die neue Bruderſchafft od.

113 1021 1333 72 Verbundnuß deren Herren Bedienten unter Anruffung des heilt

111 1073 1288 68 Sebaſtiani eingefuͤhrer. Vom Monath May fangte ein groſſe-

114 1119 1344 67 rung des Getrayds an, maſſen das Korn um 22. fl. verkauffet wi

112 1167 1349 73 den. Es kamen die arme beduͤrfftige Leuth von weitten Orthen alll

108 1219 1360 67 ro, und bitteten mit weinenden Augen um Korn. Den 2. Septen

108 1267 1363 65 der 1750. wurde um 11. Uhr Mittags⸗ Zeit ein zum Strang verl

112 1315 1326 70 theilter Miſſethaͤter (Antoni Raab) ausgefuͤbret, welcher ſich keir

107 1368 1305 64 weegs zum Sterben bereitten wollen, da er aber ſahe, daß es

105 1413 1356 66 waͤre, verkangte er zu beichten, und unterhielte ſich mit ſeinem Beid

108 1460 1360 64 Vatter R. P. Mariano Ord. S. Franciſci Conventualen, bis Nach

105 1510 1362 66 mittag nach 2. Uhr. Jedermann ware begierig auf den Ausgans

104 1556 1367 69 und verbliebe dey den Richt⸗Platz gegenwaͤrtig; Der Beicht⸗Vatte

104 1604 1363 73 gienge endlich aus dem Orth, (er haltete ſich mit dem armen Shii

104 1657 1371 64 der unter der Mauren des Galgens auf,) heraus, und meldete dal

104 1707 1366 62 der arme Menſch das heiligiſte Viatieum zu empfangen verlangte

107 1754 1366 67 weilen es ſich aber nicht ſchicken wurde, ſelbes dem armen Suͤnder a.

103 1800 1375 68 dieſem Orth zu reichen, ſo bittete er um Gnad, daß man ihne wiedei

104 1847 1377 69 zuruck m die Stadt moͤchte fuͤhren, wo man ihme ſelbes an anderenEas

105 1895 1366 69 geden koͤnnte. Der Herr Schulrheiß ſagte zu: der arme Sunder wut

104 1945 1371 103 de mrbet gefuͤh)rsti abet e) woliis wirderniden nicyts von Hterden a

1359 1978 122 82 hoͤren.
