1939 2441
415 158 88 58 392

998 157 38 65 5

1076 160 238 73 0)2i9-

408 210 1399 86 ſuͤngſt verwichenen Jahren in dem Zwinger wieder aufgericht wor⸗

407 264 108 65 den.

544 317 1257 100 Anno 1516. geſchah allhier ein Vertrag zwiſchen der Croi

407 378 1386 107 Boͤhmn, und Orto Pfaltz⸗Grafen von Nendurg wegen des Lehendei

407 423 457 77 ren Schloß Gaydeck.

541 504 1255 92 Anno 1517. beſtreitet und unterſteher ſich zu vernichten Marti

407 554 1388 92 nus Lutherus, ein Auguſtiner⸗ Moͤnch, des Pabſten Gewalt, 1

408 607 1376 90 Ertheilung der lndulgenz. Bald hernach verlaßt er den Orden, un

404 653 994 88 bricht die ſo hoch und theuer geſchworne Geluͤbd.

531 720 1241 86 Anno 1518. bericht Kayſer Manimilian Pabſt Teonem desL

402 768 1382 95 theri gefaͤhrliches Vorhaben, und ſchon zimlich eingefuͤhrte Zeꝛchuni

408 820 1347 91 Der Pabſt ſchickt den vortreflichen Cardinal Cajetanum heraus..

401 870 1372 90 rherus ſchmeckte Feuer; den Cardinal zu betrugen, appeliret er zu de

402 923 1083 88 Pabſt, vor deme zu erſcheinen er niemahlen gedachte.

533 995 1210 87 Eodem Anno 1578. an St. Veits⸗Tag, da man pfegt mit.

400 1041 1347 96 Creutz um die Stadt zu gehen, verbrannen die Muͤhlen ob der hils

404 1094 1321 89 Bruck; dieſe Bruck war in groſſer Gefahr, und wußte niemand

397 1145 1339 87 fer Brunſt Urſach. Man bauet an deren ſtatt dahin ein Pulver⸗M

400 1193 1359 95 als aber ſelbige Anno 1521. auch abgebrunnen, hat man wier

402 1243 618 83 Trayd⸗Muhlen dahin gericht.

533 1322 1216 89 Anno 1519. iſt zwar Johann Schmaller, Schultheiß alls

402 1365 1370 96 um Willen er gemeiner Stadt viel Geld entzogen, zu dem Gtrall

394 1423 1336 89 verurtheilet, aber aus Gnaden mit dem Schwerdt gericht worden⸗

530 1489 1187 88 Obwohlen hieſige Stadt Anfangs, und folgends lande,

389 1541 1312 90 ohne Erkanntnuß eines wahren und einigen GOttes lebte, dahe

386 1592 1311 86 der Abgoͤtterey vertiefft lage, hat doch der allguͤtige GOrt di

384 1646 1309 81 kanntnuß ſeiner Weeſenheit denen Regenſpurgern nicht verhalten,

384 1695 1301 86 der im alten Teſtament lang, und wenigiſt z0. Jahr vor ſeine

385 1748 1278 80 burt durch die Juden mittheilen wollen, ſie haben continuirlich

388 1795 1283 88 denen Hayden allda gewohnet, ihr Begraͤbnuß Anfangs be

1678 1761 37 52 2

1700 1791 78 62 den

388 1848 1313 85 Doͤrffel Saler an dem Fluß Regen, wohin ſie vielmahls an denen.

384 1894 1339 88 bathen zu Fuß, fahrend, und reuttend ſich begeben, und die Begi

385 1947 1336 88 nuſſen ihrer Vor⸗Eltern beſucht, unter denen ſie viel fuͤr Propb

1668 2005 38 79 9
