1566 2270
109 146 85 53 572

591 131 39 50 un

670 126 320 71 8(0) 229-.

193 171 1287 85 Den 7. Mert 1722. ſtarbe lnnocentius XIII. Roͤmiſcher Pabſt⸗

102 228 1374 77 Nach ihme wurde den 29. Maij dieſes Jahrs erwaͤhlet Benedictus AIll

103 282 1370 69 Seine Eminenz Titl. Cardinal von Sachſenzeitz hielten Allemblet

103 336 919 63 und Baal, nebſt einer herlichen Aumination.

434 567 772 107 CAPUTLXTT1.

199 715 1180 74 Nſelmus Godin der roſte Abbt, gebuͤrtig auf den Schlot

1444 746 26 67 ì

223 773 1175 66 tenberg nebſt Colſaß in Tyrol, wird erwaͤhlet den 17.

112 791 81 61 A,

233 823 1190 61 1725. Conbirmiret den 19. Benediciret den 22. dieſes nemlu

111 866 1349 68 Monaths. Empfienge von Kayſer Carolo VL. die Regalien den.

108 921 1283 60 September 1725. Er ware ein beſonderer Eyfferer vor den Gc

103 964 1286 71 Dienſt und Zierde der Kirchen. Unſere Stiffts⸗Kirchen zu S.

107 1017 1318 62 meram hat er Anno 1727. nach Abnehmung des Tabulats, mit ei

107 1061 1344 70 Schaal⸗Gewoͤld verſehen, ſolches mit Gold, und Gemaͤhlde, da

104 1113 1296 68 kunſtreicher Stuckador⸗ Arbeith auszuzieren anbefohlen, gantz

104 1161 1363 67 Altaͤr darein verſchaffet; den HHoch⸗ Altar durchaus renoviren

103 1211 1327 58 und mit denen Statuen SS. Petri und Pauli von Gips vermehren laf

108 1259 1316 63 Er lieſſe einen ſchoͤnen und koſtbaren Ornat verfertigen; ein gans,

107 1305 1342 67 ſchoͤne Cantzel; Ftem das mittere groſſe Chor⸗Gitter; einige mit⸗

105 1355 1293 61 ten Steinen verſetzre Kelch und Ciborium; die herꝛtiche groffe

109 1404 1308 65 ſtrantzen; zwey von Silber verfertigte Statuen auf den Hoch⸗2

131 1449 1332 71 S. Emmerami und S. Dionyli,) ſp zu Augſpurg verfertiget wordel

104 1499 1368 67 Die zwey heilige Leiber SS. Maximiani und Calcidonii wurden au

105 1551 1303 67 ſeinen Befelch mit koſtbahrer Kleydung und guten Perlen gezieret;

1401 1542 69 108 &

102 1597 1299 70 dere heilige Reliquien herꝛlich gefaſſet; der Nacht⸗Chor hinter

1407 1630 66 67 iel

103 1648 1283 67 hochen Altar von Fundament aus erbauet; die Orgel erneuerer;

107 1693 1360 71 ſilberne und vergoldte Geſchirꝛ zu den Altar⸗Dienſt, als Meß⸗Kaͤne

104 1740 1372 74 len, Pocals ꝛc. herbey geſchafft. Die Gemaͤhlde an den Gewoͤlb,

103 1792 1375 70 und an denen Seythen der Mitteren Kirchen, ( das Leben und Marte.

1413 1831 60 68 ſeh

107 1841 1289 69 S. Emmerami) verfertigte HHerꝛ Coſmas Damianus Aſam, ein

102 1886 1376 71 beruͤhmter Kunſt⸗ Mahler. Die Arbeit von Gips und Goͤlo, iten

102 1935 1371 94 ds daren dod Dips machts Di Brndek, Den Evdnu Ggr

1357 1971 123 74 Alarn
