1955 2499
372 169 101 48 217.

874 179 24 37 n.

934 166 60 75 12

1020 167 253 78 0) ENZ-

369 216 1387 92 Koͤnig Heinrichen ſein Tochter ſudirham zur Ehe. Heinrich herentge⸗

369 276 1344 78 gen verwilligte vil Biſtumber und Abbteyen Arnolpho zu verleyhen.

501 324 1248 88 Anno 922. hielt Kayſer Heinrich allhie einen Reichs⸗Lag, etl.

365 369 1387 89 che Reichs⸗Angelegenheiten vorzunehmen, und Orronem ſeinen altl⸗

362 420 1390 90 ſten Sohn zur Roͤmiſchen Cron zu befoͤrderen. Der heilige vences

361 472 1387 88 laus aus Boͤhmen erſcheint auch. Verſaumte einſt die rechte Rarhe

363 526 1387 87 Zeit, um willen er die Kirchen beſucht, und ſein Gedett verricht hatte-

361 580 1377 82 Wegen ſeiner Abweſenheit kunte nichts fortgehen, wurde deßwege.

354 624 1391 90 der Kayſer unwillig, und befahle allen Fuͤrſten bey ſeiner Ungnad del

352 677 1389 85 ankommenden Venceslao weder aufzuſtehen, noch Reverenz zu ma

352 727 1382 85 chen. Da aber Wenceslaus in den Gaal tratte, ſtunde der Kayie

352 776 1348 88 am erſten auf, gieng ihm entgegen, neigt ſich vor ihm, und fuͤ

352 827 1383 87 ihn auf ſeinen Stuhl. Als andern Tags der Kayſer deſſen befras

351 877 1379 92 wurde, hat er geantwortet: er hat an ſemer Stirn ein ſchoͤn glanten

352 930 1350 91 golden Creutz, und neden ihme zween Engel geſehen, die ihme mit,

351 980 358 68 Fingern troheten.

480 1031 1251 86 Gedachter heilige Venceslaus hat von ernannten Kayſer Heli⸗

344 1080 1374 88 rich S. Viti Hand in Gilber eingefaſt geſchenckt bekommen, Lreſſe dieſe.

349 1134 1363 87 Heiligen zu Chren, zu Prag eine groſſe und herrliche Thum⸗Kirch

347 1187 1352 84 dauen, welche unſer B. Turto Anno 230. geweyhet, obwohlen!

345 1230 582 70 gel das 923. Jahr anziehet.

477 1278 1248 92 Arnoldus Vion part. 2. lid. A. fol. a57. de S. Wencestao le

341 1332 1379 92 guentia S. Venceslaus l. Bohemie Reꝛ, cuͤm emiſlo voto Monach⸗

337 1382 1331 92 ri jam decreviſlet, &r ea de cauſa ad Pontikicem Romanum leg

342 1435 1324 90 miſiflet, ut denedictione lua percepra liceret zi inter D. Bene

337 1484 1344 88 Sodales vitam agere, inſidiis matris Er fratris circumventus &

338 1532 1350 90 convivio occilus, gnod piè concupierar & voverat ad perfect

338 1582 1372 95 producere; quamvis impie ſit prohibirus, Marryrio lntercedenit

334 1634 1350 91 palmam tamen Monachilmi non amilit; Coronatus eſt Monachall

331 1684 1371 90 Martyrii Corona Anno Domini 928. die 22. Septemb. Eneas 9

333 1736 1344 93 vius in Hiſt. Bohem. Cap. 15. & ſoan. Dabrarius in Hiſt. Boht

330 1782 136 71 Tib. F.

466 1839 1151 86 S. Venceslans Koͤnig in Boͤhm beſchloſſe und verlobts ein⸗

1652 1824 64 83 nd

337 1888 1373 90 zu werden, ſchickte deswegen Legaten zu dem Roͤmiſchen Pabnten noͤ

327 1936 1358 88 die Benedidion, daß er unter denen Benedictineren ſein Leben daͤri

329 1983 1337 98 zubringen; aber durch heimliche Nachſtellung ſeiner Mutter und ꝛ

331 2036 1358 99 der ubereyllit, und in einer Mahlzeit umgedracht, was er verlans

1841 274 64 53 And

1842 315 65 66 doct

1845 405 73 73 ſohn

1852 462 83 72 Seel

1846 509 54 74 ſich

1852 562 72 72 Adet

1846 612 81 78 abt

1845 665 82 69 ſtand

1848 714 72 73 ern

1848 771 90 70 gen

1853 813 47 65 ne

1853 863 89 76 Sildn

1846 916 70 71 uuch

1841 960 89 79 war

1898 1074 19 38 .,

1886 1217 35 76 8

1885 1339 25 67 9

1884 1400 62 75 An

1878 1460 64 69 Da

1886 1520 25 59 :

1878 1581 70 73 Der

1881 1636 49 81 2r

1884 1696 46 71 A.

1880 1759 61 76 Oa

1880 1858 25 35 -

1875 1881 60 72 De

1878 1943 54 68 De

1877 2063 47 72 0
