1566 2345
45 187 85 57 100

682 188 239 71 (o)Eèg-

39 237 1398 95 barn, erlieten auch ſehr groſſen Schaden. Nit weniger die Gradru,

39 310 1399 73 der Ringmaur, und anſtehenden Paſtey. Nechſt dieſem hat er viel

41 360 1396 68 Geld angewendt bey Erbauung des vor dem Cloſter ſtehenden und ein⸗

44 407 1393 71 getauſchten Chur⸗Pfaͤltziſchen Hoffs. (b) Die Abbtey zu rerten

40 457 1397 69 hat er relignirt den 12. Geptembr. 1628. Als Anno 1652. der Koͤnig

40 510 1397 67 aus Schweden auf Regenſpurg gezihlet, hat er ſich etwas retirirt,

39 560 1394 69 ader nach der Gefahr ſich gleich wider im Cloſter eingefunden. Da

37 609 1390 69 aber Anno 1622. dieſe Stadt der HHertzog Bernhard von Sachſen⸗

40 657 1390 72 VDeinmar eingenommen, hat er zwar ſein Perſohn lalrirt, und ſich

37 710 1385 69 auf der Probſtey Dograreurh, jenſeits des IInns, aufgehalten. E

36 762 1393 65 iſt aber bey nahe das gantze Convent in des Feinds Handen kommen,

35 807 1392 71 und neben andern Geiſtlichen dieſer Stadt hart genug gehalten worden-

33 858 1394 68 maſſen dann jene, ſo der Feind aus Sorg, es moͤchte an PProvianl

33 905 1394 74 manglen, aus der Stadt dimittirt, bey Abbach und Neuſtadt aus

44 958 1366 71 gepluͤndert, die uͤbrige aber, nachdem die Barſchafft an Gold, g

33 1007 1393 71 machtes Silber und Gold, und ander entlehntes Geld auf etlich 1000.

35 1057 1382 75 fl. zu der ſchweren Ranzion nit erklecken wolte, mit den Strang ſeyn

33 1106 1387 71 betrohet worden, wie ſie dann detwegen auch haben um das Lebel

37 1156 1385 68 ſpielen muſſen. Als dieſer HHerr Praͤlat wider nach Hauß kommen,

36 1203 1376 71 hat er das Cloſter von allen Mobilien leer gefunden, (dann die But

35 1253 1378 73 ger und Soldaten machten alles preiß) die Daͤcher bey vilen Ge

35 1305 1377 69 daͤuen waren abgedeckt, das HHoltzwerck zur Forrihication gebraucht

33 1352 1376 77 und verdlieben die bloſſe Mauren, wie noch wohl etwas mag gezeis

39 1410 1347 63 werden. Er fande weder Getraid, noch Viehe, und kunte von

33 1452 1368 76 nen Unterthanen nichts haben, weil faſt alle geſtorden, oder verdo.

41 1502 1358 75 den. Muͤſte alſo der gute alte Vatter ſich und die wenige noch vo

33 1552 1341 76 handene Religiolen hinzubringen, und etwann denen Unterthanenn

36 1605 1343 67 tu helſffen, abermahlen groſſe Schulden machen. Nachdem er .

35 1653 1353 69 teine Tag wohl erlebt, GOTT gedient im heiligen Orden s2..

45 1701 1265 89 Prieſter thumn 78. in Addteylichen Sorgen dey uns 16. Jab

1335 1733 82 79 ag,

79 1948 1333 76 (b) Dleſes Gebc, vder Hof, iſ der ſenige, wo anjeto Er. Kaplerlichen Maſegat Prineipel

113 1997 1204 71 Commiſſeriv. Eo Tꝛv. Henꝛe Euun Taris logtret. Placidur ludmenn. nachkolgmns

108 2041 617 69 hat ſaſchen wieder umn Aono 155o. vertaugt-
