<?xml version="1.0" encoding="UTF-8"?>
<alto xmlns:xsi="http://www.w3.org/2001/XMLSchema-instance"
      xmlns="http://www.loc.gov/standards/alto/ns-v4#"
      xsi:schemaLocation="http://www.loc.gov/standards/alto/ns-v4# http://www.loc.gov/standards/alto/v4/alto-4-2.xsd">
  <Description>
    <MeasurementUnit>pixel</MeasurementUnit>
    <sourceImageInformation>
      <fileName>image022.jpg</fileName>
      <fileIdentifier>https://archiv.ub.uni-marburg.de/eb/2010/0168</fileIdentifier>
    </sourceImageInformation>
  </Description>
  <Tags>
    <OtherTag ID="BT1" LABEL="Title" DESCRIPTION="block type Title"/><OtherTag ID="BT2" LABEL="Main" DESCRIPTION="block type Main"/><OtherTag ID="BT3" LABEL="Commentary" DESCRIPTION="block type Commentary"/><OtherTag ID="BT4" LABEL="Illustration" DESCRIPTION="block type Illustration"/><OtherTag ID="BT42" LABEL="text" DESCRIPTION="block type text"/>
    <OtherTag ID="LT33" LABEL="default" DESCRIPTION="line type default"/>
  </Tags>
  <Layout>
    <Page WIDTH="2127"
          HEIGHT="2583"
          PHYSICAL_IMG_NR="22"
          ID="eSc_dummypage_">
      <PrintSpace HPOS="0"
                  VPOS="0"
                  WIDTH="2127"
                  HEIGHT="2583">
        <TextBlock HPOS="556"
                   VPOS="281"
                   WIDTH="1450"
                   HEIGHT="2013"
                   ID="eSc_textblock_e5b269eb"
                   TAGREFS="BT42">
          <Shape><Polygon POINTS="1141 281 1484 287 1514 338 1560 350 1994 361 2006 2242 1983 2288 1893 2294 1834 2237 1753 2225 591 2219 562 2196 556 384 574 355 997 344 1062 292 1141 281"/></Shape>
          <TextLine ID="eSc_line_bbd706c1"
                    TAGREFS="LT33"
                    BASELINE="1072 324 1146 332 1369 332 1471 320" 
                    HPOS="1070"
                    VPOS="281"
                    WIDTH="401"
                    HEIGHT="73">
            <Shape><Polygon POINTS="1456 285 1442 285 1428 285 1415 285 1400 285 1386 284 1372 284 1360 284 1344 289 1250 289 1237 282 1228 282 1214 281 1188 288 1159 281 1156 281 1142 281 1128 282 1125 282 1109 284 1099 287 1085 288 1070 289 1072 324 1072 342 1158 354 1159 354 1161 354 1192 344 1228 353 1229 353 1231 353 1232 353 1251 344 1277 353 1278 353 1280 353 1347 341 1369 351 1370 351 1372 351 1471 344 1471 320 1465 285 1456 285"/></Shape>
            <String CONTENT="1Z (0) Leg--"
                    HPOS="1070"
                    VPOS="281"
                    WIDTH="401"
                    HEIGHT="73"
                    WC="0.9315458089113235"></String>
          </TextLine>
          <TextLine ID="eSc_line_ef0f855e"
                    TAGREFS="LT33"
                    BASELINE="574 430 1980 423" 
                    HPOS="572"
                    VPOS="342"
                    WIDTH="1408"
                    HEIGHT="115">
            <Shape><Polygon POINTS="1964 360 1950 360 1936 358 1921 358 1907 358 1893 358 1878 357 1864 357 1850 357 1835 357 1811 357 1808 355 1806 355 1792 355 1778 355 1763 354 1749 354 1735 354 1720 354 1706 353 1692 353 1677 353 1664 351 1653 357 1588 357 1571 350 1562 350 1548 347 1534 342 1418 342 1416 342 1379 344 1377 344 1349 360 1258 360 1195 347 1194 347 1192 347 1161 360 1110 360 1083 348 1082 348 1080 348 1079 348 1047 360 1019 345 1017 345 1016 345 1014 345 961 358 902 345 888 347 874 347 871 347 848 363 796 363 757 350 744 350 730 351 716 351 701 351 687 351 673 353 658 353 572 357 574 430 574 457 697 446 808 456 809 456 928 446 1034 454 1036 454 1037 454 1060 443 1116 449 1118 449 1119 449 1138 441 1366 452 1367 452 1369 452 1409 441 1481 452 1482 452 1573 440 1773 450 1775 450 1776 450 1778 450 1794 440 1897 450 1898 450 1979 437 1980 423 1977 360 1964 360"/></Shape>
            <String CONTENT="gen Tags angetrettenen Chur⸗ und Lands⸗"
                    HPOS="572"
                    VPOS="342"
                    WIDTH="1408"
                    HEIGHT="115"
                    WC="0.9995973003216279"></String>
          </TextLine>
          <TextLine ID="eSc_line_bba4d264"
                    TAGREFS="LT33"
                    BASELINE="571 522 1977 513" 
                    HPOS="569"
                    VPOS="439"
                    WIDTH="1408"
                    HEIGHT="110">
            <Shape><Polygon POINTS="571 522 571 549 764 540 803 548 805 548 806 548 846 536 1037 546 1039 546 1118 535 1271 545 1273 545 1274 545 1291 536 1340 543 1341 543 1343 543 1366 533 1545 542 1547 542 1590 532 1606 539 1607 539 1738 542 1739 542 1740 542 1775 533 1808 539 1809 539 1811 539 1845 530 1883 538 1884 538 1885 538 1887 538 1900 530 1976 530 1977 513 1971 444 1936 454 1893 447 1891 447 1773 454 1745 439 1743 439 1742 439 1740 439 1684 457 1630 457 1603 440 1601 440 1600 440 1508 440 1506 440 1505 440 1448 457 1412 446 1410 446 1409 446 1349 457 1310 447 1308 447 1307 447 1306 447 1277 454 1252 444 1251 444 1250 444 1179 459 1023 459 980 444 978 444 882 444 881 444 879 444 838 459 806 444 805 444 803 444 661 446 660 446 627 463 569 463 571 522"/></Shape>
            <String CONTENT="furſtlicher Regierung unterrhaͤni giſt con-"
                    HPOS="569"
                    VPOS="439"
                    WIDTH="1408"
                    HEIGHT="110"
                    WC="0.9809421633565149"></String>
          </TextLine>
          <TextLine ID="eSc_line_18238641"
                    TAGREFS="LT33"
                    BASELINE="572 607 918 612 1982 609" 
                    HPOS="572"
                    VPOS="536"
                    WIDTH="1410"
                    HEIGHT="105">
            <Shape><Polygon POINTS="572 641 665 640 667 640 726 625 796 625 820 640 822 640 823 640 825 640 876 632 945 640 947 640 948 640 980 625 1023 625 1106 625 1126 638 1128 638 1129 638 1130 638 1132 638 1163 629 1280 629 1298 640 1300 640 1301 640 1366 627 1418 634 1419 634 1466 625 1550 640 1551 640 1740 629 1778 640 1779 640 1781 640 1782 640 1802 631 1878 637 1880 637 1980 624 1982 609 1979 553 1923 545 1921 545 1920 545 1895 553 1763 553 1693 536 1692 536 1630 543 1539 536 1538 536 1537 536 1496 553 1409 553 1366 538 1364 538 1268 536 1267 536 1265 536 1234 553 1162 553 1119 536 1118 536 1054 536 1053 536 1052 536 1050 536 1027 551 898 552 884 543 882 543 881 543 879 543 826 548 749 536 747 536 665 553 572 553 572 607 572 641"/></Shape>
            <String CONTENT="gratuliren, anbey auch demuthigiſt anwun⸗"
                    HPOS="572"
                    VPOS="536"
                    WIDTH="1410"
                    HEIGHT="105"
                    WC="0.9853248959634362"></String>
          </TextLine>
          <TextLine ID="eSc_line_869aae38"
                    TAGREFS="LT33"
                    BASELINE="572 710 1983 704" 
                    HPOS="571"
                    VPOS="622"
                    WIDTH="1412"
                    HEIGHT="111">
            <Shape><Polygon POINTS="572 710 572 733 674 723 816 731 818 731 819 731 849 720 934 720 991 728 993 728 1076 720 1116 730 1118 730 1119 730 1189 723 1327 728 1329 728 1330 728 1350 718 1384 727 1386 727 1387 727 1389 727 1413 718 1465 726 1466 726 1468 726 1484 718 1608 718 1656 727 1657 727 1707 718 1765 727 1766 727 1768 727 1798 718 1980 727 1983 704 1980 638 1928 627 1927 627 1926 627 1898 634 1864 622 1862 622 1707 622 1706 622 1705 622 1686 632 1641 622 1640 622 1639 622 1606 640 1548 640 1517 627 1515 627 1397 624 1396 624 1359 631 1277 624 1275 624 1161 625 1159 625 1128 638 1056 625 1054 625 1053 625 1013 640 965 634 964 634 922 641 888 629 886 629 885 629 884 629 851 642 663 642 641 628 640 628 638 628 637 628 635 628 634 628 611 642 571 642 572 710"/></Shape>
            <String CONTENT="ſchen wollen, daß GOTT der Allmaͤchtig"
                    HPOS="571"
                    VPOS="622"
                    WIDTH="1412"
                    HEIGHT="111"
                    WC="0.9936254667608362"></String>
          </TextLine>
          <TextLine ID="eSc_line_406a03ff"
                    TAGREFS="LT33"
                    BASELINE="564 800 1984 789" 
                    HPOS="562"
                    VPOS="713"
                    WIDTH="1422"
                    HEIGHT="114">
            <Shape><Polygon POINTS="564 800 564 827 661 826 663 826 681 817 731 826 733 826 734 826 736 826 754 815 829 822 830 822 832 822 859 815 884 823 885 823 886 823 931 813 1085 820 1086 820 1148 813 1219 822 1221 822 1283 810 1449 820 1451 820 1641 806 1864 806 1918 816 1920 816 1983 805 1984 789 1980 728 1776 730 1750 717 1749 717 1669 713 1667 713 1584 724 1501 718 1499 718 1498 718 1446 733 1367 718 1366 718 1364 718 1363 718 1339 734 1313 734 1229 717 1228 717 1169 730 1095 720 1093 720 1041 730 994 718 993 718 991 718 919 727 797 721 796 721 795 721 760 737 726 721 724 721 723 721 721 721 661 739 599 723 598 723 597 723 562 728 564 800"/></Shape>
            <String CONTENT="durch die Vorbitt der heiligen Emmera-"
                    HPOS="562"
                    VPOS="713"
                    WIDTH="1422"
                    HEIGHT="114"
                    WC="0.9985594404371161"></String>
          </TextLine>
          <TextLine ID="eSc_line_cbc710f7"
                    TAGREFS="LT33"
                    BASELINE="565 889 1984 889" 
                    HPOS="565"
                    VPOS="815"
                    WIDTH="1419"
                    HEIGHT="101">
            <Shape><Polygon POINTS="565 889 565 914 611 904 642 904 661 915 663 915 664 915 665 915 822 912 862 904 941 915 942 916 994 916 994 915 996 915 997 915 1016 904 1052 915 1053 915 1054 915 1148 908 1188 915 1189 915 1191 915 1219 906 1254 915 1255 915 1257 915 1310 905 1337 914 1339 914 1340 914 1412 912 1413 912 1435 904 1491 912 1492 912 1494 912 1515 905 1725 912 1726 912 1838 904 1936 915 1937 915 1938 915 1940 915 1957 904 1983 905 1984 889 1984 826 1961 816 1960 816 1959 816 1957 816 1956 816 1934 830 1862 832 1771 815 1636 815 1634 815 1633 815 1598 833 1537 833 1484 815 1482 815 1481 815 1479 815 1433 830 1344 815 1343 815 1296 823 1238 815 1237 815 1235 815 1195 832 1016 825 1014 825 1013 825 988 832 960 815 958 815 957 815 955 815 869 823 856 815 855 815 853 815 749 815 747 815 746 815 711 833 565 833 565 889"/></Shape>
            <String CONTENT="mi, Woltgangi, beeder der Landen zu"
                    HPOS="565"
                    VPOS="815"
                    WIDTH="1419"
                    HEIGHT="101"
                    WC="0.9968428066798619"></String>
          </TextLine>
          <TextLine ID="eSc_line_0de0e454"
                    TAGREFS="LT33"
                    BASELINE="569 981 1418 984 1983 974" 
                    HPOS="568"
                    VPOS="904"
                    WIDTH="1415"
                    HEIGHT="104">
            <Shape><Polygon POINTS="569 981 569 997 660 997 677 1007 678 1007 680 1007 681 1008 757 1008 757 1007 759 1007 783 998 822 1007 823 1007 948 998 971 1007 973 1007 974 1007 1093 1005 1179 997 1400 1005 1402 1005 1403 1005 1426 998 1646 1004 1647 1004 1982 991 1983 974 1979 921 1884 921 1841 904 1839 904 1838 904 1729 905 1728 905 1677 922 1461 922 1356 906 1354 906 1257 922 1168 905 1166 905 1129 906 1128 906 1096 922 1054 905 1053 905 1052 905 964 914 864 906 862 906 772 924 723 914 721 914 720 914 691 922 653 906 651 906 650 906 568 912 569 981"/></Shape>
            <String CONTENT="Bayrn Hochheiligen Patronen, und Dio-"
                    HPOS="568"
                    VPOS="904"
                    WIDTH="1415"
                    HEIGHT="104"
                    WC="0.9981165061125884"></String>
          </TextLine>
          <TextLine ID="eSc_line_263d7c93"
                    TAGREFS="LT33"
                    BASELINE="564 1069 954 1076 1989 1073" 
                    HPOS="564"
                    VPOS="994"
                    WIDTH="1425"
                    HEIGHT="106">
            <Shape><Polygon POINTS="564 1096 599 1089 615 1099 617 1099 618 1099 620 1100 670 1100 670 1099 671 1099 673 1099 687 1089 744 1089 762 1097 763 1097 764 1097 766 1097 796 1090 940 1099 941 1099 1031 1089 1103 1099 1105 1099 1106 1099 1128 1089 1248 1099 1250 1099 1251 1099 1284 1089 1336 1099 1337 1099 1402 1089 1485 1099 1486 1099 1488 1099 1504 1090 1687 1089 1715 1097 1716 1097 1717 1097 1779 1089 1802 1097 1804 1097 1805 1097 1806 1097 1827 1092 1920 1099 1921 1099 1923 1099 1924 1099 1941 1089 1987 1089 1989 1073 1986 1003 1822 994 1821 994 1725 1008 1693 994 1692 994 1659 994 1657 994 1542 1011 1508 994 1506 994 1354 994 1353 994 1351 994 1316 1013 1165 1013 1106 994 1105 994 1103 994 1049 998 1047 998 1019 1013 886 1013 855 997 853 997 852 997 777 1011 746 997 744 997 678 997 677 997 675 997 674 997 648 1013 564 1013 564 1069 564 1096"/></Shape>
            <String CONTENT="nylii, deren heilige Gebainer in dieſen"
                    HPOS="564"
                    VPOS="994"
                    WIDTH="1425"
                    HEIGHT="106"
                    WC="0.9935032389102838"></String>
          </TextLine>
          <TextLine ID="eSc_line_0f9036f6"
                    TAGREFS="LT33"
                    BASELINE="581 1169 1987 1166" 
                    HPOS="579"
                    VPOS="1084"
                    WIDTH="1408"
                    HEIGHT="111">
            <Shape><Polygon POINTS="581 1169 581 1189 638 1183 763 1193 764 1193 855 1183 889 1193 891 1193 892 1195 1040 1195 1040 1193 1100 1185 1195 1193 1196 1193 1198 1193 1225 1185 1281 1193 1283 1193 1331 1185 1353 1192 1354 1192 1356 1192 1405 1182 1517 1182 1620 1192 1621 1192 1732 1182 1753 1192 1755 1192 1756 1192 1806 1182 1908 1192 1910 1192 1911 1192 1931 1182 1986 1182 1987 1166 1984 1103 1917 1094 1916 1094 1914 1094 1897 1102 1832 1084 1831 1084 1829 1084 1796 1086 1795 1086 1794 1086 1772 1099 1748 1087 1746 1087 1745 1087 1743 1087 1742 1087 1716 1103 1679 1093 1677 1093 1676 1093 1674 1093 1649 1103 1585 1084 1584 1084 1583 1084 1581 1084 1542 1103 1486 1103 1440 1086 1439 1086 1438 1086 1436 1086 1400 1104 1280 1106 1212 1106 1186 1092 1185 1092 1184 1092 1064 1104 1023 1093 1021 1093 1020 1093 1019 1093 1017 1093 1004 1102 970 1087 968 1087 967 1087 803 1094 775 1086 773 1086 772 1086 579 1086 581 1169"/></Shape>
            <String CONTENT="GOtts⸗Haus ruhen, und unſers heiligen"
                    HPOS="579"
                    VPOS="1084"
                    WIDTH="1408"
                    HEIGHT="111"
                    WC="0.9946367225131473"></String>
          </TextLine>
          <TextLine ID="eSc_line_30b94396"
                    TAGREFS="LT33"
                    BASELINE="572 1261 1989 1257" 
                    HPOS="571"
                    VPOS="1179"
                    WIDTH="1418"
                    HEIGHT="108">
            <Shape><Polygon POINTS="572 1261 572 1277 853 1287 855 1287 932 1275 1118 1275 1181 1285 1182 1285 1257 1277 1270 1285 1271 1285 1273 1285 1274 1287 1327 1287 1327 1285 1384 1275 1409 1285 1410 1285 1412 1287 1515 1287 1515 1285 1653 1284 1654 1284 1676 1274 1804 1274 1850 1284 1851 1284 1897 1277 1926 1284 1927 1284 1928 1284 1987 1272 1989 1257 1984 1179 1795 1191 1766 1179 1765 1179 1763 1179 1713 1188 1653 1179 1651 1179 1650 1179 1607 1191 1542 1179 1541 1179 1539 1179 1505 1192 1440 1182 1439 1182 1274 1192 1224 1181 1222 1181 1221 1181 1192 1192 1074 1181 1073 1181 1072 1181 1040 1193 935 1182 848 1182 846 1182 845 1182 812 1193 571 1183 572 1261"/></Shape>
            <String CONTENT="Vatters Benedicti EuerChurfurſtl Durchl."
                    HPOS="571"
                    VPOS="1179"
                    WIDTH="1418"
                    HEIGHT="108"
                    WC="0.9981977671384812"></String>
          </TextLine>
          <TextLine ID="eSc_line_fbe2b489"
                    TAGREFS="LT33"
                    BASELINE="572 1354 1986 1348" 
                    HPOS="571"
                    VPOS="1272"
                    WIDTH="1415"
                    HEIGHT="109">
            <Shape><Polygon POINTS="572 1354 572 1381 673 1373 733 1377 734 1377 736 1377 750 1370 777 1379 779 1379 780 1380 823 1380 823 1379 825 1379 826 1379 839 1370 895 1379 897 1379 898 1379 927 1370 965 1379 967 1380 1109 1380 1109 1379 1110 1379 1129 1370 1143 1377 1145 1377 1146 1377 1148 1377 1149 1377 1158 1371 1252 1379 1254 1379 1356 1367 1557 1377 1558 1377 1633 1366 1654 1376 1656 1376 1657 1376 1723 1366 1857 1366 1874 1376 1875 1376 1877 1376 1878 1376 1984 1364 1986 1348 1983 1280 1894 1272 1893 1272 1891 1272 1850 1288 1654 1288 1613 1277 1611 1277 1610 1277 1608 1277 1585 1290 1451 1290 1412 1275 1410 1275 1321 1274 1320 1274 1271 1284 1138 1278 1136 1278 1135 1278 1115 1288 1089 1277 1087 1277 1036 1275 1034 1275 1033 1275 1031 1275 1007 1290 963 1278 961 1278 960 1278 958 1278 934 1291 841 1291 813 1277 812 1277 707 1277 706 1277 704 1277 703 1277 691 1284 634 1277 632 1277 631 1277 571 1292 572 1354"/></Shape>
            <String CONTENT="glucklich und friedliche Regierung, wie ſol⸗"
                    HPOS="571"
                    VPOS="1272"
                    WIDTH="1415"
                    HEIGHT="109"
                    WC="0.9887999973513864"></String>
          </TextLine>
          <TextLine ID="eSc_line_57f88037"
                    TAGREFS="LT33"
                    BASELINE="568 1447 1989 1442" 
                    HPOS="566"
                    VPOS="1363"
                    WIDTH="1423"
                    HEIGHT="107">
            <Shape><Polygon POINTS="568 1447 568 1470 673 1462 730 1470 731 1470 780 1462 862 1470 864 1470 991 1463 1046 1469 1047 1469 1092 1460 1145 1469 1146 1469 1232 1462 1323 1468 1324 1468 1326 1468 1346 1459 1722 1466 1723 1466 1725 1466 1746 1457 1765 1465 1766 1465 1847 1466 1848 1466 1850 1466 1875 1457 1921 1466 1923 1466 1989 1455 1989 1442 1987 1371 1966 1363 1964 1363 1908 1363 1907 1363 1905 1363 1883 1373 1855 1363 1854 1363 1799 1363 1798 1363 1738 1376 1716 1363 1715 1363 1713 1363 1631 1363 1630 1363 1628 1363 1577 1379 1468 1366 1466 1366 1465 1366 1412 1380 1356 1380 1306 1366 1304 1366 1303 1366 1301 1366 1274 1376 1185 1368 1184 1368 1182 1368 1143 1381 1060 1381 1041 1371 1040 1371 1039 1371 1037 1371 1003 1380 964 1366 963 1366 961 1366 886 1376 866 1367 865 1367 742 1367 740 1367 739 1367 737 1367 713 1383 654 1383 615 1367 614 1367 612 1367 611 1367 566 1381 568 1447"/></Shape>
            <String CONTENT="che Hoͤchſtſeel. gedacht Euer Churfuͤrſtl⸗"
                    HPOS="566"
                    VPOS="1363"
                    WIDTH="1423"
                    HEIGHT="107"
                    WC="0.990918314173108"></String>
          </TextLine>
          <TextLine ID="eSc_line_9e4efd5c"
                    TAGREFS="LT33"
                    BASELINE="571 1542 1987 1526" 
                    HPOS="569"
                    VPOS="1449"
                    WIDTH="1418"
                    HEIGHT="113">
            <Shape><Polygon POINTS="571 1542 571 1561 917 1562 918 1562 919 1562 921 1562 932 1555 1029 1559 1030 1559 1086 1552 1340 1558 1341 1558 1429 1549 1468 1556 1469 1556 1653 1546 1703 1554 1705 1554 1895 1545 1949 1551 1950 1551 1951 1551 1987 1541 1987 1526 1984 1466 1897 1466 1861 1452 1860 1452 1858 1452 1857 1452 1827 1465 1799 1452 1798 1452 1753 1449 1752 1449 1750 1449 1705 1469 1603 1469 1564 1452 1562 1452 1561 1452 1482 1469 1436 1453 1435 1453 1389 1453 1387 1453 1294 1472 1142 1456 1103 1456 1102 1456 1100 1456 1099 1456 1070 1476 977 1476 935 1459 934 1459 932 1459 931 1459 869 1475 806 1460 805 1460 737 1469 569 1465 571 1542"/></Shape>
            <String CONTENT="Durchl. Herꝛ Vatter Ferdinand Maria"
                    HPOS="569"
                    VPOS="1449"
                    WIDTH="1418"
                    HEIGHT="113"
                    WC="0.9871663706643241"></String>
          </TextLine>
          <TextLine ID="eSc_line_258b6813"
                    TAGREFS="LT33"
                    BASELINE="569 1624 1984 1627" 
                    HPOS="568"
                    VPOS="1548"
                    WIDTH="1416"
                    HEIGHT="106">
            <Shape><Polygon POINTS="569 1624 568 1641 609 1653 611 1653 612 1654 690 1654 690 1653 691 1653 693 1653 707 1644 727 1653 729 1653 730 1653 846 1645 905 1653 907 1653 908 1653 942 1641 1138 1653 1139 1653 1198 1641 1274 1641 1362 1654 1363 1654 1476 1643 1585 1654 1587 1654 1983 1641 1984 1627 1983 1556 1842 1549 1841 1549 1839 1549 1804 1569 1719 1569 1686 1555 1684 1555 1683 1555 1627 1568 1580 1549 1578 1549 1577 1549 1473 1564 1419 1549 1418 1549 1288 1549 1287 1549 1225 1561 1138 1551 1136 1551 1135 1551 1107 1562 1064 1552 1063 1552 1062 1552 1031 1568 839 1568 810 1555 809 1555 739 1551 737 1551 736 1551 698 1568 661 1568 624 1548 622 1548 621 1548 569 1551 569 1624"/></Shape>
            <String CONTENT="Pacificus, und Ur⸗Anherꝛ Hertzog Wil⸗"
                    HPOS="568"
                    VPOS="1548"
                    WIDTH="1416"
                    HEIGHT="106"
                    WC="0.9954443267873816"></String>
          </TextLine>
          <TextLine ID="eSc_line_b5d112c4"
                    TAGREFS="LT33"
                    BASELINE="569 1726 1984 1717" 
                    HPOS="568"
                    VPOS="1635"
                    WIDTH="1416"
                    HEIGHT="114">
            <Shape><Polygon POINTS="569 1726 569 1749 683 1740 730 1749 731 1749 733 1749 757 1739 803 1747 805 1749 912 1749 912 1747 914 1747 937 1737 1141 1746 1142 1746 1194 1736 1248 1746 1250 1746 1344 1744 1346 1744 1363 1736 1451 1744 1452 1744 1514 1733 1588 1743 1590 1743 1664 1733 1842 1742 1844 1742 1845 1742 1868 1732 1907 1740 1908 1740 1983 1730 1984 1717 1982 1635 1941 1635 1940 1635 1938 1635 1913 1650 1874 1650 1839 1635 1838 1635 1837 1635 1775 1648 1661 1643 1660 1643 1624 1650 1560 1641 1558 1641 1509 1653 1380 1653 1351 1638 1350 1638 1349 1638 1274 1651 1228 1640 1227 1640 1225 1640 1224 1640 1184 1653 1135 1643 1133 1643 1043 1650 980 1641 978 1641 930 1651 891 1641 889 1641 888 1641 886 1641 838 1654 797 1643 796 1643 795 1643 713 1650 698 1643 697 1643 696 1643 568 1643 569 1726"/></Shape>
            <String CONTENT="helmb gehabt, verleyhen, und die Gnai"
                    HPOS="568"
                    VPOS="1635"
                    WIDTH="1416"
                    HEIGHT="114"
                    WC="0.9874705897795187"></String>
          </TextLine>
          <TextLine ID="eSc_line_ece4630c"
                    TAGREFS="LT33"
                    BASELINE="574 1819 1987 1810" 
                    HPOS="572"
                    VPOS="1732"
                    WIDTH="1415"
                    HEIGHT="111">
            <Shape><Polygon POINTS="574 1819 574 1843 731 1843 731 1842 733 1842 764 1832 826 1841 828 1842 1020 1842 1020 1841 1021 1841 1043 1829 1096 1829 1284 1835 1285 1835 1287 1835 1303 1828 1455 1828 1514 1838 1515 1838 1570 1826 1716 1836 1717 1836 1719 1836 1739 1828 1755 1835 1756 1835 1758 1835 1831 1825 1905 1833 1907 1833 1987 1822 1987 1810 1984 1734 1936 1732 1934 1732 1933 1732 1897 1749 1848 1749 1772 1732 1771 1732 1769 1732 1726 1750 1673 1750 1646 1733 1644 1733 1643 1733 1641 1733 1640 1733 1594 1744 1567 1733 1565 1733 1564 1733 1562 1733 1527 1750 1452 1750 1419 1734 1418 1734 1386 1734 1384 1734 1383 1734 1382 1734 1357 1749 1280 1734 1278 1734 1277 1734 1237 1753 1153 1753 1122 1736 1120 1736 1054 1736 1053 1736 1052 1736 1050 1736 1023 1755 968 1755 941 1737 940 1737 938 1737 915 1737 914 1737 796 1755 661 1739 660 1739 572 1755 574 1819"/></Shape>
            <String CONTENT="geben wolle, Dero Land und Leuth noch"
                    HPOS="572"
                    VPOS="1732"
                    WIDTH="1415"
                    HEIGHT="111"
                    WC="0.9882770712311203"></String>
          </TextLine>
          <TextLine ID="eSc_line_be546cbb"
                    TAGREFS="LT33"
                    BASELINE="574 1912 1980 1902" 
                    HPOS="572"
                    VPOS="1821"
                    WIDTH="1408"
                    HEIGHT="116">
            <Shape><Polygon POINTS="574 1912 574 1927 760 1937 762 1937 763 1937 785 1927 967 1935 968 1935 970 1935 991 1925 1172 1934 1174 1934 1257 1924 1339 1931 1340 1931 1529 1922 1575 1931 1577 1931 1654 1930 1656 1930 1657 1930 1672 1921 1812 1928 1814 1928 1897 1920 1941 1928 1943 1928 1944 1928 1980 1917 1980 1902 1979 1828 1953 1821 1951 1821 1950 1821 1949 1821 1923 1833 1904 1828 1903 1828 1901 1828 1865 1835 1808 1821 1806 1821 1805 1821 1804 1821 1773 1838 1696 1838 1660 1822 1659 1822 1657 1822 1656 1822 1624 1831 1597 1822 1595 1822 1594 1822 1593 1822 1565 1831 1196 1825 1195 1825 1194 1825 1139 1841 1052 1831 1050 1831 1049 1831 1013 1842 878 1842 849 1828 848 1828 846 1828 845 1828 806 1843 700 1843 632 1831 631 1831 572 1841 574 1912"/></Shape>
            <String CONTENT="laͤnger dann der Welt⸗ beruͤhmte Groß⸗"
                    HPOS="572"
                    VPOS="1821"
                    WIDTH="1408"
                    HEIGHT="116"
                    WC="0.9908884779403084"></String>
          </TextLine>
          <TextLine ID="eSc_line_e1d7694d"
                    TAGREFS="LT33"
                    BASELINE="576 2000 1984 1994" 
                    HPOS="575"
                    VPOS="1918"
                    WIDTH="1409"
                    HEIGHT="109">
            <Shape><Polygon POINTS="576 2000 576 2026 783 2019 876 2027 878 2027 930 2017 1165 2024 1166 2024 1280 2016 1314 2024 1316 2024 1317 2024 1370 2016 1383 2024 1384 2024 1386 2024 1387 2026 1631 2026 1631 2024 1633 2024 1634 2024 1647 2017 1806 2023 1808 2023 1809 2023 1825 2014 1983 2013 1984 1994 1980 1918 1867 1928 1806 1918 1805 1918 1710 1925 1699 1918 1697 1918 1696 1918 1694 1918 1693 1918 1669 1925 1601 1921 1600 1921 1598 1921 1573 1935 1504 1935 1475 1920 1473 1920 1472 1920 1471 1920 1433 1931 1409 1921 1407 1921 1406 1921 1405 1921 1377 1934 1357 1925 1356 1925 1354 1925 1277 1935 1139 1924 1138 1924 1067 1937 942 1937 908 1922 907 1922 905 1922 904 1922 886 1930 858 1922 856 1922 855 1922 853 1922 825 1938 780 1938 754 1927 753 1927 752 1927 664 1937 637 1922 635 1922 634 1922 575 1924 576 2000"/></Shape>
            <String CONTENT="Vatter Maximilianus, tayfer, gleichwie der"
                    HPOS="575"
                    VPOS="1918"
                    WIDTH="1409"
                    HEIGHT="109"
                    WC="0.9972888231277466"></String>
          </TextLine>
          <TextLine ID="eSc_line_7ee8a70d"
                    TAGREFS="LT33"
                    BASELINE="575 2093 1984 2082" 
                    HPOS="574"
                    VPOS="2010"
                    WIDTH="1410"
                    HEIGHT="112">
            <Shape><Polygon POINTS="575 2093 575 2115 622 2108 746 2122 747 2122 749 2122 750 2122 767 2110 799 2115 800 2115 802 2115 823 2105 895 2105 1014 2119 1016 2119 1017 2119 1019 2119 1030 2112 1115 2113 1116 2113 1118 2113 1146 2102 1241 2109 1242 2109 1287 2100 1326 2100 1356 2115 1357 2115 1359 2115 1455 2099 1478 2108 1479 2108 1481 2108 1539 2103 1558 2115 1560 2115 1561 2115 1562 2115 1775 2108 1806 2113 1808 2113 1809 2113 1852 2099 1884 2108 1885 2108 1887 2108 1938 2096 1982 2097 1984 2082 1982 2026 1941 2017 1940 2017 1938 2017 1913 2027 1620 2029 1571 2011 1570 2011 1568 2011 1567 2011 1541 2020 1512 2010 1511 2010 1509 2010 1508 2010 1428 2030 1393 2019 1392 2019 1390 2019 1389 2019 1387 2019 1367 2031 1298 2031 1218 2013 1217 2013 1128 2026 1072 2020 1070 2020 1069 2020 1046 2029 1017 2014 1016 2014 1014 2014 968 2021 928 2014 927 2014 835 2034 785 2016 783 2016 782 2016 574 2017 575 2093"/></Shape>
            <String CONTENT="Ur⸗Ur⸗Anherꝛ Albertus Magnanimus,"
                    HPOS="574"
                    VPOS="2010"
                    WIDTH="1410"
                    HEIGHT="112"
                    WC="0.9973181468067747"></String>
          </TextLine>
          <TextLine ID="eSc_line_dc177424"
                    TAGREFS="LT33"
                    BASELINE="579 2189 1957 2185" 
                    HPOS="578"
                    VPOS="2105"
                    WIDTH="1379"
                    HEIGHT="119">
            <Shape><Polygon POINTS="579 2189 579 2218 627 2222 628 2222 630 2222 663 2212 701 2222 703 2222 704 2224 919 2224 919 2222 921 2222 961 2209 1090 2219 1092 2219 1093 2219 1095 2219 1112 2208 1132 2215 1133 2215 1135 2215 1136 2215 1152 2208 1202 2215 1204 2215 1247 2208 1273 2217 1274 2217 1275 2217 1277 2217 1303 2208 1426 2208 1449 2219 1451 2219 1495 2221 1496 2221 1696 2207 1742 2219 1743 2219 1745 2221 1831 2221 1831 2219 1832 2219 1864 2207 1917 2214 1918 2214 1920 2214 1957 2204 1957 2185 1953 2110 1877 2115 1837 2105 1835 2105 1697 2105 1696 2105 1620 2118 1600 2105 1598 2105 1597 2105 1558 2105 1557 2105 1475 2119 1455 2106 1453 2106 1452 2106 1451 2106 1449 2106 1407 2120 1321 2120 1277 2106 1275 2106 1274 2106 1205 2120 1100 2120 1039 2106 1037 2106 909 2119 886 2108 885 2108 884 2108 809 2116 752 2108 750 2108 749 2108 730 2116 691 2109 690 2109 688 2109 687 2109 668 2122 578 2122 579 2189"/></Shape>
            <String CONTENT="mit gleichmaͤſſig vreyßwuͤrdigiſten Eyffer."
                    HPOS="578"
                    VPOS="2105"
                    WIDTH="1379"
                    HEIGHT="119"
                    WC="0.9972596695256788"></String>
          </TextLine>
          <TextLine ID="eSc_line_7411fc4f"
                    TAGREFS="LT33"
                    BASELINE="1888 2271 1914 2270" 
                    HPOS="1883"
                    VPOS="2189"
                    WIDTH="31"
                    HEIGHT="109">
            <Shape><Polygon POINTS="1888 2271 1888 2298 1914 2298 1914 2270 1908 2194 1883 2189 1888 2271"/></Shape>
            <String CONTENT="e"
                    HPOS="1883"
                    VPOS="2189"
                    WIDTH="31"
                    HEIGHT="109"
                    WC="0.9997952580451965"></String>
          </TextLine>
        </TextBlock>
      </PrintSpace>
    </Page>
  </Layout>
</alto>
