1991 2551
720 289 54 61 me

211 330 1409 102 ohne deſſelben Werck? Diß ſagt er aber darum, weil er geſehen, das

1559 308 54 71 77

211 391 1408 90 die Moͤnch in St. Emmerams Cloſter ohne Abbten lebten, und gleich

208 443 1411 89 wie irrige Schaͤflein ohne HHirten abweegs giengen, welches daher kaͤ⸗

205 494 1413 89 me, daß die Biſchoͤff diß Cloſter von Kayſern (wie oben am s. Capi⸗

207 542 1409 92 tel Anregung geſchehen) erlangt, und deſſen Gutter ihres Gefallens

207 592 1408 86 drauchten: dann zu Biſchoff Embriconis Zeiten, als der Abbt geſtor⸗

205 643 1405 93 den, hat er uno ſeine Nachfolger kein Abbt mehr gedultet; wurde auch

205 698 1401 88 denen Moͤnchen nach und nach die nothwendige Unterhalt nit verraicht,

202 745 1410 89 ſondern wider der heiligen Regel Herkommen, auch der frommen

208 797 1400 93 Stiffter Will und Meynung zugegen verſtattet, woher ſie kunten und

208 853 1398 88 noͤchten, ſich zu ernaͤhren; diß aber bekuͤmmerte Wvollgangum, und

205 904 1403 88 ſoolte den uͤblen Stand abhelffen, ruffte deswegen von S. Maximini

205 952 1403 89 Cloſter naͤchſt Tryer ſeinen Vetter Ramroldum, macht ihn erſtlich zum

201 1003 1404 92 Hrobſten, hernach zum Abbten: und, damit er auch ſambt ſeinen Un⸗

212 1057 1386 88 ergedenen die Unterhaltung haͤtte, uͤberlieſſe er die dem Cloſter geſtiff⸗

216 1109 1385 84 Guͤter, mit viler Verdruß, die vermeynten Wolkgangus handle un⸗

198 1157 1404 87 fecht, daß er ſich und ſeine Nachfahren, S. Emmerami Guͤter beraubte.

262 1213 1339 83 antwortete aber beſcheidenlich: weils S. Emmerami aufgeovferte

201 1254 1395 100 Huter ſeynd, und zu deſſen, forderiſt aber GOttes Ehr, auch ſerner

197 1310 1401 93 Oiener Unterhaltung gewidmet, ſollens ihnen billich verbleiben, inſon⸗

197 1361 1399 88 erheit ein eignen Abbten haben, damit das Heyl der Bruͤder, und

191 1410 1407 86 bardurch das Goͤttliche Lob befoͤrdert, auch des Cloſters Sachen in

188 1455 1405 99 allem wohl verrichtet werden; dann ein Biſchoff habe genug zu thun,

194 1503 1103 91 aß er mit hoͤchſtem Fleiß ſeinem Hirten⸗Ambt vorſtehe.

313 1560 1280 98 Nach Verbeſſerung S. Emmeram-Cloſter hat er gleichfahls ſich

185 1601 1410 108 hiel bemlhet, wie er vermittels Goͤrtlicher Huͤlf die Stiffter Nieder⸗

182 1643 69 67 und

276 1666 1312 97 Oder⸗Muͤnſter, ſo mit groſſen Scelen⸗ Schaden ein freyes,

180 1699 75 64 und

272 1716 1320 98 nicht Nonniſch oder eingezogenes Leden fuͤhrten, moͤchte zu recht

177 1741 140 78 oringer

180 1809 1409 102 wegen Anno 976. unter dem Titul S. Pauli, und Regul S. Benedicti

361 1771 1230 91 ſtellet denenſelben zu einem Beyſpiel das dritte vor, ſo er deß⸗

180 1865 1408 99 geſtufft, auch mit ſo gottſeeligen Cloſter⸗Jungfrauen beſetzt, daß Bri-

218 1900 41 64 i⸗

287 1921 1302 95 Heinrichen Fuͤrſtens ins Bayrn Tochter, bewegt worden in daſſel⸗

194 1968 1307 101 de zu tretrten, und GOrt allda die Zeit ihres Ledens zu dienen.

296 2022 1288 102 Nach denen Cloͤſtern hat er die Prieſterſchafft in emn Ordnung,

175 2029 67 106 ne

259 2074 1325 105 Haltung ihres Stands gebracht; nicht weniger hat er mit ſtaͤrtem

917 2142 77 101 2

1473 2157 111 60 Pre⸗

208 2225 467 97 Pon dndaꝛ n dn All. cr,
