1978 2546
407 243 99 65 112

966 243 355 76 2 (0) Eèt-

403 292 1417 81 aen, nnd alſo keine Fahr bis 791. erſtrecker haben, allwo auf ihne Adalwinne al⸗

403 347 1416 70 ſogleich getolger: Wann lant deren Catalogen unſerrs Cloſters, Sindbertus 22⸗

411 386 1409 79 Jahr regieret, ſo mutte derſelde um Anno 767. angeſtanden ſeyn. ztid. Gautaldu.

401 428 1419 81 hat ( von Anno 729. anzufangen,) als Biſchoff regieret 12. Jahr, ( nach Ausſas

401 472 1418 78 Hundii,) mirhin dis auf Anno 752. Vermig deren unſeres Elrſters Catalogen

400 517 1416 81 aber, hat Gaubaldus von Anno 739. anznfangen, 22. Jahr, mithm bis 761. re.

403 557 1413 78 gierrt. Gehen alſo auf benden Senrhen 5. oder 6. Jahr ab, daß kein ordenthchre

401 606 1415 77 Biſcholf, nach den Erſten ordentlichen Gaubaldum allhier geweſen waͤre. Dann,

401 653 1415 74 nach Rechnung Hundii haͤrten von Anno 139, Caribaldus, und Sinadertus,

401 693 1414 79 jener 127 dieſer ꝛ37 zuſammen 25. Jahr, mthin bis auf 791. regieret. Nach

398 734 1417 80 Rechnung deren Catalogen des Cioſters S. Emmerami, von Anno 739. anznſar⸗

400 775 1416 83 gen, haͤtte Gaubaldns 22, Sindbertus 2a, zuſammen 6. Jahr, mirtzin bis aul

400 821 1412 82 785. regierrt Alsdann kommen 5) vder auch 6. Jahr heraus, dab daͤs Biſirn

396 868 1415 74 keinen Biſchotfen gehabt haͤrte Mnß alſo vermoͤg des uraiten Manut cripri ae Or-

397 906 1411 81 dine Comprovintialium Epiſcoporun SIOIRICUS zwiſchen Gaubaldum, und zwi⸗

396 949 1410 90 ſchen Sindbertum geſetet werden, und zwar, (wann Gaubaldus, nach Xun-

394 1004 1415 83 dii Erzehlung nur 13. Jahr regierer har,) Anno 752, bis gegen 7521

394 1055 1411 80 allwo Sindbertus angeſangen, nnd laur Hundii z2. Jahr lang (mithin dis 791.,

393 1099 1412 82 regieret hat. Die Caralogi aber unſeres C oſters muͤſſen verbeſſerer, und, ( wei

394 1145 1414 78 len Gau baldus, vermoͤg unſerer Catalogen 22. Jahr, mithin von Anno 732.

394 1189 1405 72 bis Anno 761. regieret hat,) eben in dieſen Jahr (Anno 767.) Sigiricus g⸗

391 1230 1408 75 ſetzet werden, der bis auf 767. gelebt, anf welchen Sindbertus gefolger, und z1

397 1273 1404 73 Jahr lang, von 767, dis 791. das Biſtum verwaltet. Auf dieſe Art wird 1mo

390 1314 1404 79 alles der Auctoritaͤt des alten Mannſcripti gleichf rmig defunden. 2do. Die Fol

387 1359 1207 86 ge deren ordentlichen Erſien Viſchoͤffen ohne Ausſetzung dekraͤfftiget.

509 1421 1290 86 XL. Wie konnt es aber, daß man von Sigirico Negenſpurgeriſchen B

389 1469 1406 82 ſchoffen, gar kein Meldung fndet, dey denen alten Hiſtoricis? Arnolduͤs vob-

391 1519 1408 73 burgenſis Monachus S. Emmerami, ſo in XI. Sœenlo, die vorhergehend.

389 1555 1406 77 Regenſpurgiſche Biſchuͤffe beſchriben, ſaget kein Wort von emem Sigirico? Wa⸗

387 1605 1401 75 rnmen ſchweigen dann andere Catalogi von Sigirico? da ſie doch von denen As

390 1642 1402 82 ventitiis Epilcopis Meldung thuen? Antworr. 1. Daß die Hiſtorici, und

390 1683 1398 86 Catalogis ſo erſi nach Arnoldum Vohburgenlem von denen Regenſpurgeriſchei

387 1727 1404 83 Biſchoͤtſen handlen, von Sigirico nichts melden, iſt ſich nt zu bewundern, weilett

387 1773 1398 85 ARNOLDLS ſelbſt, ſo doch im XL. Sœculo ſchon geſchrieben, nchrs daroon ai⸗

383 1820 1406 83 erzeigt. Taß abder Locta Anonymus, welcher im IX. Feculo. nnd noch vot

384 1865 1398 88 Mute deſſelben⸗ (mithin gleichſam ein Coœvus deren Erſten Biſchoͤſſen zu Re

387 1913 1395 82 genſpura,) geſchrirden, unſerrm Arnoldo vvorzuziehen ſere, lender leinen Zweifen

384 1960 1376 79 dann Arnoldug erſt z00. Jahr ſpaͤter ſeine Hiſtoriam zuſamm getragen. 2..

383 2000 1396 82 mag auch eine Urzach ſeyn, warumden von Sigirico ben denen Aurhoribus n

384 2042 1400 83 Meldung aelchihet; weilen leine Haubr⸗ Umſtaͤnde, ſo ſich unter deſen Regieras,

384 2087 1395 79 wie bey andern ſich ereignet laͤnen, anzumercken waren. Damit aber der Lejer nod

390 2134 1389 96 EAchnrs ven taa, nas dnhrto dod der As dennds Eginie geweddat nndeeg7,
