1923 2446
695 203 19 51 .

36 218 97 63 at ei

777 190 268 74 3 (0) 2t1

1511 211 95 70 287

203 233 1399 94 Domb⸗ Gebaͤus, Weiland Biſchoffs Leonis Grab gelegt wor⸗

46 269 55 68 g.

212 294 1391 82 en; () dahin dieſer fromme Biſchoff in Lebszeiten ſelbſt ihme ein Epi-

33 320 94 61 er eit

207 342 1395 84 tayhium ſetzen laſſen, und villeicht manchmahl bey andern Verſtorde⸗

29 369 100 68 eſſen

201 390 1401 86 nen erfahren, daß auch diejenige, ſo von einem Gutes erhalten, mit

43 423 77 68 koſte

210 442 1389 87 dergleichen Memorialien aines gering⸗ oder oͤffters⸗ gar nicht gedencken.

53 476 53 70 aͤf

209 493 1389 84 Hleich an ſein Grab, darauf ein rother Marmel⸗Stein ohne Grab⸗

78 529 40 56 n

210 542 1389 83 Schrifft ligt, iſt ſeines en Fratre Neporis auch allhie geweſten Bi⸗

54 576 50 70 ad

206 591 1389 87 ſchoffs,  Weyland Sr. Fuͤrſtlichen Gnaden Adam Lorentzens Hertz,

207 642 1392 89 nd deſſelben zu Herchtenſtein auf dem Toͤringiſchen Landſaßz⸗Gut den

212 693 1384 89 c. Auguſti 1666. todt verblichne Leichnam, in die alt Toͤringiſche

217 750 1011 72 yultur zu Bamburg im Cloſter degraben worden.

335 793 1259 86 en dieſem nemlich 1612. gehaltenen Reichs⸗Fag haben ihr Kan⸗

43 838 65 79 od

199 832 1396 100 ſarliche Maſeſtaͤt denen Herren Capueinern erlaubt, allhie ein Cloſter

199 887 1388 94 a bauen. Uneracht aber der Magiltrar allhie ſich ſtarck opponiret,

29 905 66 62 inil

55 951 55 69 den

209 929 56 67 ul

273 941 1318 87 Beſchwaͤrden eingewendt, ſonderlich daß dero Unterhaltung die

61 998 50 72 nn

205 989 1387 88 Heiſtlichen allda nicht ſpendiren wurden, und die Burgerſchafft mit

205 1040 1389 85 nen nicht kunte beſchwaͤret werden, auch ſonſten viel andere, uner⸗

194 1087 1397 84 ſedlich und verworffene Klagen eingemiſcht, ſo ſeynod ſie ein als ande⸗

201 1133 42 56 en

262 1138 1325 91 Weeg, bevorab, weilen alle Geiſtliche allhie dieſelbe berlangten,

197 1187 1397 90 abinret, und iſt in Bevſeyn des Kayſerlichen Comwillari Herin A-

58 1209 50 68 no.

186 1220 83 73 derr

294 1240 1297 84 Dopel, Boͤhmiſchen Cantzlers, die Poſleſhon auf einem, dem

199 1286 1389 97 ayſerlichen Stifft Nidermunſter gehoͤrigen, aber gutwillig hergelaſſe⸗

194 1324 53 66 en

262 1341 1323 79 Platz und Garten genommen, und das Creutz aufgeſteckt wor⸗

194 1373 60 68 en.

308 1390 1272 88 Es hat auch viel gebraucht, daß die fromme Leurh, auch um

187 1429 1394 97 nares Geld, nur die Bau⸗ Materialien von gemeiner Stadt bekom⸗

191 1477 1393 100 an, und haben Ihro Kayſerliche Majeſtaͤt dero Aurhoritaͤt deßwe⸗

182 1523 1394 106 zen lpendiren muſſen: dahero ſo groſſer Haß gegen denen erfolat, das

191 1579 1388 100 mem Capuciner⸗Bruder auf offentlicher Gaſſen ein Schreiner⸗ Ge⸗

182 1627 1391 101 A, mit einem Ertz⸗Schelmen⸗Titul, und Backenſtreich bewilkommt.

50 1683 54 76 uul

298 1686 1264 91 Anno 1611. hat dero Bau dannoch den Anfang genommen,

184 1702 64 76 nd

262 1718 103 73 ſeynd

385 1738 1183 120 enduc nac Nelen ansorſtandenen ARiderwaͤrigt anzn u

191 1774 533 117 Lot trnnen (,

44 1860 56 49 no

1441 1846 135 112 Anno

35 1911 66 55 An-

43 1970 12 56 t

169 1964 1397 111 O) Pacidus Abdt m S. Eamerm, balene die GDues⸗Danß vor den Verſorbenen, und ver⸗

228 2011 798 77 kichtere die Drgraͤbnuß⸗ Ceremonien den 19. Ayril 1619.

197 2038 1367 132 EA hn de la in m ne ꝛn nsener Ltno o Egaſenrs nind vntandzg v N zno

217 2077 747 120 Ehetn Ea utens Alerneſttes, vczandn werda.
