1571 2270
653 116 377 74 -S (0) Ehs-

1446 131 78 53 572

156 168 1369 74 den Coͤrper in die Sarch, und bewahrte denſelben bis zur Abfuͤhrung

151 219 1370 74 nach Ungarn, in unſer S. Michaclis-Capellen. Die Ausſeegnung

148 271 1376 66 des Coͤrpers aus S. Michaelis- Capellen verrichtete D. de Gorl, erſte⸗

146 316 1373 73 rer Hoff⸗Caplan, und Inkulirter Probſt in Ungarn, Ord. Ruber

147 364 1371 77 Stella, ſen Crucis &c. Nach langen und vielen Weigerungen, iſt

145 413 1374 71 demſelben endlichen von S. Emmeram aus, (auf vorhergehende Re-

143 460 1368 69 quiſition) dieſes zu thuen erlaubet worden. Es hat ſich auch Titl.

136 506 1374 71 Kayſerlicher HHerꝛ Herꝛ Concommiſlarius Freyherꝛ von Rirchnern ſehr

133 554 1376 71 demuhet, daß ſolches von unſeren Stifft(ſo demſelben niemahlen in einkrœ-

135 602 1374 67 zudiz gereichen ſollte,) verwilliget worden. Die Ceremonie aber wurde

135 654 1371 68 von Titl. Herin Gozel, in Gegenwart Titl. Anſelmi Abbtens, und

129 701 1378 67 ſammentlichen Capituls: dann in Anweſenheit Titl. Titl. eines Hoch⸗

124 750 1382 68 wuͤͤrdigen Thumb⸗ Capituls, und Raſli Sufkraganei de Simern, ſo in

123 797 1379 66 Pontificalibus erſchienen, um den Coͤrper offentlich durch die Stadt

126 849 1374 62 zu begleiten, (welcher aber bey der Ausſeegnung gar nichts verrichte⸗

122 897 1374 62 te,) vollzohen. Alsdann nahme die ſolenne Proceſtion ihren An⸗

123 945 1372 66 fang, bdey welcher alle Bruderſchafften, Studenten, alle Titl. Or⸗

119 992 1373 71 dens⸗Geiſtliche, und Venerabilis Clerus erſchienen, und wurde der

118 1042 996 66 Coͤrper mit groſfem Pomp auf das Schiff gebracht.

248 1090 1238 68 Zu Ende des 1725 ſten Jahrs, wurde R. P. Balthalar Lilkleder

111 1138 1372 66 Proſels zu S. Emmeram, von Titl. Anſelmo Abbten, nacher HHain⸗

111 1189 1371 60 ſpach das erſtemahl erponirt, um die Verricbtungen eines Beneſi-

109 1234 1371 69 ciatens zu S. Andre: S. Barbara: und S. Maria zum Stain genannt

105 1282 495 68 zu Haindling zu verſehen.

237 1327 1241 76 Anno 1725. wurde die Philoſophia innerhalb zwey Jahren

108 1379 1360 73 (per biennium,) von denen RR. DD. PP. Societatis IESU zu tra-

100 1435 351 60 diren angefangen.

227 1478 1240 69 Anno 1726. den 26. Tebruarii ſtarde zu Muͤnchen Seine Chur⸗

95 1518 1368 74 fuͤrſtliche Durchlaucht Marimilian Emmanue Churfuͤrſt und Hertzog

94 1578 1371 67 in Bayrn, ſeines Alters 62. Jahr, 7. Monath. Wie hoch die Be⸗

92 1625 1370 67 trubnus ab dieſen Todfall geweſen ſeyn mliſſe, kan ſich derjenige leiche

90 1670 1368 75 einbilden, wer die Hiſtorie und Lebens⸗Geſchichten dieſes grofſen Fuͤr⸗

89 1721 1369 71 ſtens geleſen wird haben. Carl Albrecht als Churfuͤrſt ꝛc. uͤbernahme

90 1766 1364 77 die Lands⸗Regierung, welchem zur groͤſter Freud des gantzen Lands

89 1819 1367 76 ein Sohn gebohren worden den 28. May 1727. Marimilian ſoſeph

90 1867 712 85 ze. (anjetzo regierender Churfuͤrſt.,

765 1968 163 95 Oddì

1370 1991 81 63 In
