1571 2270
633 105 387 67 .1t&z (O) EEga

1424 107 80 59 167

143 162 101 43 i-,

268 146 1234 87 Fhro Kayſerliche Maſjeſtaͤr deelarirten TI. Tiel. Fuͤrſten von

131 203 1369 73 Loͤwenſtein bißherigen Principal- Commillarium auf den Reichs⸗Tag

131 257 1368 65 zu Regenſpurg, zu Dero General-Gouverneur in dem Maylaͤndiſchen

127 305 1369 63 Eſtat, welcher ſich den r9. Novembris 1719. von dem Reichs⸗Con-

131 349 1365 69 vent aulhier beurlaubet. Auf dieſen folgte Titl. Tirl. Chriſtian Auguſt

126 397 1371 65 Cardinalis Presbyter. Hertzog zu Gachſen ꝛc. Ertz⸗Biſchoff zu Gran

122 450 1374 63 ꝛc. ꝛc. welcher den 2. December von der Carthauß Pruͤell, allwo er

123 495 1372 64 den 22. Novembris ſchon angekommen, in unſer Stifft, als ſein

119 543 1376 62 kuͤnfftige Reſidenz hereingefahren, und gleich allda verblieben. Den

118 593 1373 65 S. Decembris fangte er an die gewoͤhnliche Audiences zu ertheilen,

117 640 1371 63 und fuhre den 15. Decembris darauf mit groſſer Ceremonie in die ho⸗

118 688 1368 67 be Thumb⸗ Kirchen, allwo er dem Hoch⸗Ambt, und 2e DEUM Se.

117 739 320 63 beygewohnet.

243 827 1244 70 DHer Graff Tolelra ſchlieſſete indeſſen mit Georgio L Koͤnig in

116 880 1367 67 Engelland ein Defenliv- Allianz, um dardurch in Europa oen Frre⸗

113 928 1369 64 den herzuſtellen. Der Krieg wider den Tuͤrcken wurde das 117t8

114 974 1369 76 Jahr fortgeſetzet. Carl Albrecht Chur⸗Printz und Hertzog in Bayrn

111 1026 1374 72 gienge nach Wienn, allwo er den 17. May ankame, und mit denen

109 1078 1372 68 Kayſerlichen wider den Turcken zu Felo gienge. Er ware bey der

111 1124 1366 74 Belagerung Belgrad zugegen. Dieſe Veſtung wurde den 18. Auguſt.

107 1171 1370 72 erobert, die Tuͤrcken geſchlagen, Semendria, Sabacz, Orſova mu⸗

105 1216 1372 72 ſten ſich ergeden. Wegen dieſer Victorie neſſen Tirl. Fhro Eminenz

104 1266 1369 70 Cardinal von Sachſenzeiz Principal-Commillzrius althier den 26. Sep.

103 1314 1374 70 tembris 1717. in der hohen Thumb⸗ Stiffts⸗ Kirchen, nebſt einer

104 1364 1371 73 Danck⸗Predig, ein ſolennes Hoch⸗Ambt, und Te DEUM Se. abſin⸗

103 1414 1368 74 gen. Auf die Nacht ware bey Hoff Supes, Bal, und Humination-

104 1464 1364 77 Es waren indeſſen in Welſchlano alle feindliche Bewegungen vermoͤg

102 1515 1365 70 eines Tractats eingeſtellet. Allein Spanien vermeynte die Zeit ſeye

103 1559 1365 74 vorhanden, um dem Kayſer einen Schaden zuzufuͤgen. Es ruͤſtete

104 1606 1366 78 ſich dieſes Koͤnigreich zur See unter den Vorwand, denen Venetig⸗

102 1659 1363 71 nern wider den Furcken beyzuſpringen. Aber wider alles Vermuthen⸗

100 1708 1366 72 gienae es auf die Anſul Sardinien loß, und kame dieſe Inſul unter

104 1759 1362 70 Spaniſchen Gewalt. Gantz Europa ware ab ſolchem Unternehmen

103 1809 1360 71 vol der Verwunderung: Die Antwort deren HHerrn Spaniolen ware:

108 1858 1153 82 Sie haͤrten mir Oeſterreich noch keinen Frieden gemachr.

1337 1963 131 71 Anno

109 1947 27 61 .
