1938 2500
69 261 56 57 ebe

904 218 104 65 0)

1536 244 88 50 22,

338 258 1290 97 Dem ſey wie ihm wolle, nun iſt es ein adeliches Stifft, und wird

223 301 90 62 keine

323 315 1203 89 eingenommen, die ihren Adel nicht wohl probieren kan.

222 340 68 69 deni

319 363 1303 98 Stifft muß zede der Abbtißin ( die allein Vorum Caſtitatis hat)

1544 348 74 68 In

220 409 1404 103 gehorſamen, und die Horas Cannonicas betten. Will aber eine ſich

226 459 1398 100 erzeyrathen, ſo kan ſie es thun. Die Kirch in ſchoͤnen Form zu brin⸗

222 495 75 66 gen,

319 515 1305 93 hat ihr abſonderlich laſſen befohlen ſeyn die Fran Eva von Uhr⸗

225 559 1397 102 zauſen Abbtißin, dann ihr Nachfolgerin Frau Anna Maria von Ga⸗

309 615 1310 96 as uͤbriae Gedaͤu dat comnpliret, oben wohl⸗ und ſeelig gedachte

219 638 93 84 trau

323 665 645 79 Margaretha von Gigertshoffen.

337 720 1285 85 Anno 559. beſtaͤrtiget (o) Koͤnig Orto Grafen Warmundi Do-

218 759 1401 104 anion unſer Probſtey Dogtereurb. Die Ungarn waren wieder un⸗

222 793 85 76 nho

343 816 1274 100 ſielen in Unter⸗Bayrn, Hertzog Heinrich aber ſchlugs, daßz

275 865 836 89 forrhin an Bayrn nichts mehr begehrten.

219 963 1399 103 diyden und Hermann verdroß gar uͤdel, daß ſie alſo hinter ihrem vaͤt⸗

336 919 1282 93 Hertzog Hainrichs beede Schwaͤger, der Judith Bruͤder, Ar⸗

223 1012 1391 103 duchen Erb⸗ und Hertogthum ſollten hingeben, und den Schwager

218 1038 55 66 un⸗

213 1093 56 65 ꝛ

301 1069 1313 93 Schweſter darein ſitzen ſehen, trachten auf alle Weeg wie ſie wie⸗

287 1118 465 76 arzu kommen moͤchten.

219 1184 40 67 er

326 1169 1289 97 Nun begibt es ſich, daß Hertzog Ludolph in Schwaben, Kay⸗

297 1222 1311 96 ſntonis Sohn ſich wider den Vatter auflehnet, und rebelliret.

225 1236 58 75 Ni⸗

301 1272 1307 91 ungen Pfaltz⸗ Grafen Arnold und Hermann ſchlugen ſich zu ihm.

215 1291 60 65 and

304 1326 1306 92 nuchten einen Bund wider den Kayſer, dero Schweſter Frau ſu-

215 1336 60 75 ur

308 1377 1302 88 dar allein zu Regenſpurg, dann der HHertzog war in einem Tu⸗

213 1390 70 69 nut

309 1425 1301 90 m Rhein⸗Strom bey ſeinem Bruder dem Kaoſer, und thaͤte

215 1436 53 70 hrr

308 1472 1302 93 deyſtand wider die Francken. Da fahren die zween Pfaltz⸗Gra⸗

212 1484 50 70 en

309 1525 1294 90 , uberſielen ihr Schweſter mit ihren Kindern und Hof⸗Geſind

212 1541 40 59 ail

211 1588 57 67 mi

343 1580 1264 89 nammen die Stadt mit Gewalt ein; veriagten die Schweſter

309 1623 29 53 r

211 1633 59 72 a⸗

361 1629 1246 87 Fhrigen; pluͤnderten den Pallaſt ihres Schwagers; nammen

297 1676 1307 94 zme Schaͤtz und Gut, bezahlten ihre Knecht und Kriegs⸗Volck

208 1684 67 68 dar

208 1744 58 62 aſe

350 1729 1257 93 ſchenckten auch einen guten Theil dem Volck alhie, wollten

298 1780 1312 89 unſt kauffen dey der Gemein; zwungen die Burger ihnen Erb⸗

212 1804 54 46 Ou

294 1829 1311 91 fgung zu thun, und als denen rechten natuͤruchen Erden zu ſchwoͤ⸗

209 1845 64 57 ten.

319 1876 1285 99 Dem Kayſer Orro gefiel der Handel nicht, hebte die Belaͤge⸗

218 1916 1381 114 ans der Stadt Maynt auk, uderzoge Regenſpurg, nchtete mit an⸗

901 1997 27 71 8

1444 2013 156 67 gewen⸗

80 375 47 40 el,

22 406 105 74 nachei

43 509 77 61 edi

30 565 83 57 erio

20 605 96 71 notis-

41 654 72 65 2 it

63 711 50 51 Ve-

63 763 46 59 e

66 808 36 60 6a

50 855 59 70 zus

41 925 40 50 t

73 976 24 44 S

69 1009 33 61 e⸗

45 1322 55 50 deln

226 2098 296 90 ſ) vide Diglor⸗.

66 1209 25 77 e
