1959 2500
872 261 213 72 (0) c..

1554 261 88 64 525

243 312 1402 76 uͤpilcopo, eligirt hat, unbeantwort nit zulaſſen, um willen heraus

241 366 1404 72 einige Rebellion nit zu erzwingen; zumahlen eines Theils ermeltes

247 420 1396 70 Convent dem Biſchoff nit unterworffen, ſonder dazumahl ſchon per

251 472 1392 66 aperius remonſtrata, Erempt geweſen, alſo kein Rebellion, qur ſo-

254 518 1389 73 ummodo à lubditis in Doininos committirur., nit deſchehen toͤnnen.

248 570 1399 71 Anderen Theils hat ſich beſagtes Convent ſeines ſuris, ſo ihme vigo-

263 620 1386 70 ijuris Canonici toris titulis de Eled. ſonderbar eꝛ Cap. EX co 5. in

255 672 1392 68 ccleliis de Elecdt. in lerto. competirt hat, bedient. ure aurem ſoo

255 723 1395 72 ſtens nemini injuriam kacir, und iſt ſo verſtanden, eꝛ lib. 6. Decre-

254 776 1396 69 alim angezogene Conſtiturion à Bonifacio VIII. ergangen, welcher

252 822 1395 71 ſiuunc lidrum ſertum Decreralium ſchon lub Adolpbo lmnperatore, te-

255 873 1395 74 i Beſoldo in Svnopſi Hiſtorig, heraus geden, und vulgirt, und

257 923 1394 77 cteits 1302. die Weir geſeegner, da hingegen dieſer Biſchoff Mcolaus

275 979 1376 69 n hinnach Anno 1513. das Biſtumb erlangt hat. Es iſt ſich aber

258 1027 1395 73 der ermelten Hocbwartum bey dieſem und anderen mehr, wider unſer

270 1077 1381 70 loſter eingebrachten Pallidus, nir zu verwunderen, dieweilen derſel⸗

270 1127 1270 73 auch der Regenſpurgiſchen Herrn Biſchoͤff, Miniſter geweſen,

1603 1131 37 48 .

368 1180 1283 68 Die Reichs⸗ Lehen, weilen der Kayſer nit im teutſchen Reich

265 1229 1388 73 ch defunden, verleyhet dem Abbt Balduino ſein Vicarius, zoanner Koͤ⸗

268 1279 1386 77 ss in Boͤhmen und Pohlen, Graff von Luͤtzenburg, den 29. Mertzen

259 1311 99 75 Anno

259 1358 96 80 nnc

393 1334 1258 72 ꝛ12. zu Nuͤrnderg. (c) Koͤnig Ludwig beſtaͤttiger hrerauf

372 1387 1279 65 1217. nit allein alle Privilegia, ſondern befahle auch hieſiger

273 1431 1380 71 Stadt, ſich in ſeinem Nahmen um das Cloſter anzunehmen, und ven

265 1479 1385 75 aemand, weder von Biſchoff, noch anderen Geiſtlich⸗ oder Weit⸗

279 1526 1374 83 hen daſfelbe moleſtiren zu laſſen (d). Als er Kayſer worden, har

316 1581 1337 78 em Cioſter Anno 1319. 29. und z0. nutzbare Brieff wegen unſers

318 1634 1338 75 ters Probſteyen Vogtereurh und Laurterbach, dann auch wegen

305 1686 1345 69 iſprun, ꝛc. geben. Desgleichen hat er ihme das Starurum Con-

284 1720 91 68 nra⸗

259 1756 53 67 en

401 1737 1250 72 (uͤber z2. VPerſohnen in das Cloſter nit aufzunehmen) gefal⸗

339 1790 1312 72 aſſen. Nit weniger die Soll⸗Befreyung Anno 1229. verlte⸗

258 1805 68 79 en.

969 1888 121 81 8ſ2

1493 1888 160 78 Raldoi-

66 551 75 50 20f

18 593 122 66 n Kao

29 644 112 69 bruar

23 702 64 57 en

69 895 68 64 odei

61 947 52 76 eh

55 1034 71 82 zoſf

20 1152 102 67 ꝛten.

18 1300 87 70 ie R

43 1508 50 57 An

290 2044 476 81 O Vide lirteras ſoannis Regzis.

311 2088 250 78 ) Vide lirteras.

343 2151 1310 74 giae uneraz. es ſend aber ſolchr were vun vnariro. iteu urn Awdeno Abim,

319 2183 592 85 dacdtodgero Mrs Baldw ino enhnnt worden.
