1939 2441
921 172 393 78 126 (O) Ler-

537 227 1274 80 Anno 1127. und 98. hat Hertzog Otto von Neumarck, einer

446 282 1365 77 gtadt⸗ Hauptmann, aus Befelch Koͤnigs Mazimiliani alihero ſetzen

401 336 1399 74 wollen, iſt aber weder dis noch folgendes Jahr angenommen wot

408 379 108 75 den.

546 431 1255 88 Anno 1a98. den 22. Januarii iſt die Walck⸗Muͤhl abgebrun

408 485 103 60 nen.

545 534 1255 69 Anno 1299. in Feſto S. Erhardi hat Koͤnig Marimitian durd

411 585 1377 71 Wilhelmen, Marſchalen von Pappenheim, zu einem HHauptmann al

407 633 1386 73 hie einſetzen laſſen Sigilmundum von Rohrbach. Allweilen man ſic

405 683 1377 80 abermahl widerſetzte, wurden etliche aus dem Rath entſetzt. D

404 735 1385 77 Hauptmann von Rohrbach ſtarbe Anno 1511. zu Eger, deſſen Leid

405 786 1345 76 nam allhero gefuͤhrt, und zu denen Auguſtinern begraden worden.

544 836 1238 75 Des 1299ſte Jahr war der Schweitzer⸗Krieg mit Koͤnig Me

404 884 1353 76 zimilian, um einen Frieden hielt Biſchoff Auprechr allhie ein ſchi

398 934 1357 73 Proceſſion, und ſchickte allhieſige Stadt dem Koͤnig 200. Mann

402 994 1271 70 eigner Liberey, ſamt einem Hauptmann, genannt Haſenkopk.

538 1040 1242 73 Anno 1501. war die Donau wieder ſo groß, als nicht baldl.

400 1086 1260 74 mand gedenckte, thate groſſen Schaden auch denen Fruͤchten.

537 1137 1216 74 Anno 1502. hat man von der ſteineren, noch eine Brucken

396 1182 1384 84 sberen Woͤrth gericht. Das Werck hat angeben Jacob Schnec-

392 1234 428 73 obriſter Bau⸗ Herꝛ.

533 1285 1249 73 Eodem Anno hielt man allbie ein ſubileum, ſo wehrete vou

400 1337 1342 74 Feſt der Verkuͤndigung Mariaͤ bis Martini. In dieſem Fahr war

394 1387 1302 84 hie zu Regenſpurg das Cammer⸗Gericht, und war Biſchoff von

394 1438 231 64 ſau Judeꝛ.

537 1482 1198 78 Hertzog Albrecht hatte wegen ſeines verſtorbenen Verters-

393 1536 1300 79 togs Georgens von Landshut hinterlaſſener Land und Leuth,

1727 1520 50 73 n

404 1586 1290 76 Pfaltz⸗ Graf Rupert ſchwaͤre Rechts⸗Haͤndel, die kunten Anno

389 1635 1300 76 in Gute nicht verglichen werden. Das Recht machte zwar.

388 1688 1385 73 Albrecht obſiegend. Ruperrus wollts mit dem Schwerdt gewinuel,

390 1738 1331 75 was er mit Recht nicht kunte, beede Theil machten ihnen Freu

388 1788 1264 71 ſielen einander in die Laͤnder, verderbten und verbrennten fafi

1666 1779 78 66 aller

388 1837 1283 80 und war ein groſſes Blut⸗Bad. Zu Erlangung eines Frieden⸗

1709 1822 64 57 ielt

384 1893 1274 70 man eUe Frentag in denen groſſen Stifftern Proceſſiones und

385 1939 1316 73 tes⸗ Tlenſt. Im waͤhrenden Krieg ſtarb Pfaltz⸗Eraf Rupert

382 1989 1307 72 continuirte aber der Chur⸗Fuͤrſt Philipp den Krieg; bekam eu

382 2038 1251 76 cke Huuff aus Boͤhm deede Partheyen traffen Anno 1502.

1679 2064 94 78 men⸗

1891 249 29 62 be
