1935 2499
366 240 72 58 550

868 227 401 74 198 (0) 25g-

356 284 1394 68 perlona eylends auf Regenſpurg ſich begeben, und die Huldigung ge⸗

356 338 1394 72 ſucht. Ais man ſolches gewahr wurde, hat man zwar das Stadt

363 388 1387 72 Thor offen gelaſſen, aber in allen Gaſſen die Ketten vorgezogen, un.

356 440 1384 73 die Haͤuſer verſperrt; denen Burgern hat man heimlich gebotten, Ge

356 491 1392 71 wehr und Harniſch in Bereitſchafft zu halten, der Magiſtrat aber ver⸗

356 544 1398 68 ſperrte ſich auf dem Rath⸗HHauß. Koͤnig Carl ritte in die Stadt⸗

354 594 1392 69 kam vor das Rath⸗HHauß, degehrte die Huldigung; wurde aber ihn

362 644 1370 70 durch vornehme Deputirte geantwortet, daß nach ordentlicher Wal

356 696 1390 60 ſie ſelbe nit verweigern wolten, dermahlen aber kunte es nir ſeyn.

354 745 1386 69 Bekleideten alſo Koͤnig Carl fuͤr die Stadt hinaus, damtt der aufrub

350 795 1380 71 riſche Poͤbel (ſo gar begierig war,) ihme kein Spott erwiſe. C

351 846 1386 73 wurde doch nach Ableiben Ludovici durch ſein Geld Roͤmiſcher Kat

350 898 82 66 ſer.

486 946 1257 73 Ich lieſe er hab Anno 1255. allhie ein Reichs⸗Tag gehalten⸗

344 996 1389 73 die Bayriſche Fuͤrſten wegen etlicher Staͤdt vereiniget, und die O

345 1050 1384 73 ſterreichiſche Fuͤrſten mit denen duͤrchern und Bunds⸗Genoſſen ve.

347 1102 166 58 glichen.

483 1149 1210 74 Anno 1ꝛ76. verbrann der Rath⸗Thurn, und erſtach ein V

344 1202 1384 68 ger Radigerus Reich, einen Chor⸗HHerrn, Magiſtrum Conradum vo

344 1255 1370 65 Braunau, ſo das Biſchoff⸗Spiel (von welchem oben im 12. Car

350 1302 1368 68 tel Meldung geſchehen,) hielt am heiligen unſchuldigen Kindel⸗Ts

343 1353 1353 70 Dieſe junge Leuth waren ſehr muthwillig in ihrem Aufzug, den

340 1403 1332 78 durch die gantze Stadt hielten. Auk dieſen Mord aber iſt nachm

338 1454 669 74 ſolche Kurtzweil gant abkommen.

880 1592 342 119 Su ſat.

376 1731 1277 76 ALbertu Abdt und gantes Convent z Er Enmeram beſchloſen mir einei

351 1765 22 67 ⸗

437 1782 1191 71 Schwur wegen wichtigen Urſachen, nt mehr, als z2. Religiolen ai

337 1828 988 64 men. Anno 1320. Vide hoc coneluſum impreſtum.

457 1908 1255 74 Ein gleiches Conclukum unter dieſen Abbten und Convent iſt heruas.

337 1954 713 72 leſen, von der Inkrmaria. Anno 1528-

457 2022 1251 85 Aiderms Addt und Convent ordnen anhetig, wie die von kloſter aul⸗

330 2079 1331 68 nen Guͤtern angeſtelte Geiſtliche ſich zn verhalten kabecn, und nach den Cloje

1691 2051 38 63 n

333 2128 1224 71 ihre geiſtuche Enereitia zu machen zaͤhrlich kommen ſollen. Anno 1212.

1587 2138 138 76 Ludori

1879 1802 28 63 e
