1878 2531
707 247 349 76 28 (0) Est--

1484 254 84 56 115.

167 296 1400 80 ſie Flucht, mit Verkierung alles Kriegs⸗Gezengs getrieben worden.

175 352 1382 75 u welchem Sig dann dieſe Retzer noch behertzter worden, ſich in

171 400 1396 76 Laͤhren, Schleſien, Oeſterreich, Pfalt und Buyrn diftundirt, mit

173 454 1387 70 Sengen, Brennen, Nauben, und Mordthaten, groſſen Schaden ge⸗

177 503 1385 72 zang  Wie dann auch auf unſers Cloſters Probſtey Boͤhmirſchpruck,

182 556 1376 68 (der oderen Pfaltz, und Gericht Craßwitz, drey allda wohnende Re-

195 606 1372 67 zolen, von ihnen ſeynd nidergehaut, und das zu Schwarshoſen gewe⸗

213 653 1352 73 Zungfranen Cloſter von ihnen, Hußiten, ruinirt worden; auch ſich die

188 704 1376 69 loſter⸗ Franen von dannen mit der Flucht allhero nacher dem Heil.

185 750 1382 78 teutz ſalrirt haben Es forchten ihnen auch die Regenſpurger nit we⸗

188 802 1380 75 S allhie. Dahero ſie unter ihren Hauptmann Eraſmo Sarrlboger

184 856 1380 70 on Ornſchwang, ſich zu Ende der ſteinernen Brucken verwahrt,

188 906 1373 65 ſche Gebaͤu nidergeriſſen, den Graben und die Mauren eylends zu⸗

177 956 1388 71 erucht, und ſo gut ſie gekoͤnnt, ſicher gemacht. Der Schrecken war ſo

174 1005 1388 70 ſtot, daß man gleich wie in denen Tuͤrcken Kriegen noch geſchicht,

196 1054 1366 72 Slich. mit Laͤntung einer Glocken die Chriſten zum Hub⸗ Gebert ange⸗

174 1103 1391 71 uannt, ja gewiſſe Vnfftungen zu denen GOttes⸗Haͤuſern gethan.

213 1151 1347 73 Aͤwegen man noch, abſonderlich allhie in der Thumb⸗ Kirchen,

188 1202 1377 74 Einters⸗Zeit zu Abends um r.Uhr, Hufaus (insgemein Hoßaus) laͤutet.

279 1257 1285 68 Anno 1222. unterſtunde ſich Heinricus Ratgeb ein Prieſter von

180 1299 1384 78 ꝛotta die Hußitiſche Se& einzufuͤhren. Der Biſchoff ergriffe ihn.

194 1354 1373 71 arde oͤffters vor die Haupt⸗Kirchen geſtellt, der Stadt verwiſen,

170 1382 70 67 md

239 1406 1329 64 weilen er ſein Leben nit aͤndern, und die Stadt meyden wolte,

182 1444 375 77 dendig verdrennt.

279 1496 1286 83 Anno r226. um Nicolai, blhheten Fruͤcht und Baͤume, und

170 1542 671 83 olgte darauf ein groſſes Sterden.

282 1600 1282 74 Anno 1226. hat Hertzog Hannß Pfaltzgraff aus dem Nordgan,

173 1646 1391 82 Seinrich Norhhafften ſein Behauſung gegen St. Emmerams Cloſter

171 1678 54 68 der

240 1704 1329 74 900. A abgekaufft, von Chur⸗ Pfaltz hat ſelbiges unſer Cloſter

187 1737 24 47 7

225 1753 1339 79 shandlet Anno 1537.hernach Anno 1652. dem Biſtumd Freyſing

177 1784 252 91 ertaufft. (e)

282 1849 1279 71 Anno 1228. wird der a2. Biſchoff allhie, Erhardas von Adeli⸗

177 1861 59 79 er

263 1899 1301 75 Hayriſchen Stammen deren Gatrlboger, Canonicus ernannt.

275 1947 1292 79 ungluͤck war daß der Thumd⸗ Probſt und Decanus in eigenen

237 1996 1327 80 haͤfften, von hier abweſend ſich zu Rom befanden. Der Thumb⸗

188 2047 1377 84 ⸗chant wurd im Heimreiſen unrecht dericht, als ob er waͤre erwahlt,

896 2107 109 71 92

1374 2106 188 66 worden,

194 2171 1364 80 & Deſe Debautung i der ſogmannte Freyſuger Hon, auwo demahlen Tirl. Titl. Herr Fuͤrſt

222 2201 285 81 vsn d arid reſtairet⸗

36 400 35 54 2
