1939 2441
959 211 312 72 1 (0) 26

388 216 89 68 178

519 263 1287 71 Anno 1g5;. ſind ich daßf bey der ſteineren Prucken ). Anhhlen

382 320 1425 75 ins geſamt von 16. Raͤdern, und zwo Schleiff⸗Muͤhlen abgebrunnen⸗

385 370 1414 70 und wurd das Acatholicum Conliſtorium, oder alſo genannte Mini⸗

388 425 512 67 ſterium allhie aufgericht.

518 470 1283 68 Es ſollte Anno 1156. allhie zeitlich ein Reichs⸗Tag angefangen

389 522 1407 66 haben; man hat aber ſelben verſchoben. 1moͤ. Wegen des Tod⸗Fallt

389 569 1408 75 Friderici Pfaltz⸗ Grafens, deme Orto Hainrich, ſeines Bruder⸗

390 621 1405 74 Rvperti Sohn luccediret. 2do. Wegen Ableiben des Chur⸗Fuͤrſtes

389 671 1403 77 von Trier. zuid. Wegen des Kriegs, welchen der Kayſer Carl mi

392 722 1399 76 Heinrico Koͤnig in Franckreich ſuͤhren muͤßte, deſſen gllickliche End

396 778 750 65 ſchafft dazumahl noch zweiflich war.

527 821 1257 72 Layſer Carl legte dis Jahr die Cron des Reichs, und alle So-

390 877 1333 64 gen von ſich, begab ſich in Hiſpanien ſeiner Seelen⸗Befoͤrderung

396 926 1342 73 Ewigen zu ſuchen. Koͤnig Ferdinand war in Sibenbuͤrgen und-

392 976 1381 77 garn mir dem Turcken beſchaͤfftiget. Stellete alſo zu obangezogen⸗

393 1027 1356 74 Reichs⸗ Tag bevollmaͤchtigten Commillarium Hertzog Albreche

1762 1069 25 55 a

392 1080 1339 69 Bayrn. Die Propolition, ſo dieſes Jahr ſollte geſchehen ſeyn,

1728 1113 60 68 wi

392 1129 1336 72 ſein Eftec erſt folgendes 1777. erreicht, und beſtund in deme,

393 1181 1362 69 man die Tuͤrcken⸗ Gefahr abwenden, und die Chriſtenheit conſet

392 1231 1358 69 ren koͤnne? 2. Wie man die Religions⸗ Stritt moͤge beyles

394 1280 797 72 2. Das ſchlimme Geld verbeſſeren?

538 1327 1200 77 Item ſo hat Koͤnig Ferdinand, Cammerer und Rath allhie

392 1383 1314 68 botten, die, wegen der dem Baarflſſer⸗Cloſter von Kayſerliche

396 1430 1328 79 ieſtaͤt geſchaffte Ausſtaͤnd zu bezahlen aufferlegte Summa Gelds⸗

394 1491 481 68 Biſchoff zu entrichten.

537 1531 1183 71 Der obeberuͤhmte Biſchoff Georg, nachdem er ein boͤſe

396 1586 1332 69 erlebt, viel Ungluͤck und Widerwaͤrtigkeiten erlitten, und oͤffteri

397 1631 1402 80 dachte alhieſige z. Cloͤſter deren PP. Augultinern, Dominicanerul,

396 1687 1331 67 und Conventualen aus HHanden allhieſiger gemeiner Stadt zurua

396 1735 1310 71 bracht, und dieſen Ordens⸗Perſohnen eingeraumt, auch ſonſte

1744 1750 62 68 ber

398 1788 1303 75 lich regieret, iſt Anno 1556. den 1o. December geſtorden, ui

401 1842 980 70 S. Andrer-Altar, im Domb begraben worden.

1742 1848 51 68 ei.

1690 1864 38 61 d

538 1891 1122 74 Anno 1558. den 18. Jutii confirmirer Kayſer Ferdi-

1720 1903 80 67 zuer.

404 1943 1231 70 Recels der Stadt Regenſpurg mit Bayrn betreffend, die Lani

397 1990 1276 74 wann hieſige Burger Guͤtter in Bayrn haben. 2. Die neue

401 2036 1281 79 Haͤuſer am Hof. 2. Die Fron⸗ Weeg. Und A. die Becken.

1740 2097 60 78 Or

408 2085 1271 120 Den Vapaſchen dard⸗Drenſt.. Dis Srun⸗Dao,
