2111 2572
31 337 146 64 Teutſch

25 387 155 67 gebuͤhre,

30 481 152 71 iſt unſer

50 538 125 64 Alten

47 585 134 70 nit vil

41 641 136 59 ; nenn⸗

28 688 156 63 Aſcener

31 737 154 70 ets. und

38 790 147 64 Alcani-

51 838 134 67 Der

40 890 147 71 ſo ſeines

41 947 146 66 waren⸗

28 997 150 64 yn, all

34 1043 151 65 hin und

37 1091 148 83 riſt nac

27 1200 157 63 Teuthe

24 1248 158 68 Nahmes

50 1298 132 69 alb dei

25 1351 149 66 iſer Lar

40 1400 135 67 ſter, ſo

31 1454 146 67 iſter,ge

31 1551 121 63 and

84 1600 91 64 belli

57 1651 107 66 n Ver

72 1697 96 70 Koͤnl

54 1756 93 78 ſt ſe

35 1853 130 74 einis

40 1908 120 63 oder,

27 1959 131 68 en wal

54 2007 96 70 omn

48 2054 114 70 eaucke

41 2164 101 72 und,

88 2210 56 74 iot

786 245 118 66 .128

1147 245 42 63 -

285 288 1405 79 docus wilichus vermeinen, Gar-Mann, als waͤre nichts weibiſch, oder

285 347 1404 71 verzagtes bey denenſelden, ſondern Alle- oder Gar-Mann. Philippus

287 394 1405 74 Cluverius aber, will aus Celtiſcher SCprach deduciren von denen

284 441 1409 80 Woͤrtlein gerre, und manu, daß jenes ein Krieg, diſes aber ein Mann

281 492 1409 88 weiße; zu dedeuten, daß die Teutſche, Germann, oder Kriegs⸗Maͤnner

280 548 374 63 ſeyn und abgeben.

414 591 1279 82 Nach Tuilcone als erſten Vatter der Teutſchen, regierte das

278 637 1414 87 Land Mannus mit Heroiſchem Gemuͤth und Tugenden sS, ainige ver⸗

282 693 1411 78 meynen 72. Jahr, hinterlieſſe neben andern Kindern Herman, als ein

281 743 1412 82 Mann und Fuͤhrer des HHeers, oder ſtreittbarer Kriegs⸗Maͤnner.

280 791 1412 82 Andere nennen Herminon, oder Hermion, Minius Herdevon. Di⸗

280 838 1413 86 ſer Herman war ein ſtreittbarer HHeld, der alten teutſchen Koͤnig, und

277 890 1415 90 erbauete bey dem Fluß Regen allda ein Stadt, die er von ſeinen Nah⸗

277 943 1415 81 men Hermanshaim, gleichſam des Hermans Haimet, genannt hat.

280 988 1412 89 Er lebte zu Zeiten des Patriarchen Fſaacs, nach Erſchaffung der Welt

277 1041 1412 84 2070. nach dem Sund⸗Flut a20. vor Chriſti Geburt 1892. Iſt derge⸗

275 1091 1417 87 ſtalt diſe Stadt aͤlter, als Troja, Ja 831. Jahr vor der Staot Rom

265 1138 348 69 erbauet worden.

414 1184 1276 94 Diſer Herman hat Teutſchland regieret 62. Jahr, und anfaͤng⸗

275 1234 1414 87 lich die teutſche Kriegs⸗Ordnung gemacht. Er ſchickte jaͤhrlich erlich

277 1288 1410 88 tauſend in den Krieg; die zu Hauß blieben, baueten das Feld und naͤh⸗

275 1336 1414 85 reten ſich. Des andern Jahrs muſten diſe fort in den Krieg, und nit

277 1383 1412 81 allein die Maͤnner, ſondern auch das Weiber⸗Volck, mie Cornelius

281 1427 1409 84 Tacitus meldet. Diſe muſten denen Maͤnnern kochen, die Verwundte

277 1477 1410 91 verbinden, und zu naͤchſt bey dem Streitt ſeyn, daß die Maͤnner ihr

280 1531 1407 92 Geſchrey und Heulen hoͤren kunten, und dardurch zur Tapfferkeit ent⸗

275 1584 666 72 zundet und aufgemuntert wurden.

413 1631 1276 93 Diſe glaubten, daß die unſterbliche Seelen der Soldaten, die im

280 1687 1407 86 Krieg ſich mannlich und tapffer verhalten, im HHimmel hoch angeſehen

275 1737 1414 81 ſeyn, und weit herfuͤr kommen. Dieweilen nun ihr Koͤnig Herman

278 1784 1408 92 auch ein ſtreitrbarer Held war, glaubten ſie, er ſeye von der Erden in

278 1836 1411 82 den HHimmel an das Firmament verſetzt worden, und fahre in einen

280 1883 1406 83 Wagen, den wir Teutſche noch Heer⸗ Wagen, als des Hermans-

280 1931 1406 95 Wagen nennen, und er Herman hurte darinn nach ſeinem Todt die

281 1976 189 68 Teurſche.

417 2027 1268 90 Dergeſtalt iſt glaublich, daß Herman in diſer Stadt Hermans-

285 2083 1407 110 Hain vrdiweri Coßt gchalten, und ſeiden Enterthanen Geſat At:

994 2141 102 73 A 2

1559 2149 117 60 habe.
