1571 2270
716 100 44 66 8

778 100 218 70 (0 2i9

1427 102 72 59 17.

136 139 1361 80 chafften. RNachdeme nach deſſen Coͤrpers Deffaung, das Engewens

126 197 1369 70 in einen kupffernen Hafen den 21. Octobris in S. Wolfgangi-Gruffi

124 243 1370 72 beygeſetzt worden, iſt der Coͤrper in denen Zimmeren der Reſiden⸗

128 293 1367 66 (zu S. Emmeram,) mit geziementen Ornat angethan, und offentlich

126 343 1368 65 ausgeſetzet, viele heilige Meſſen geleſen, und einige Pfalmen dardey

119 389 1372 65 abgeſungen worden. Der Leichnam wurde den 27. in die Trnchen

118 436 1374 63 gelegt, und indeſſen in S. Michaelis-Capellen, auf den Loͤwen⸗Saal

119 485 1372 61 verwahret bis auf den S. Novembris, an welchen Tag Abends um

117 530 1374 62 2. Uhr Titl. ſoannes Baptiſta, Abbt dieſes unſers Stiffts S. Emme-

114 580 1378 64 rami, in Gegenwart des gantzen HHof⸗ Stabs, und aller unſerer

117 624 1371 73 Geiſtlichen Mit⸗Bruderen, die Ausſeegnung in Pontiſicalibus verrich⸗

114 678 1373 59 ter hat. Der Leichnam wurde alsdann auf einen Frauer⸗ Wagen,

113 726 1377 60 unterl Begleitung des gantzen zahlreichen Hof⸗Stabs allein, bis zur

114 774 1374 67 hochen Domb⸗ Kirchen gebracht, allwo er in die Kirchen hinein getra⸗

114 818 1372 69 gen, und in S. Michaclis-Capell beygeſetzt worden, bis auf den ande⸗

114 868 1371 62 ren Dag (den 7. Novembris,) von dannen derſelbe mit groͤßter So-

112 913 1373 74 lennitaͤt, Abends um S. Uhr, in das zubereittete Schiff auf die Do⸗

111 962 1371 72 nau hinaus getragen wurde. Den Anfang dieſer ſolennen Austragung

111 1013 1375 69 machten, die Bruderſchafft von denen armen Seelen genannt ꝛc.

109 1060 1376 73 Alle Studenten in ihrer Schull⸗ Ordnung. Darauf kame der ge⸗

112 1108 1373 74 ſamte Venerabilis Clerus Regularis nach ihrer Ordnung, deren ein

109 1153 1371 77 leder ein weiſſe brennende War⸗Kertzen truge Es waren 120. Fa⸗

109 1201 1373 75 ckel⸗Trager zu dieſer Ceremonie angeordnet ꝛc Auf den Venerabi-

107 1248 1375 73 lem Clerum Regularem, folgten die Muſicanten: auf dieſe, Titl. Ve-

108 1296 1373 73 nerabilis Clerus Secularis, die Titl. Herren Canonici Eecleſ. Colle-

111 1346 1371 74 giat. dann das HHochwuͤrdige Domb⸗ Capitel, und deſſelben Titl. Titl.

109 1397 1371 70 Herꝛ Domb⸗ Probſt von Waͤmpel, in Pontiſicalibus. Nach dieſen

109 1443 1369 77 ramen alle HHof⸗Bediente, Beamte ꝛc. Tirl. die Herren Caballiers ꝛc.

109 1493 1364 73 in ſchoͤnſter Austheilung. Den Leichnam trugen 12. Herren Domb⸗

112 1537 1364 83 Capiaͤn, neden welchen die Hof⸗Pages und Erabanten giengen. Als⸗

109 1586 1367 81 dann folgten die HHaupt⸗Klaͤger. Die Stadt⸗ Guardie und Burger⸗

112 1635 1361 81 ſchafft ſtunde in Gewehr auf der hoͤltzernen Bruck, und unteren Woͤrth.

111 1684 1362 82 Bey Ankunfft des Coͤrpers vor den Schiff, verrichtere Titl. Herr

111 1734 1355 78 Domb⸗Probſt die gewoͤhnliche Ceremonien, alsdann hatte der Haſ⸗

112 1784 1354 78 faueriſche HHerꝛ Domb⸗Pfarrer den Leichnam in das Schiff uͤbernom⸗

109 1832 1359 79 men. Den 8. Novembris iſt das Schiff um halb 7. Uhr Fruh mit

112 1881 1356 101 anderen drey Schiffen nach Poſſan abgefaͤhren. Den zo. Norgo.

1382 1919 85 64 bris
