1645 2350
727 224 150 71 s (0

950 228 97 70 Es-

1462 245 77 43 191

154 276 1389 93 Cag, iſt er in GOTT entſchlaffen den nenn und zwantisſten No⸗

151 323 366 79 dember 1629. (o)

275 386 1265 77 Oben gedachten durch ein Wetterſtraich geſprengten Pulver⸗

150 433 1390 80 Thurn, und die hieraus abſonderlich dieſen Cloſter, an Gebaͤnen

142 485 1399 77 zugeſtandene Ruinolirer betreffend, haben die damahlige gemeiner all⸗

142 536 1402 80 bieſigen Stadt geweſte vornehm und beruͤhmte mir de facie bekannte

142 584 1398 79 Raths⸗ Conlulenren, Nahmens Georg Gumpelshaimer, Johann

141 630 1398 82 Ulrich TVolff, und Hannß Georg Halbritrer, auf ihrer Herrn und

138 684 1401 74 Oberen erfordern ein Gutachten unterm 27. Ocobris Anno 1625. ab⸗

137 733 1400 75 geden, und aus trefflich eingebrachten Politicis & militaribus rationi-

135 782 1404 75 dus eingerathen, das neu daſelbſt gefuͤhrte Gewoͤlb mit Pulver nit wi⸗

134 834 1402 82 derum anzufuͤllen, dabey dieſelben ſonderbar die gnte Nachbarſchafft

137 879 1403 83 E doctrinam Beſoldi, longé conlultius videl: eſle vicinorum etiam

135 932 1404 78 minuͤs potentium colere amicitiam, quam eXterorum, und eine da⸗

134 977 1403 83 mahls eben dieſem Abbt Johann vom Kayſerl. HHoff in gewiſſer wich⸗

137 1028 1402 79 tig, gedacht gemeine Stadt angetroffener Angelegenheit aufgetragene

135 1081 1392 78 Commiſtion in Conſideration gezogen, vorderiſt aber ermeſſen haben,

133 1129 1391 78 was maſſen ſich viel und weit bequemere Orth zu dergleichen Materialien-

133 1177 1398 82 als diß Gewoͤlb, allhier befinden, und wann ſolche in, auf und bey den

134 1225 1398 79 Paſteyen ligende Orth ferner mit Pulver ſolten angefuͤllt, gemeine

134 1278 1394 69 Stadt hierdurch in groſſe Gefahr geſetzt koͤnte werden, wie ermeſte

131 1330 1396 70 Conlulenten es mit mehrerem in erwehnt derſelben Conlilio aus ver⸗

129 1376 1397 79 ſcheiden darinn allegirten Ingenieur, und Kriegs erfahren, ſo de pro-

130 1426 842 79 gugnaculis ſchreiben, an⸗ und austuͤhren.

148 1663 38 76 z

201 1672 1318 74 Mno 1822. hat Johann Swicardus Churfarſt zu Maint den Chur⸗

141 1727 1379 72 (A fuͤrſten von Sachſen in Perſona beſprochen, und mit hoͤchſt ver⸗

130 1772 1385 79 nuͤnfftiger Remonſtrarion, warum die Kayſerl. Majeſtaͤt recht gethan,

847 1827 180 68 Og2 2

1425 1840 92 73 daß

643 1554 353 81 Incidentia.

155 1980 1358 71 ſe) unte Addr ſeunne in Anno ꝛcho ſen ꝛ. Februard, du Druderſchaſfe dis zelgen oevrntcddt

188 2031 1325 56 offenruich in S. Ruperti Pfarꝛ⸗Knrchen, bey uns eingefuͤhret worden. uͤnd wiͤs an duſes groſſen

190 2068 1321 53 Heiugen Feſts Vor⸗Abend,) ſowohl hon allen Proketlis des Cloſters, als des etifts Beamten,

190 2103 1319 61 rvnd Diaern, an Faſ⸗Tkas grdolten, und am Fent ſeloſten/ die Aucair mu Docht nnd Eom⸗

184 2135 402 63 munion von alen celedriret.
