1566 2270
78 131 89 51 528

651 116 48 70 3

730 121 244 66 0) 229.-

79 171 1386 71 dann einmahl, nit wenig Ungeſchicklichkeit entſtanden, und, wo es

79 220 1384 72 nit zeitiich unterkommen worden, zu noch weitern Unrath gelange

78 266 1389 82 waͤre; So hat ein Ehrbahrer Rarh obgemelt ſolcher Gefaͤhrlichkeil

80 319 1385 71 hinfuͤhro durch kein andere Mittel zu begegnen gewuſt, dann daß alle

82 372 1378 66 heimliche oder abgeſonderte Verſammlung verbotten, und der unwi

87 418 1362 70 derſprechliche recht Chriſtliche Gebrauch des.HErrn Abendmahls in e.

79 469 1382 69 ner gemeinen Kirchen offentlich fuͤrgenommen, und aufgericht wurde,

79 515 1374 67 damit die Rechtglaubigen, ſo den obberuͤhrten Secten nicht anhaͤngig.

79 567 1377 69 ſich nicht zu deklagen haben, als ob man ſie in der Wahrbeit, unt

80 615 1377 77 GOttes Ordnung verhindern wolte, und die andern nit leichrlich meh

85 662 1366 73 alſo unvermerckt, ihre verfuͤhreriſche Lehren und Frrthuͤmer einſc lei

79 715 1344 65 chen, oder foͤrdern moͤchten, wie dann auch deßhalb viel etlicher Bi

80 760 1376 71 ger daſelbſt zu Regenſpurg vor etlichen Jahren, mehr dann einmahl.

79 809 1375 69 und jetzo nach dem naͤchſt allda gehaltenen Reichs⸗Tag widerurn auft

85 862 1313 64 fteißigiſte an einen Ehrbaren Rath ſupplicirt, und angehalten;2

80 911 1359 65 vierten, ſo iſt auch ein Ehrbarer Rath in gruͤndliche Erfahrung kon

79 957 1377 70 men, daß etliche aus ihrer Burgerſchafft, ſo dieſes Sacramene, ode.

79 1008 1346 67 Nachtmahl anders nicht, dann nach der Einſetzung, und dem Hefe

80 1058 1347 60 Chriſti in zweyerley Geſtalt nehmen wollen, und als ſte es aber derma;

79 1107 1373 65 nit huben dekommen moͤgen, gar ohn daſſelbig mit groſfer Ungedult, Zorn

79 1158 1346 64 und Unwillen abgeſtorden ſeyn, unter welchen auch geweſen, die an ihr

82 1209 1361 63 letzten Ende, uͤber einen Ehrbaren Rath als ihrer Obrigkeit, Nachs

82 1256 1316 64 ſchryen, gleichſam ob dieſelbige an ihrem Verderben ſchuldig waͤre,

85 1305 1356 64 weil dann GOtt der Unterthanen Blut, und Verſaumnuß, zuvorab.

82 1351 1367 69 Sachen der Seelen Geeligkeit belangend, aus der Obrigkeiten HHaͤnde⸗

82 1403 1366 67 erfordern drohet, ſo hat ein Ehrbarer Rarh fuͤr die undermeidliche Roth

82 1452 1369 66 durfft eracht, ſich laͤnger mit frembden Guͤnden nit zu beladen, nachdes

82 1501 1317 67 ein jeder ohne das, mit den Seinen ſelbſt uͤberſtuͤßzig zu ſchaffen hat;,

1407 1488 58 65 un

87 1547 1369 69 fuͤnffren, ſo laͤſt auch der nachſt durch die Roͤmiſch Kayſerlich Maſeſtaͤt

83 1599 1370 68 auch Churfuͤrſten, Fuͤrſten, und gemeine Staͤnde des heiligen Reich

83 1650 1375 68 zu Regenſpurg aufgerichten Abſchied, einen Ehrbaren Rath daſelbſten

82 1701 1370 67 als einem Glied von den gemelten Reichs⸗Staͤnden, ſolches lauter zu

87 1747 1361 69 alfo daß er ſich deſſelden Abſchieds, wie andere, des heiligen Reich

87 1798 1366 67 Staͤnde, und Glieder nit unbillig gebrauchen moͤge; dann worzu wur

84 1845 1374 73 den Reichs⸗Taͤg gehalten, Beſchluß und Abſchied gemacht, und aut

87 1896 1099 88 gericht, wann man ſch derſelbden nit gebrauchen doͤrffte,

1295 1963 168 106 Folge
