1853 2531
389 237 42 63 1

907 236 329 80 ?8 (0) Leg-

344 286 1392 85 S. DIONTSn ſilberne Bildnuß, und ein ſilberne Sarch, in welche⸗

346 340 1381 80 wie im 17. Capitel Meldung geſchehen, S. Emmerami Leib geles

346 390 1385 78 worden. Im Concilio zu Baſel Anno. 1a29. erhielt er Befelch al

344 438 1372 82 den Ofhicialn zu Aichſtaͤtt, ſich wider ſene in der Kirchen Nahmen.

346 487 1377 82 gebrauchen, die unſerm GOtts⸗ HHauß ſchaͤdlich waren. Dieſer Praͤ

343 542 1377 80 lat wollte in der Abbteylichen Sorg nit ſterden, ſondern nachdem.

344 591 1372 82 ein hoches Alter erreicht, oͤffters von dem Podagra belaͤſtiget, und a.

351 642 1309 77 dern Kranckheiten geſchwaͤcht worden, der Abbtey 27. Jahr, 7.

351 691 1345 78 nath, 1. Tag vorgeſtanden, hat er ſie mit Pabſt Nicolai V. Bewi

347 746 1320 73 gung, aber ſeines Convents hoͤchſter Betruͤbnuß, von ſich gelegt

344 791 1365 80 reſignirt. (b) Er lebte noch z. Jahr, hatte ein Ungluck, indeme n

343 845 1359 73 gen unerhoͤrter Sommer⸗HHitz, ein Fuder Heu, nur von dem Fahe

343 894 1343 76 drinnend worden, darvon der Mayr⸗Hoff und Stallung abgebruni

346 943 1349 76 Nach Endung ſeines Lebens dekam er ſein Grab in S. Penedicti Coy

346 995 1162 72 len, wurde aber Anno 1666. in S. Colomanni transkerirt.

882 1124 340 72 Incidentia.

357 1234 1290 80 HAs Koͤnigreich Boͤhmen war von der Hußitiſchen Ketereo

1654 1245 59 58 auit

351 1295 1295 67 SS angeſteckt; ſie hauſeten unter denen Catholiſchen nit allein it

340 1342 1300 69 Land uͤbel, ſondern fielen auch in die Pfaltz, und andere benack

340 1394 1286 72 Laͤnder. Man wolte zwar dieſem Unheyl abhelffen, der Kayſer

340 1448 1301 66 mund conlultirte mit denen Reichs⸗Fuͤrſten allhie Anno 1222.

341 1496 1292 71 fieng Anno 122z. mit Ernſt an, ihnen zu begegnen. Es verr

341 1548 1292 66 aber auch ein groſſe Machl nichts. Dann als der Pabſt durd

341 1595 1247 69 Legaten, (ware Cardinalis Branda Placentinus, der in unſern

344 1645 1254 73 Quartier gemacht, und aus deren Befelch alle Prediger der

337 1697 1264 70 chen Fuͤrſten, Potentaten, und Gemeinde zureden laſſen, die

337 1746 1271 72 eraut helffen auszureitten, iſt ein ſolch geneigter Will und Eyti

1660 1722 35 58 e

1657 1761 49 65 mi

337 1797 1278 73 ſpuͤhrt worden, daß in kurtzer Zeit unter obgedachten Kayſer Sis

337 1849 1255 68 bey 200000. Mann ſich gerottet, und in Boͤhmen marohirt ſeyi

339 1896 1302 80 von denen wuͤtenden, und deſperaten Hußiten zum fuͤnfften me

1665 1912 41 63 di

1612 2069 91 57 TTarn-

360 2096 1238 66 c) Wolchardus reaͤgnirte die Abrey Nicolas V. welcher den nachfolgenden Aortei

400 2131 1192 87 zud eng edt Noh) zer Debgvanzao Pelſbarct, E au Nelorrtos Nſgelto,

402 2180 620 68 em m S. Emmeram vorgenommen worden.
