2127 2583
609 331 1410 127 ſtalten Deroſelben ich vor neun Jahren ge⸗

604 432 1417 110 genwaͤrtige S. Emmerami Mauſolœi an⸗

602 518 1417 121 dere Edition in Unterthaͤnigkeit dediciret,

601 621 1422 112 und zugeſchriben, und in derſelben demuͤthi⸗

620 714 1403 108 giſt angefuͤhret, was maſſen das mir anver⸗

597 806 1425 108 traute Reichs⸗Stifft und Cloſter S. Emme-

598 891 1419 118 rami in Regenſpurg die Fundation und Pro-

598 984 1421 122 tection dem Hoͤchſtloͤblich⸗ und Churfuͤrſtli⸗

599 1079 1424 120 chen Haus Bayrn zuzuſchreiben habe, wie

594 1181 1429 106 dann bemeltes Cloſter vor mehr als 1000.

594 1265 1427 110 Jahren von Theodone den Vierten Her⸗

598 1367 1419 103 tzogen aus Bayrn, des uralten Agilolfin-

615 1455 1407 113 giſchen Geſchlechts geſtifft, vom Carolo

589 1548 1424 112 dem Groſſen, und heiligen Kayſer, auch Koͤ⸗

585 1635 1434 119 nig in Bayrn, von deme Hoͤchſt⸗gedachtes

589 1733 1426 110 Chur⸗Haus Bayrn herſtammen, und de-

585 1818 1430 125 ſcendiren, wie es mit unwidertreiblichen

595 1920 1415 103 Grund der beruͤhmte Chriſtophorus Ge-

591 2009 1419 119 vvoldus, Chur⸗Bayriſcher geheimer Rath,

587 2110 1415 114 in dem von ihme in Druck gegebenen Ge⸗

1710 2205 289 118 ſchlechts⸗
