1959 2500
45 288 81 73 ſein

50 343 73 61 Fri-

31 390 87 69 Miß⸗

52 445 64 64 Ehi

55 495 65 71 ka⸗

45 548 64 64 oh

20 644 91 69 te di⸗

80 701 21 60 1

786 238 54 70 3

876 238 189 67 0) E.

1524 250 89 51 2 7,

209 287 1412 69 derordnete, daß beſtaͤndig 12 Moͤnch die Baͤcher der heiligen Schrifft, und ver⸗

212 336 1409 55 ſchiedene Tractat deren heiligen Vaͤttern abſchreiben maͤſten, welche Schrifften er

215 377 1406 66 sdann in die Cloͤſter austheilte, damit die Religioſen in deroſelben Betrachr⸗ und

212 422 1410 62 erhung in dem Geiſt geſtercket wurden. Er unterhielte nebſi obigen 150. Moͤnchen⸗

209 465 1413 62 n zu den Chor gewidmet waren, noch viele andere Bruͤder ( die man Converſos,

211 508 1413 62 Hder Layen⸗Hrͤder nennet,) dieſe trugen den Ordens⸗Hlabit, mußten aber arbei⸗

212 550 1414 62 en, und die Sorg vor das Zeitliche tragen, damit die zu den Chor grwidmete Moͤn⸗

216 593 1409 65 he durch dieſe Geſchaͤfft nicht verhinderet wurden. Anf daß ader auch dieſe Layen⸗

215 634 1410 66 oraͤder, ſo das Ordens⸗Klend trngen, in dem Cloſter verbleiben koͤnnern, und

219 677 1406 70 uſer demſelben hernm zu ſchweiffen nicht Urſach haͤtten, beſtellte er, nach den Bey⸗

213 723 1413 63 pi deren Cluniacenſern, wiederumen andere Bruͤder, (Oblatos,) welche das

215 763 1409 70 deuuche Kieyd behielten, und alles Nothwendige zum Cloſter bringen maͤßten. Die⸗

218 816 1415 65 t dieneten auch denen Krancken, und Fremdlingen, ſo immerdar zn Hirſchau an⸗

216 862 1413 63 lamen. Sie hatten einen Moͤnchen, als ihren Vorgeſetzten, ſpeiſeten an einen be⸗

218 904 1411 61 onderen Orth, damit die Moͤnche und Converli nicht gehinderet wurden. Die

216 945 1415 64 Nonche, ſo er zu den Chor gewidmet, waren an der Zahl 150. Die Layen⸗Bruͤ⸗

216 973 45 60 ꝛer

295 993 1336 58 oder Fratres Converſi) 60. an der Zahl Oblati, oder zu den aͤuſſerli⸗

223 1018 57 62 hen

288 1036 1343 65 Loſter⸗ Dienſt beſtimmte Bruͤder und Diener waren 50, zuſammen 260. Per⸗

216 1063 106 64 vhnen.

315 1134 1310 64 Da Wilhelmus ſein ihme anvertrautes Cloſter Hirſchau alſo beſtellet,

220 1176 1411 75 ſenuͤhete er ſich eyffergiſt die Cloͤſterliche Zucht auch an anderen Orthen herzuſtelen-

226 1231 1403 69 er bauete gantz neue Cloͤſter, (Cellan S. Gregorii) in Richenbach. Item S.

226 1280 1402 64 scorgii Martyr. in Schwartzwald, Conſtanger Biſtums. S. Mertini in Bayrn.

233 1325 1400 69 . Petri zn Erpbord. Das Eloſter Hwifalten. Das Eloſter Leven in Kaͤrnten.

230 1372 1399 61 t rekormirte noch viele andere Cloͤſter. Nicht nur ware er beraͤhmt wegen Fromm⸗

225 1401 51 57 and

294 1416 1338 60 Deiligkeit, ſonder auch wegen denen Wiſſenſchafften, wie ſeine noch vorhandene

269 1456 1378 56 hifften bezenaen, beſonders in der Philoſophia, Muſica, Aſtronomia, Ma-

227 1498 1409 65 nch, Arirhmetica. Er ſtarde Anno 1091. IV. Non. lulii, ſeines Alters im

248 1543 789 72 Dahr, m Zeiten Henrici IV. des Kanſers,

222 1616 62 67 Aiai

325 1600 1306 65 Nora. Obwohlen unter der Regiernng dieſes Kanſers (Henrici IV.) ei⸗

301 1647 1335 58 Siſchsͤffe und Aebste von ihren Biſtuͤmern, und Abbteyen vertrieben wurden,

223 1665 103 76 welen

232 1729 1403 65 gotten So getraurte ſich doch niemand, Vilhelmo dieſen ſrommen nnd heiligen

329 1690 1307 60 ſelbe mit Henrico IV. wider den Paͤyſtlichen Eruhl ſich nicht vereinigen

232 1773 1406 68 cotten ſich zu widerſrtzen, und uͤberlaͤſtig zu ſeyn, welcher vor dem Sratthalter JE⸗

236 1791 16 56 .

293 1818 1347 61 friſti, beſtaͤndig verbliebe, und die jenige, ſo von Henrico IV. und ſeinen

238 1858 1395 64 ahangeren vertrieben, und verfo get wurden, in ſein Ewoſter als Fremde mit Fren⸗

227 1879 56 57 den

290 1902 1348 61 ufnamme, felde troͤſtete, mit Speis und Tranck unterhielte, ſie in der Gedult,

229 1918 55 62 auns

297 1945 1341 61 Beſtaͤndigkeit vor die Ehr des Roͤmiſchen Etnhls ſtaͤrckete. Vvilhelmi Nah⸗

230 1986 1409 69 nn, as einrs durch groiſe Heiligke t, und viele Mirackul dekannten Heiligens, ic

233 2029 1407 69 a vrrſchiedenen Martyrologiis zu anden. Brfehe die Hiſtoricos, ſo ich in dem

232 2068 1021 93 Ado dehenen Fapur Hd hit () nag abb angenercke,

833 2158 234 93 M m 2

1497 2151 135 93 CA-

40 1062 66 53 ge

40 1584 65 63 san⸗

65 1876 37 58 imi

63 1925 30 48 nt
