1935 2499
438 216 102 64 270

943 222 393 75 1i8 (0) 228-

436 270 1390 85 deſſen Anhalten die Erecution biß auf ein Romaniſch Concilium ein⸗

440 326 1383 82 geſtellt worden. Nach dieſem 1108. kam der Kayſer wider alhero mil

436 379 1379 86 denen Bayrn zu handlen von einen Krieg wider Graf Robdert in Flan

433 423 119 68 dern.

577 476 1249 86 (D) Die vornehme und reiche Abbtey g. Ceorgii zu Prunſenins

441 528 1377 82 (vulgo Prifling) dekame Anno 1109. den Anfang von F. Ortone Bi

433 578 1382 84 ſchoffen zu Bamberg. Dann als dieſer auf dem von Kayſer Heinri

432 628 1384 88 co V. nacher Regenſpurg gelegten Reichs⸗Tag auch erſchiene, hat⸗

432 678 1384 85 zu Drunfening, als einen luſtigen und geſunden Orth, von vielt⸗

429 730 1383 84 Nußbaͤumen beſetzt, unter einer Gezelt wohnen wollen. Im Schlat

427 781 1380 85 gedunckts ihm eineſt, er ſaͤhe ein Laitter (dem Patriarchen Jaco

427 830 1377 86 gleich) von der Erden biß in den Himmel ſich erſtrecken, und die hen

429 877 1371 92 ge Engel auf und abſteigen. Relolvirt ſich hierauf, gleich alda dent

426 927 719 79 Benedictinern ein Cloſter zu bauen.

563 984 1244 85 Fienge dieſe Stifftung mit der Kirchen und Altaͤren an; bausl

425 1032 1368 86 hernach Wohnungen fur die Geiſtliche, und weilen der Piatz de

423 1082 1363 89 Stifft Alten Capellen (ſo nacher Bamberg Lehenbahr) gehoͤrte,.

420 1132 1056 84 er ſelben gar leicht gegen andern Gruͤnden erhandelt.

559 1185 1223 85 Anno 1112. erlangt der .H. Otro aus dem Wuͤrtenbergiſat

419 1228 1384 90 Benedictiner⸗ Cloſter Hirſchau den ſeeligen Erminoldum (den der

419 1278 1339 90 Abbt allda, und unſers Cloſters Profels, S. Wilbelm, von Gu⸗

416 1331 1338 86 auf in Frommkeit, und ſchoͤnen Kunſten erzogen, und zu einen

415 1385 1350 85 ruͤhmten Mann gemacht) neden anderen Religioſen. Deme uͤver,

419 1442 1354 82 er das wohl⸗kundirt, und mit zeitlichen Guͤttern genug verſehene n

416 1486 389 68 Cloſter zu regieren.

557 1538 1143 87 Anno 1117. benedicirt ihn Hartrvieus, Biſchoff allhie.

415 1581 1308 94 Kayſer Hainrich wollt eineſt das Cloſter (Pruͤffening) beſehen,

419 1636 1342 91 weil er aber eꝛncommuniciret war, hat ihn B. Erminoldus nicht eiti

412 1685 1336 92 laſſen, ſo er zwar gegen ihm nicht hoch reſentiret. Als ein and

412 1736 1328 93 mahl des Kayſers Leuth dieſen Deſpect gegen denen Bruͤdern raͤ

418 1790 1290 84 wollten, hat der Kayſer ſolches verwehret. Auſſer des neuen &

413 1840 1315 91 hate das Cloſter keinen Platz, dann alles in der Circumſerenz,

413 1888 1292 94 Emmeram gehoͤrte. Die gleich entſtandene Feindſeeligkeiten,

411 1936 1253 107 tuͤnffage zu verhuͤtten, hat der Eundator, B. Otto, unſerm

1700 2004 41 71 o.

441 2142 570 77 O) Vnle Fontdlegiun P antingende.
