<?xml version="1.0" encoding="UTF-8"?>
<alto xmlns:xsi="http://www.w3.org/2001/XMLSchema-instance"
      xmlns="http://www.loc.gov/standards/alto/ns-v4#"
      xsi:schemaLocation="http://www.loc.gov/standards/alto/ns-v4# http://www.loc.gov/standards/alto/v4/alto-4-2.xsd">
  <Description>
    <MeasurementUnit>pixel</MeasurementUnit>
    <sourceImageInformation>
      <fileName>image536.jpg</fileName>
      <fileIdentifier>https://archiv.ub.uni-marburg.de/eb/2010/0168</fileIdentifier>
    </sourceImageInformation>
  </Description>
  <Tags>
    <OtherTag ID="BT1" LABEL="Title" DESCRIPTION="block type Title"/><OtherTag ID="BT2" LABEL="Main" DESCRIPTION="block type Main"/><OtherTag ID="BT3" LABEL="Commentary" DESCRIPTION="block type Commentary"/><OtherTag ID="BT4" LABEL="Illustration" DESCRIPTION="block type Illustration"/><OtherTag ID="BT42" LABEL="text" DESCRIPTION="block type text"/>
    <OtherTag ID="LT33" LABEL="default" DESCRIPTION="line type default"/>
  </Tags>
  <Layout>
    <Page WIDTH="1554"
          HEIGHT="2270"
          PHYSICAL_IMG_NR="536"
          ID="eSc_dummypage_">
      <PrintSpace HPOS="0"
                  VPOS="0"
                  WIDTH="1554"
                  HEIGHT="2270">
        <TextBlock HPOS="126"
                   VPOS="85"
                   WIDTH="1406"
                   HEIGHT="1926"
                   ID="eSc_textblock_7224db36"
                   TAGREFS="BT42">
          <Shape><Polygon POINTS="1473 85 1527 100 1532 171 1532 1628 1512 1971 1140 1971 987 2011 872 2011 831 1986 755 1981 146 1971 126 1668 146 156 589 151 655 100 782 90 1022 90 1084 136 1305 136 1416 116 1473 85"/></Shape>
          <TextLine ID="eSc_line_eef03090"
                    TAGREFS="LT33"
                    BASELINE="691 143 894 145 975 134" 
                    HPOS="691"
                    VPOS="93"
                    WIDTH="284"
                    HEIGHT="78">
            <Shape><Polygon POINTS="967 134 959 112 915 112 891 95 890 95 889 95 888 95 886 95 862 104 835 95 833 95 832 95 779 103 764 93 763 93 761 93 740 93 727 94 721 94 712 103 695 95 691 95 691 143 691 168 760 171 761 171 763 171 780 162 790 168 792 168 793 168 794 168 795 168 797 168 812 156 853 165 855 165 856 165 857 165 857 163 866 155 904 155 923 155 940 168 942 168 943 168 944 170 975 170 975 134 973 133 967 134"/></Shape>
            <String CONTENT="2 (O1 8."
                    HPOS="691"
                    VPOS="93"
                    WIDTH="284"
                    HEIGHT="78"
                    WC="0.8952721245586872"></String>
          </TextLine>
          <TextLine ID="eSc_line_eeeba666"
                    TAGREFS="LT33"
                    BASELINE="1004 129 1038 123" 
                    HPOS="1002"
                    VPOS="94"
                    WIDTH="38"
                    HEIGHT="67">
            <Shape><Polygon POINTS="1026 94 1006 103 1002 124 1004 129 1011 161 1020 153 1040 158 1038 123 1030 98 1026 94"/></Shape>
            <String CONTENT="."
                    HPOS="1002"
                    VPOS="94"
                    WIDTH="38"
                    HEIGHT="67"
                    WC="0.9999285936355591"></String>
          </TextLine>
          <TextLine ID="eSc_line_bab89134"
                    TAGREFS="LT33"
                    BASELINE="1444 122 1516 119" 
                    HPOS="1444"
                    VPOS="87"
                    WIDTH="72"
                    HEIGHT="50">
            <Shape><Polygon POINTS="1506 94 1493 90 1479 87 1466 87 1455 93 1444 122 1444 137 1516 137 1516 119 1511 95 1506 94"/></Shape>
            <String CONTENT="507"
                    HPOS="1444"
                    VPOS="87"
                    WIDTH="72"
                    HEIGHT="50"
                    WC="0.9999594291051229"></String>
          </TextLine>
          <TextLine ID="eSc_line_b72f97cc"
                    TAGREFS="LT33"
                    BASELINE="147 192 382 204 578 204 1517 174" 
                    HPOS="146"
                    VPOS="127"
                    WIDTH="1371"
                    HEIGHT="107">
            <Shape><Polygon POINTS="1305 134 1292 136 1286 136 1252 139 1237 136 1229 136 1217 136 1215 136 1180 146 1106 139 1104 139 1103 139 1051 153 934 155 910 148 909 148 908 148 906 148 879 156 779 153 778 153 669 162 643 152 642 152 640 152 639 152 614 161 531 153 529 153 528 153 499 166 441 161 440 161 438 161 437 161 427 168 402 157 401 157 399 157 370 163 349 156 348 156 346 156 345 156 320 163 301 157 300 157 298 157 146 160 147 192 147 224 338 220 364 233 365 233 431 234 432 234 433 234 484 216 596 216 619 229 620 229 621 229 845 218 951 220 952 220 953 220 976 211 1028 218 1029 218 1219 213 1221 213 1251 204 1272 211 1273 211 1275 211 1276 211 1300 199 1350 205 1352 205 1353 205 1397 192 1427 201 1429 201 1430 201 1431 201 1461 191 1514 195 1517 174 1514 134 1445 127 1444 127 1443 127 1441 127 1427 137 1338 142 1313 133 1311 133 1305 134"/></Shape>
            <String CONTENT="entleiben laſſene DasGeneralat betam bierauf Ferdinandus I. Koͤ⸗"
                    HPOS="146"
                    VPOS="127"
                    WIDTH="1371"
                    HEIGHT="107"
                    WC="0.9917390765622258"></String>
          </TextLine>
          <TextLine ID="eSc_line_45c02f05"
                    TAGREFS="LT33"
                    BASELINE="148 243 451 253 710 249" 
                    HPOS="147"
                    VPOS="205"
                    WIDTH="563"
                    HEIGHT="72">
            <Shape><Polygon POINTS="148 243 147 258 228 273 229 273 276 272 277 272 278 272 293 262 329 274 330 274 331 274 515 263 532 272 533 272 534 272 567 266 581 276 582 276 584 276 613 277 614 277 615 277 642 266 677 266 687 273 688 273 689 273 691 273 692 273 708 264 710 249 707 220 616 220 605 210 604 210 602 210 491 209 490 209 489 209 488 209 488 210 478 220 422 220 314 218 303 208 303 206 302 206 301 206 300 206 298 206 268 215 229 205 228 205 227 205 225 205 224 205 213 214 192 205 191 205 190 205 148 209 148 243"/></Shape>
            <String CONTENT="nig in Ungarn und Boͤhm aꝛc-"
                    HPOS="147"
                    VPOS="205"
                    WIDTH="563"
                    HEIGHT="72"
                    WC="0.9975629491465432"></String>
          </TextLine>
          <TextLine ID="eSc_line_de768f3b"
                    TAGREFS="LT33"
                    BASELINE="282 302 585 298 893 286 1516 276" 
                    HPOS="281"
                    VPOS="229"
                    WIDTH="1235"
                    HEIGHT="92">
            <Shape><Polygon POINTS="282 302 282 321 345 312 384 320 385 320 444 311 467 319 469 319 470 319 625 307 664 315 666 315 729 314 730 314 751 305 774 312 775 312 777 312 822 303 899 310 900 310 901 310 924 301 1104 306 1106 306 1107 306 1130 300 1164 305 1165 305 1166 305 1168 305 1180 296 1239 303 1241 303 1242 303 1267 295 1369 301 1371 301 1516 290 1516 276 1512 229 1464 235 1435 230 1434 230 1432 230 1408 243 1372 232 1371 232 1369 232 1368 232 1338 248 1302 248 1290 239 1289 239 1287 239 1286 239 1285 239 1263 250 1170 250 1116 237 1115 237 1113 237 1002 240 1001 240 980 248 949 240 948 240 947 240 946 240 915 254 885 242 884 242 882 242 813 243 812 243 771 261 691 261 673 253 672 253 671 253 669 253 668 253 653 262 524 258 523 258 445 266 421 256 420 256 418 256 338 268 301 253 300 253 298 253 297 253 281 261 282 302"/></Shape>
            <String CONTENT="Es waͤr viel zu melden, was beede Theil Armeen der Catholi⸗"
                    HPOS="281"
                    VPOS="229"
                    WIDTH="1235"
                    HEIGHT="92"
                    WC="0.9878096701735157"></String>
          </TextLine>
          <TextLine ID="eSc_line_3367d190"
                    TAGREFS="LT33"
                    BASELINE="146 344 402 346 903 332 1518 326" 
                    HPOS="145"
                    VPOS="285"
                    WIDTH="1373"
                    HEIGHT="85">
            <Shape><Polygon POINTS="146 344 146 360 228 370 229 370 435 366 502 356 630 364 631 364 633 364 668 351 747 351 818 361 819 361 881 350 972 358 973 358 1019 356 1020 356 1039 348 1093 353 1094 353 1096 353 1097 353 1107 346 1218 355 1219 355 1302 346 1349 354 1350 354 1517 340 1518 326 1516 285 1443 285 1441 285 1440 285 1439 285 1421 296 1384 286 1383 286 1382 286 1381 286 1340 298 1277 287 1276 287 1275 287 1247 296 1190 288 1189 288 1188 288 1152 301 1128 291 1127 291 1126 291 1125 291 1089 302 964 292 963 292 896 303 833 293 832 293 831 293 780 307 669 307 634 300 633 300 572 311 399 314 321 314 300 305 298 305 297 305 243 314 201 303 200 303 145 303 146 344"/></Shape>
            <String CONTENT="ſhen und Proteſtirenden hin und wider zu Anfang des Fruͤhlings agirk⸗"
                    HPOS="145"
                    VPOS="285"
                    WIDTH="1373"
                    HEIGHT="85"
                    WC="0.9767567113689755"></String>
          </TextLine>
          <TextLine ID="eSc_line_607a6ad4"
                    TAGREFS="LT33"
                    BASELINE="145 393 407 397 847 382 1519 378" 
                    HPOS="143"
                    VPOS="335"
                    WIDTH="1376"
                    HEIGHT="84">
            <Shape><Polygon POINTS="145 393 145 419 198 413 401 416 402 416 451 408 469 416 470 416 471 416 556 414 557 414 595 402 658 411 659 411 660 411 702 401 822 407 823 407 824 407 848 401 905 409 906 409 908 409 909 409 928 398 982 398 1011 407 1012 407 1014 407 1015 407 1045 397 1145 403 1146 403 1147 403 1174 395 1219 403 1221 403 1321 394 1343 403 1344 403 1345 403 1391 397 1412 404 1413 404 1415 404 1519 392 1519 378 1516 335 1460 341 1424 336 1422 336 1364 346 1304 337 1302 337 1237 346 1132 339 1131 339 1130 339 1101 348 1086 340 1084 340 1034 340 1033 340 1031 340 985 351 903 343 901 343 833 349 711 344 710 344 708 344 684 356 571 348 570 348 469 360 229 361 167 350 166 350 165 350 143 355 145 393"/></Shape>
            <String CONTENT="gewonnen, und verlohren. Demnach man ſich aber von Regenſpurg"
                    HPOS="143"
                    VPOS="335"
                    WIDTH="1376"
                    HEIGHT="84"
                    WC="0.9919201204034148"></String>
          </TextLine>
          <TextLine ID="eSc_line_afdd10b1"
                    TAGREFS="LT33"
                    BASELINE="147 438 396 443 1054 426 1522 423" 
                    HPOS="147"
                    VPOS="383"
                    WIDTH="1375"
                    HEIGHT="83">
            <Shape><Polygon POINTS="147 455 220 466 222 466 417 452 455 462 456 462 457 462 459 462 491 454 527 461 528 461 529 461 531 461 547 451 576 460 577 460 578 460 580 460 604 451 638 459 639 459 640 459 657 450 711 457 712 457 713 457 741 450 828 456 829 456 831 456 852 446 870 455 871 455 872 456 925 456 925 455 1004 442 1036 448 1038 448 1176 440 1217 450 1218 450 1219 450 1221 450 1244 437 1406 436 1430 446 1431 446 1432 446 1522 440 1522 423 1518 388 1345 392 1321 383 1320 383 1319 383 1202 393 1164 385 1162 385 1117 395 928 389 927 389 925 389 904 399 851 392 850 392 848 392 824 398 695 393 693 393 692 393 664 403 616 394 615 394 552 404 452 399 451 399 450 399 418 408 225 411 147 403 147 438 147 455"/></Shape>
            <String CONTENT="bit gern weit laſt, mus das ubrige der Leſer von andern Hiſtoricis er⸗"
                    HPOS="147"
                    VPOS="383"
                    WIDTH="1375"
                    HEIGHT="83"
                    WC="0.9879436314105987"></String>
          </TextLine>
          <TextLine ID="eSc_line_8479813c"
                    TAGREFS="LT33"
                    BASELINE="146 491 696 484 1014 472 1521 475" 
                    HPOS="145"
                    VPOS="431"
                    WIDTH="1376"
                    HEIGHT="81">
            <Shape><Polygon POINTS="146 491 146 498 170 510 171 510 172 512 273 512 273 510 402 509 403 509 428 501 450 508 451 508 452 508 454 508 476 501 489 508 490 508 491 508 599 506 600 506 638 495 751 505 753 505 754 505 800 491 889 491 917 503 918 503 919 503 920 503 972 489 1045 489 1149 489 1169 499 1170 499 1171 499 1173 499 1210 488 1302 494 1304 494 1305 494 1320 486 1518 495 1521 475 1519 437 1494 432 1493 432 1492 432 1465 442 1396 431 1300 431 1299 431 1205 438 1171 432 1170 432 1088 441 1067 433 1065 433 1064 433 1063 433 1035 440 972 435 971 435 910 447 836 443 835 443 774 450 744 438 742 438 741 438 740 438 708 448 684 440 683 440 682 440 681 440 657 451 544 442 543 442 542 442 520 452 498 442 496 442 495 442 450 452 414 447 413 447 412 447 399 454 353 448 351 448 272 455 145 443 146 491"/></Shape>
            <String CONTENT="fahren. Gleich fruhe im Jahr commandirte der Churfuͤrſt in Bavrn"
                    HPOS="145"
                    VPOS="431"
                    WIDTH="1376"
                    HEIGHT="81"
                    WC="0.9944685874506831"></String>
          </TextLine>
          <TextLine ID="eSc_line_e0eac259"
                    TAGREFS="LT33"
                    BASELINE="143 535 729 530 1180 519 1523 522" 
                    HPOS="143"
                    VPOS="477"
                    WIDTH="1380"
                    HEIGHT="82">
            <Shape><Polygon POINTS="143 548 182 558 184 559 257 559 257 558 312 552 373 557 374 557 375 557 422 544 452 553 454 553 606 554 607 554 609 554 655 542 721 553 722 553 819 543 891 551 893 551 894 551 917 539 978 538 1038 547 1039 547 1089 537 1521 538 1523 522 1521 490 1483 490 1450 479 1449 479 1448 479 1395 490 1335 477 1334 477 1333 477 1299 486 1282 479 1281 479 1209 479 1208 479 1207 479 1175 490 1152 480 1151 480 1150 480 968 481 967 481 906 498 846 491 845 491 843 491 827 499 797 485 795 485 794 485 713 501 520 501 478 493 476 493 475 493 455 501 428 493 427 493 426 493 425 493 398 503 377 498 375 498 374 498 373 498 372 498 362 505 257 505 176 503 143 491 143 535 143 548"/></Shape>
            <String CONTENT="den General Altringer auf Straubing, mit Befelch, dieſe Hauptſtatt"
                    HPOS="143"
                    VPOS="477"
                    WIDTH="1380"
                    HEIGHT="82"
                    WC="0.9933485379724791"></String>
          </TextLine>
          <TextLine ID="eSc_line_54fb7082"
                    TAGREFS="LT33"
                    BASELINE="141 585 750 580 1263 566 1523 567" 
                    HPOS="140"
                    VPOS="525"
                    WIDTH="1383"
                    HEIGHT="82">
            <Shape><Polygon POINTS="140 559 141 585 141 606 300 607 301 607 302 607 321 600 408 606 409 606 465 597 494 605 495 605 496 605 557 595 625 602 626 602 681 593 763 601 764 601 765 601 797 591 947 587 993 597 995 597 1104 592 1106 592 1128 585 1521 586 1523 567 1521 528 1477 534 1432 525 1431 525 1392 533 1354 527 1353 527 1302 538 1232 528 1231 528 1062 537 953 532 952 532 910 533 909 533 886 543 770 538 769 538 768 538 753 546 678 535 677 535 618 547 538 541 537 541 495 549 445 544 444 544 229 553 169 543 167 543 166 543 143 551 140 559"/></Shape>
            <String CONTENT="einzunehmen. 800. der Schweden dekendirten dieſelbige, ehe ſie es"
                    HPOS="140"
                    VPOS="525"
                    WIDTH="1383"
                    HEIGHT="82"
                    WC="0.9878582285000728"></String>
          </TextLine>
          <TextLine ID="eSc_line_d6d4df57"
                    TAGREFS="LT33"
                    BASELINE="140 638 813 629 1295 614 1523 614" 
                    HPOS="140"
                    VPOS="572"
                    WIDTH="1383"
                    HEIGHT="87">
            <Shape><Polygon POINTS="140 625 140 638 140 659 233 648 273 655 274 655 427 643 700 649 701 649 871 639 948 644 949 644 951 644 985 631 1054 631 1091 641 1092 641 1093 641 1094 641 1123 630 1198 635 1199 635 1268 628 1313 638 1314 638 1523 633 1523 614 1522 580 1493 572 1492 572 1425 572 1424 572 1422 572 1401 580 1280 575 1279 575 1234 585 1122 577 1121 577 1120 577 1102 587 1045 590 980 590 956 581 954 581 953 581 901 591 862 582 861 582 860 582 837 592 817 587 816 587 814 587 729 593 674 586 673 586 607 596 572 587 571 587 570 587 348 601 280 592 278 592 277 592 242 604 145 604 140 625"/></Shape>
            <String CONTENT="zum Sturmen kommen lieſſen, haben ſie accordirt, und ſeynd die"
                    HPOS="140"
                    VPOS="572"
                    WIDTH="1383"
                    HEIGHT="87"
                    WC="0.9815736816775414"></String>
          </TextLine>
          <TextLine ID="eSc_line_ffdf7e4b"
                    TAGREFS="LT33"
                    BASELINE="141 684 1064 670" 
                    HPOS="140"
                    VPOS="630"
                    WIDTH="924"
                    HEIGHT="76">
            <Shape><Polygon POINTS="141 684 141 704 273 706 274 706 276 706 297 694 350 694 362 701 363 701 364 701 365 701 367 701 393 693 474 703 475 703 476 703 478 703 491 692 522 699 523 699 524 699 560 692 589 701 590 701 591 701 592 701 614 689 707 689 722 696 724 696 725 696 726 696 755 688 777 698 778 698 779 698 853 697 855 697 879 688 896 696 898 696 899 696 900 696 927 688 1017 694 1019 694 1020 694 1021 694 1031 686 1062 693 1064 670 1062 639 996 630 995 630 993 630 976 638 928 634 927 634 925 634 893 641 808 636 807 636 806 636 788 643 756 634 755 634 754 634 753 634 725 644 658 644 645 635 644 635 643 635 642 635 640 635 616 645 475 638 474 638 433 646 368 640 367 640 365 640 329 650 266 650 253 641 252 641 251 641 249 641 140 645 141 684"/></Shape>
            <String CONTENT="meiſte von dem Feind zu dem Altringer gangen."
                    HPOS="140"
                    VPOS="630"
                    WIDTH="924"
                    HEIGHT="76"
                    WC="0.9998350660006206"></String>
          </TextLine>
          <TextLine ID="eSc_line_4be84e87"
                    TAGREFS="LT33"
                    BASELINE="268 732 724 728 1517 711" 
                    HPOS="267"
                    VPOS="667"
                    WIDTH="1250"
                    HEIGHT="90">
            <Shape><Polygon POINTS="268 732 268 757 402 746 534 752 536 752 537 752 556 744 601 751 602 751 687 749 688 749 708 741 735 749 736 749 737 749 832 739 886 745 888 745 889 745 904 737 947 744 948 744 1016 735 1123 741 1125 741 1126 741 1149 732 1204 740 1205 740 1316 730 1332 736 1333 736 1334 736 1335 736 1363 728 1388 735 1390 735 1391 735 1432 727 1517 730 1517 711 1513 673 1441 675 1342 667 1340 667 1252 678 1207 670 1205 670 1204 670 1180 681 1141 670 1140 670 1139 670 1072 683 1034 675 1033 675 1031 675 1004 686 903 686 882 678 881 678 880 678 879 678 877 678 865 688 780 688 758 678 756 678 755 678 754 678 720 688 693 679 692 679 691 679 660 686 628 682 626 682 625 682 597 692 558 682 557 682 556 682 555 682 523 689 490 683 489 683 488 683 465 694 425 684 423 684 422 684 351 693 267 691 268 732"/></Shape>
            <String CONTENT="Der Churfuͤrſt richt ſich hernach mit allem Ernſt zu Belaͤgerung"
                    HPOS="267"
                    VPOS="667"
                    WIDTH="1250"
                    HEIGHT="90"
                    WC="0.9900199640542269"></String>
          </TextLine>
          <TextLine ID="eSc_line_14cea9f2"
                    TAGREFS="LT33"
                    BASELINE="136 779 602 779 1257 761 1521 761" 
                    HPOS="134"
                    VPOS="720"
                    WIDTH="1387"
                    HEIGHT="85">
            <Shape><Polygon POINTS="134 750 136 779 136 797 198 805 199 805 200 805 233 795 288 804 290 804 372 793 446 802 447 802 548 794 758 797 759 797 760 797 789 789 823 795 824 795 872 785 915 794 917 794 963 793 964 793 982 784 1051 791 1053 791 1149 790 1150 790 1174 780 1519 780 1521 761 1519 721 1408 720 1407 720 1366 728 1314 721 1313 721 1311 721 1282 730 1247 726 1246 726 1244 726 1226 735 1159 725 1157 725 1067 735 1014 726 1012 726 1011 726 1010 726 990 739 925 732 924 732 923 732 922 732 908 741 857 741 840 732 838 732 837 732 836 732 816 742 679 745 607 745 558 733 557 733 556 733 520 746 455 735 454 735 452 735 435 742 383 736 382 736 380 736 345 747 285 747 268 739 267 739 266 739 136 739 134 750"/></Shape>
            <String CONTENT="der importirlichen Stadt Regenſpurg. Der Commendant allhie"
                    HPOS="134"
                    VPOS="720"
                    WIDTH="1387"
                    HEIGHT="85"
                    WC="0.9922903046525758"></String>
          </TextLine>
          <TextLine ID="eSc_line_6534ed1d"
                    TAGREFS="LT33"
                    BASELINE="137 827 512 827 893 815 1519 807" 
                    HPOS="137"
                    VPOS="771"
                    WIDTH="1382"
                    HEIGHT="80">
            <Shape><Polygon POINTS="137 815 137 827 137 841 181 839 222 851 223 851 224 851 407 842 483 847 484 847 485 847 518 839 602 844 604 844 673 832 874 832 915 841 917 841 991 829 1065 834 1067 834 1068 834 1092 826 1146 834 1147 834 1204 824 1263 833 1265 833 1266 833 1301 823 1400 829 1401 829 1444 820 1517 828 1519 807 1517 773 1324 771 1323 771 1321 771 1304 778 1263 771 1262 771 1261 771 1234 779 1179 773 1178 773 1123 784 1092 776 1091 776 1089 776 1020 783 976 776 975 776 973 776 953 788 914 788 794 780 793 780 740 790 653 783 652 783 650 783 634 791 508 784 507 784 505 784 465 794 372 785 370 785 306 798 254 798 230 786 229 786 228 786 142 798 137 815"/></Shape>
            <String CONTENT="Larskage, Schwediſcher General- Major feyrete auch nit, damit die"
                    HPOS="137"
                    VPOS="771"
                    WIDTH="1382"
                    HEIGHT="80"
                    WC="0.9951210306240962"></String>
          </TextLine>
          <TextLine ID="eSc_line_ce8a016f"
                    TAGREFS="LT33"
                    BASELINE="138 880 1519 855" 
                    HPOS="137"
                    VPOS="817"
                    WIDTH="1382"
                    HEIGHT="79">
            <Shape><Polygon POINTS="138 880 138 896 867 889 869 889 899 880 987 886 988 886 1041 877 1118 884 1120 884 1121 884 1139 876 1218 880 1219 880 1221 880 1244 873 1291 881 1292 881 1294 881 1313 872 1374 880 1376 880 1518 875 1519 855 1517 823 1316 817 1315 817 1314 817 1297 826 1243 818 1242 818 1102 829 969 823 968 823 967 823 947 832 856 826 855 826 758 836 726 828 725 828 724 828 684 837 621 829 620 829 619 829 600 839 551 839 518 833 517 833 480 841 393 834 392 834 273 844 137 839 138 880"/></Shape>
            <String CONTENT="Stadt nit Mangel an Probiant leyde, hat er gen Stranbing 120."
                    HPOS="137"
                    VPOS="817"
                    WIDTH="1382"
                    HEIGHT="79"
                    WC="0.993347809940088"></String>
          </TextLine>
          <TextLine ID="eSc_line_ce5adcce"
                    TAGREFS="LT33"
                    BASELINE="138 925 364 928 1094 906 1521 902" 
                    HPOS="137"
                    VPOS="862"
                    WIDTH="1384"
                    HEIGHT="88">
            <Shape><Polygon POINTS="138 925 140 950 163 943 184 949 185 949 186 949 368 945 485 934 539 942 541 942 584 931 716 929 881 934 882 934 961 924 996 931 997 931 999 931 1017 921 1127 920 1236 926 1237 926 1238 926 1267 918 1313 924 1314 924 1353 915 1368 921 1369 921 1371 923 1463 923 1463 921 1521 911 1521 902 1518 866 1417 862 1416 862 1357 870 1339 862 1338 862 1337 862 1284 872 1261 863 1260 863 1258 863 1218 871 1179 865 1178 865 1136 866 1135 866 1133 866 1118 876 1073 871 1072 871 1070 871 1045 877 899 871 898 871 896 871 867 882 705 885 666 877 664 877 663 877 644 887 599 887 543 878 542 878 541 878 513 889 437 881 436 881 435 881 433 881 418 891 375 886 374 886 252 895 227 886 225 886 224 886 137 886 138 925"/></Shape>
            <String CONTENT="Waͤgen mit einer Convoi von ac0. Mann, um Trayd und anderes"
                    HPOS="137"
                    VPOS="862"
                    WIDTH="1384"
                    HEIGHT="88"
                    WC="0.9926288633023278"></String>
          </TextLine>
          <TextLine ID="eSc_line_d618e27c"
                    TAGREFS="LT33"
                    BASELINE="138 974 514 973 871 958 1514 948" 
                    HPOS="137"
                    VPOS="908"
                    WIDTH="1377"
                    HEIGHT="90">
            <Shape><Polygon POINTS="138 974 138 989 203 998 204 998 416 995 417 995 442 986 555 992 556 992 557 992 587 983 623 991 624 991 684 988 686 988 707 979 823 986 824 986 826 986 827 986 841 977 1078 982 1079 982 1207 969 1355 968 1383 977 1384 977 1386 977 1387 977 1407 968 1425 976 1426 976 1427 976 1429 976 1464 967 1513 969 1514 948 1511 908 1445 919 1417 911 1416 911 1344 910 1343 910 1342 910 1309 919 1252 911 1251 911 1250 911 1227 923 1126 914 1125 914 1123 914 1087 924 1041 915 1040 915 985 926 943 918 942 918 940 918 924 926 852 928 835 919 833 919 832 919 747 933 636 933 584 924 582 924 581 924 552 935 444 926 442 926 383 938 220 935 219 935 218 935 194 942 170 931 169 931 167 931 166 931 137 940 138 974"/></Shape>
            <String CONTENT="abzuholen geſchickt. Die Cuarnilon von Straubing aber hats alſo"
                    HPOS="137"
                    VPOS="908"
                    WIDTH="1377"
                    HEIGHT="90"
                    WC="0.9986278197121998"></String>
          </TextLine>
          <TextLine ID="eSc_line_e16baa77"
                    TAGREFS="LT33"
                    BASELINE="141 1018 418 1022 1075 1005" 
                    HPOS="140"
                    VPOS="968"
                    WIDTH="935"
                    HEIGHT="81">
            <Shape><Polygon POINTS="141 1018 141 1049 262 1047 322 1035 339 1045 340 1045 341 1045 343 1046 383 1046 383 1045 446 1032 470 1042 471 1042 473 1042 474 1042 508 1031 565 1041 566 1041 636 1039 638 1039 655 1031 669 1037 671 1037 672 1037 673 1037 688 1030 718 1036 720 1036 721 1036 750 1029 832 1034 833 1034 879 1024 1024 1030 1025 1030 1026 1030 1028 1030 1039 1020 1074 1018 1075 1005 1073 974 870 968 869 968 734 981 695 972 693 972 623 983 591 974 590 974 589 974 587 974 547 984 518 979 517 979 515 979 499 986 479 978 478 978 476 978 475 978 441 987 309 982 307 982 306 982 305 982 295 991 198 992 140 983 141 1018"/></Shape>
            <String CONTENT="deneventirt, dab wenig mehr zuruck kommen."
                    HPOS="140"
                    VPOS="968"
                    WIDTH="935"
                    HEIGHT="81"
                    WC="0.9960110982259115"></String>
          </TextLine>
          <TextLine ID="eSc_line_15f0c33a"
                    TAGREFS="LT33"
                    BASELINE="266 1078 908 1056 1519 1046" 
                    HPOS="263"
                    VPOS="1001"
                    WIDTH="1256"
                    HEIGHT="98">
            <Shape><Polygon POINTS="266 1078 266 1099 438 1088 533 1092 534 1092 536 1092 565 1082 631 1089 633 1089 634 1089 652 1080 711 1085 712 1085 713 1085 715 1085 726 1078 785 1084 787 1084 788 1084 789 1084 803 1075 963 1071 1050 1079 1051 1079 1103 1076 1104 1076 1106 1076 1120 1068 1144 1075 1145 1075 1146 1075 1186 1068 1244 1074 1246 1074 1519 1060 1519 1046 1517 1001 1460 1001 1459 1001 1458 1001 1440 1008 1426 1002 1425 1002 1424 1002 1364 1010 1309 1005 1308 1005 1306 1005 1281 1015 1207 1016 1175 1008 1174 1008 1173 1008 1171 1008 1140 1017 1112 1010 1111 1010 1110 1010 1108 1010 1091 1018 1074 1011 1073 1011 1072 1011 1020 1020 864 1016 862 1016 861 1016 827 1025 729 1021 727 1021 660 1031 536 1032 515 1026 514 1026 513 1026 412 1036 364 1031 363 1031 362 1031 346 1037 320 1030 319 1030 317 1030 263 1040 266 1078"/></Shape>
            <String CONTENT="Koͤnig Ferdinand, als nun mit aller Soldaten groſſem Belie⸗"
                    HPOS="263"
                    VPOS="1001"
                    WIDTH="1256"
                    HEIGHT="98"
                    WC="0.9942736413519261"></String>
          </TextLine>
          <TextLine ID="eSc_line_a1c58e9d"
                    TAGREFS="LT33"
                    BASELINE="134 1119 416 1119 1516 1095" 
                    HPOS="134"
                    VPOS="1055"
                    WIDTH="1382"
                    HEIGHT="91">
            <Shape><Polygon POINTS="134 1146 320 1133 378 1141 379 1141 444 1131 565 1137 566 1137 639 1135 640 1135 658 1127 687 1133 688 1133 833 1123 928 1129 929 1129 930 1129 948 1121 991 1128 992 1128 993 1128 1026 1119 1075 1124 1077 1124 1122 1117 1516 1117 1516 1095 1512 1055 1371 1064 1347 1055 1345 1055 1344 1055 1343 1055 1319 1065 1267 1056 1266 1056 1265 1056 1238 1065 1122 1059 1121 1059 1120 1059 1097 1071 1033 1071 967 1063 966 1063 918 1069 875 1064 874 1064 832 1071 804 1066 803 1066 802 1066 773 1076 726 1068 725 1068 724 1068 705 1076 652 1070 650 1070 649 1070 621 1080 567 1070 566 1070 502 1083 445 1076 444 1076 442 1076 426 1083 407 1078 406 1078 404 1078 403 1078 378 1087 296 1087 278 1080 277 1080 276 1080 195 1089 134 1079 134 1119 134 1146"/></Shape>
            <String CONTENT="den, Generaliſlimus uͤber die Kayſerliche Armee, ſtunde mit einer groſ⸗"
                    HPOS="134"
                    VPOS="1055"
                    WIDTH="1382"
                    HEIGHT="91"
                    WC="0.9884601218599669"></String>
          </TextLine>
          <TextLine ID="eSc_line_0081856d"
                    TAGREFS="LT33"
                    BASELINE="136 1172 543 1169 1155 1148 1519 1145" 
                    HPOS="134"
                    VPOS="1104"
                    WIDTH="1385"
                    HEIGHT="85">
            <Shape><Polygon POINTS="136 1172 136 1182 300 1189 301 1189 418 1180 560 1182 561 1182 638 1174 731 1179 732 1179 734 1179 760 1170 855 1176 856 1176 857 1176 885 1167 910 1175 911 1175 913 1175 990 1165 1073 1169 1074 1169 1075 1169 1089 1161 1193 1160 1301 1166 1302 1166 1518 1155 1519 1145 1517 1109 1305 1104 1304 1104 1302 1104 1265 1114 1214 1107 1213 1107 1212 1107 1195 1116 1136 1108 1135 1108 1072 1117 1025 1111 1024 1111 985 1119 944 1113 943 1113 857 1124 809 1116 808 1116 807 1116 766 1126 657 1119 655 1119 654 1119 624 1131 523 1132 470 1123 469 1123 358 1136 315 1127 314 1127 312 1127 287 1137 259 1128 258 1128 257 1128 206 1138 134 1132 136 1172"/></Shape>
            <String CONTENT="len Macht in Boͤhm, ruckte zu Anfang des Junii in die Pfaltz, mit"
                    HPOS="134"
                    VPOS="1104"
                    WIDTH="1385"
                    HEIGHT="85"
                    WC="0.9945370573263902"></String>
          </TextLine>
          <TextLine ID="eSc_line_732dafcc"
                    TAGREFS="LT33"
                    BASELINE="137 1218 380 1218 879 1201 1516 1189" 
                    HPOS="137"
                    VPOS="1150"
                    WIDTH="1379"
                    HEIGHT="89">
            <Shape><Polygon POINTS="137 1233 244 1239 245 1239 355 1237 356 1237 377 1229 635 1230 636 1230 725 1220 800 1227 802 1227 915 1215 939 1222 940 1222 942 1222 943 1222 975 1214 1069 1220 1070 1220 1136 1210 1181 1218 1183 1218 1184 1218 1203 1209 1352 1214 1353 1214 1516 1201 1516 1189 1513 1153 1453 1150 1451 1150 1393 1158 1367 1151 1366 1151 1364 1151 1297 1161 1282 1153 1281 1153 1280 1153 1101 1157 1099 1157 1087 1164 1068 1158 1067 1158 1065 1158 1064 1158 1063 1158 1049 1167 934 1169 876 1162 875 1162 874 1162 838 1172 686 1175 635 1167 634 1167 523 1179 470 1171 469 1171 467 1171 437 1180 344 1175 343 1175 298 1184 249 1176 248 1176 189 1186 137 1179 137 1218 137 1233"/></Shape>
            <String CONTENT="der Bayriſchen Armee ſich zu conjungirn. Die Kayſerliche fuhrte der"
                    HPOS="137"
                    VPOS="1150"
                    WIDTH="1379"
                    HEIGHT="89"
                    WC="0.9907285918050738"></String>
          </TextLine>
          <TextLine ID="eSc_line_15e3e7fa"
                    TAGREFS="LT33"
                    BASELINE="136 1262 344 1264 1253 1238 1514 1235" 
                    HPOS="134"
                    VPOS="1195"
                    WIDTH="1380"
                    HEIGHT="95">
            <Shape><Polygon POINTS="136 1262 136 1282 179 1290 180 1290 181 1290 199 1281 256 1287 257 1287 296 1278 327 1286 329 1286 330 1286 451 1282 452 1282 473 1274 623 1278 624 1278 724 1267 768 1274 769 1274 930 1269 932 1269 968 1261 1063 1267 1064 1267 1065 1267 1078 1261 1110 1266 1111 1266 1112 1266 1130 1257 1168 1263 1169 1263 1212 1254 1292 1261 1294 1261 1295 1261 1326 1252 1454 1257 1455 1257 1513 1248 1514 1235 1512 1198 1422 1195 1421 1195 1352 1205 1302 1200 1301 1200 1300 1200 1287 1206 1268 1199 1267 1199 1266 1199 1209 1200 1208 1200 1175 1210 1046 1213 1016 1205 1015 1205 1014 1205 914 1208 864 1219 766 1220 695 1214 693 1214 692 1214 662 1223 572 1219 571 1219 570 1219 556 1225 480 1219 479 1219 478 1219 450 1228 382 1222 380 1222 379 1222 360 1230 329 1225 327 1225 230 1234 210 1227 209 1227 208 1227 134 1227 136 1262"/></Shape>
            <String CONTENT="Gallas, die Bayriſche der Altringer.. Der Hertzog von WDeinmar wa⸗"
                    HPOS="134"
                    VPOS="1195"
                    WIDTH="1380"
                    HEIGHT="95"
                    WC="0.9780894635301648"></String>
          </TextLine>
          <TextLine ID="eSc_line_2a3e2c77"
                    TAGREFS="LT33"
                    BASELINE="137 1315 391 1312 1165 1288 1513 1286" 
                    HPOS="136"
                    VPOS="1240"
                    WIDTH="1377"
                    HEIGHT="99">
            <Shape><Polygon POINTS="137 1331 180 1339 181 1339 321 1335 322 1335 324 1335 336 1327 431 1332 432 1332 581 1321 601 1327 602 1327 604 1327 605 1327 630 1320 684 1325 686 1325 754 1317 775 1324 777 1324 778 1324 779 1324 798 1316 817 1322 818 1322 819 1322 975 1319 1033 1310 1065 1316 1067 1316 1068 1316 1069 1316 1082 1309 1152 1314 1154 1314 1222 1305 1512 1305 1513 1286 1509 1240 1468 1248 1347 1244 1345 1244 1344 1244 1316 1253 1221 1247 1219 1247 1166 1257 1131 1249 1130 1249 1128 1249 1112 1258 973 1253 972 1253 871 1266 749 1267 729 1259 727 1259 726 1259 664 1271 576 1272 563 1266 562 1266 561 1266 528 1272 510 1266 509 1266 508 1266 379 1277 317 1271 316 1271 225 1281 199 1273 198 1273 196 1273 195 1273 176 1281 136 1277 137 1315 137 1331"/></Shape>
            <String CONTENT="te ſtarck bey 18. biß 20000. Mann, marſchirte auch allhero, Willens"
                    HPOS="136"
                    VPOS="1240"
                    WIDTH="1377"
                    HEIGHT="99"
                    WC="0.9950053247053232"></String>
          </TextLine>
          <TextLine ID="eSc_line_47f577e6"
                    TAGREFS="LT33"
                    BASELINE="137 1362 425 1360 1035 1340 1514 1332" 
                    HPOS="136"
                    VPOS="1291"
                    WIDTH="1378"
                    HEIGHT="93">
            <Shape><Polygon POINTS="137 1362 137 1384 402 1382 455 1372 547 1378 548 1378 549 1378 567 1369 605 1375 606 1375 763 1373 827 1363 860 1370 861 1370 862 1370 933 1359 1197 1354 1239 1362 1241 1362 1302 1351 1353 1358 1354 1358 1355 1358 1381 1350 1405 1358 1406 1358 1407 1358 1408 1358 1426 1349 1483 1354 1484 1354 1485 1354 1514 1345 1514 1332 1513 1298 1488 1291 1487 1291 1485 1291 1400 1300 1355 1292 1354 1292 823 1314 799 1306 798 1306 797 1306 795 1306 769 1315 744 1307 742 1307 741 1307 740 1307 716 1316 628 1310 626 1310 625 1310 601 1319 561 1311 560 1311 505 1322 378 1324 349 1316 348 1316 346 1316 345 1316 321 1326 176 1329 136 1322 137 1362"/></Shape>
            <String CONTENT="die Gvarnilon zu verſtaͤrcken, ſo dann mit z00. Mann deſchehen, und"
                    HPOS="136"
                    VPOS="1291"
                    WIDTH="1378"
                    HEIGHT="93"
                    WC="0.9891388309535696"></String>
          </TextLine>
          <TextLine ID="eSc_line_7e10798c"
                    TAGREFS="LT33"
                    BASELINE="137 1409 305 1413 928 1392 1513 1383" 
                    HPOS="137"
                    VPOS="1340"
                    WIDTH="1376"
                    HEIGHT="95">
            <Shape><Polygon POINTS="137 1426 240 1435 242 1435 374 1426 476 1428 478 1428 479 1428 512 1418 562 1427 563 1427 638 1425 639 1425 672 1414 771 1421 773 1421 886 1409 978 1413 980 1413 1035 1407 1097 1414 1098 1414 1149 1413 1150 1413 1151 1413 1162 1406 1200 1412 1202 1412 1203 1412 1228 1402 1253 1408 1255 1408 1256 1408 1333 1399 1512 1403 1513 1383 1509 1340 1443 1341 1441 1341 1415 1350 1368 1343 1367 1343 1238 1353 1208 1346 1207 1346 1149 1354 1029 1351 1028 1351 1026 1351 1015 1358 1002 1351 1001 1351 1000 1351 999 1351 971 1360 886 1354 885 1354 884 1354 858 1360 797 1356 795 1356 794 1356 771 1367 507 1372 457 1364 456 1364 402 1374 201 1373 200 1373 199 1373 180 1379 137 1374 137 1409 137 1426"/></Shape>
            <String CONTENT="mehr nit vonnoͤthen, dann er verſichert war, wann ſchon des Kayſers"
                    HPOS="137"
                    VPOS="1340"
                    WIDTH="1376"
                    HEIGHT="95"
                    WC="0.9975140423917058"></String>
          </TextLine>
          <TextLine ID="eSc_line_8b4b6c63"
                    TAGREFS="LT33"
                    BASELINE="140 1465 303 1464 638 1449 1511 1431" 
                    HPOS="138"
                    VPOS="1391"
                    WIDTH="1373"
                    HEIGHT="93">
            <Shape><Polygon POINTS="140 1465 140 1484 302 1480 359 1470 411 1478 412 1478 413 1478 432 1469 486 1475 488 1475 577 1465 630 1472 631 1472 746 1460 861 1460 888 1466 889 1466 890 1466 891 1466 910 1457 939 1462 940 1462 972 1456 1012 1464 1014 1464 1057 1462 1058 1462 1074 1454 1126 1461 1127 1461 1202 1451 1250 1457 1251 1457 1252 1457 1253 1457 1266 1450 1345 1455 1347 1455 1402 1446 1429 1454 1430 1454 1431 1454 1511 1452 1511 1431 1508 1397 1427 1391 1426 1391 1378 1399 1349 1392 1348 1392 1347 1392 1170 1404 1140 1398 1139 1398 1067 1407 1019 1399 1017 1399 1016 1399 1015 1399 1002 1407 964 1401 963 1401 836 1412 808 1406 807 1406 806 1406 722 1414 687 1407 686 1407 629 1418 568 1418 544 1411 543 1411 542 1411 465 1421 374 1416 373 1416 372 1416 349 1423 312 1417 311 1417 310 1417 291 1426 138 1426 140 1465"/></Shape>
            <String CONTENT="Sohn als Generalillimus ſich vor die Stadt laͤgern, und in Sr. Kay⸗"
                    HPOS="138"
                    VPOS="1391"
                    WIDTH="1373"
                    HEIGHT="93"
                    WC="0.981349360586992"></String>
          </TextLine>
          <TextLine ID="eSc_line_c9a9bae9"
                    TAGREFS="LT33"
                    BASELINE="138 1513 388 1512 846 1494 1513 1478" 
                    HPOS="137"
                    VPOS="1442"
                    WIDTH="1376"
                    HEIGHT="91">
            <Shape><Polygon POINTS="138 1513 138 1525 200 1525 229 1533 230 1533 232 1533 360 1524 451 1527 452 1527 454 1527 490 1518 592 1523 594 1523 654 1513 790 1518 792 1518 835 1510 885 1515 886 1515 934 1505 978 1513 980 1513 1036 1503 1118 1509 1120 1509 1512 1494 1513 1478 1511 1442 1285 1442 1284 1442 1241 1449 1202 1442 1200 1442 1159 1451 1070 1445 1069 1445 1068 1445 1067 1445 1051 1454 900 1450 899 1450 833 1460 789 1452 788 1452 740 1462 426 1462 425 1462 423 1462 422 1462 409 1471 384 1464 383 1464 382 1464 223 1476 137 1470 138 1513"/></Shape>
            <String CONTENT="ſerlichen Majeſtaͤt Nahmen dieſelbe auffordern ſolte, ſie es nir achten,"
                    HPOS="137"
                    VPOS="1442"
                    WIDTH="1376"
                    HEIGHT="91"
                    WC="0.9930135963691605"></String>
          </TextLine>
          <TextLine ID="eSc_line_863bcea7"
                    TAGREFS="LT33"
                    BASELINE="140 1562 542 1559 1509 1523" 
                    HPOS="138"
                    VPOS="1480"
                    WIDTH="1371"
                    HEIGHT="106">
            <Shape><Polygon POINTS="1430 1480 1429 1480 1391 1493 1125 1500 1012 1494 1011 1494 1010 1494 1009 1494 996 1501 956 1496 954 1496 802 1510 671 1505 669 1505 586 1518 557 1510 556 1510 555 1510 479 1512 403 1524 367 1517 365 1517 364 1517 363 1517 348 1527 288 1528 138 1523 140 1562 140 1581 315 1586 316 1586 317 1586 319 1586 334 1576 353 1585 354 1585 355 1585 406 1583 481 1581 483 1581 499 1572 517 1580 518 1580 519 1580 606 1576 607 1576 626 1567 645 1575 647 1575 648 1575 649 1575 672 1565 703 1571 705 1571 749 1563 782 1571 783 1571 784 1571 850 1559 880 1567 881 1567 882 1567 884 1567 910 1557 996 1563 997 1563 1092 1553 1126 1559 1127 1559 1173 1549 1286 1553 1287 1553 1289 1553 1311 1543 1508 1537 1509 1523 1506 1486 1431 1480 1430 1480"/></Shape>
            <String CONTENT="ſondern aufs hefftigſt, und nach aller Moͤglichkeit, dergeſtalten Wi⸗"
                    HPOS="138"
                    VPOS="1480"
                    WIDTH="1371"
                    HEIGHT="106"
                    WC="0.9949865539868673"></String>
          </TextLine>
          <TextLine ID="eSc_line_4c0cd766"
                    TAGREFS="LT33"
                    BASELINE="140 1607 594 1607 1338 1575 1512 1571" 
                    HPOS="138"
                    VPOS="1529"
                    WIDTH="1374"
                    HEIGHT="105">
            <Shape><Polygon POINTS="140 1607 140 1626 216 1631 218 1631 276 1624 310 1634 311 1634 312 1634 378 1633 422 1625 496 1629 498 1629 858 1611 972 1614 973 1614 1031 1601 1051 1609 1053 1609 1054 1609 1173 1607 1174 1607 1222 1592 1340 1591 1379 1597 1381 1597 1382 1597 1421 1587 1511 1587 1512 1571 1507 1529 1445 1530 1444 1530 1411 1542 1383 1533 1382 1533 1381 1533 1302 1536 1301 1536 1280 1547 1173 1539 1171 1539 1170 1539 1152 1549 1122 1552 1096 1544 1094 1544 1093 1544 1045 1556 980 1556 948 1547 947 1547 946 1547 881 1557 852 1549 851 1549 850 1549 848 1549 802 1562 676 1556 674 1556 673 1556 643 1567 503 1566 502 1566 450 1575 356 1576 341 1568 340 1568 339 1568 338 1568 336 1568 322 1577 267 1573 266 1573 264 1573 245 1580 222 1570 220 1570 219 1570 138 1571 140 1607"/></Shape>
            <String CONTENT="derſtand thun wurden, dab wann die Maͤnner nit erklecken ſolten, die"
                    HPOS="138"
                    VPOS="1529"
                    WIDTH="1374"
                    HEIGHT="105"
                    WC="0.999178499859922"></String>
          </TextLine>
          <TextLine ID="eSc_line_5b4634eb"
                    TAGREFS="LT33"
                    BASELINE="140 1655 444 1660 1273 1624 1516 1620" 
                    HPOS="138"
                    VPOS="1576"
                    WIDTH="1378"
                    HEIGHT="108">
            <Shape><Polygon POINTS="140 1655 140 1677 180 1677 204 1684 205 1684 206 1684 208 1684 232 1674 291 1674 387 1681 388 1681 470 1672 493 1677 494 1677 495 1677 773 1667 774 1667 819 1655 845 1663 846 1663 847 1663 919 1662 996 1647 1075 1645 1096 1653 1097 1653 1098 1653 1166 1650 1168 1650 1169 1650 1181 1641 1229 1647 1231 1647 1232 1647 1252 1639 1367 1641 1368 1641 1369 1641 1395 1635 1420 1644 1421 1644 1422 1644 1514 1635 1516 1620 1513 1587 1453 1576 1451 1576 1421 1577 1420 1577 1393 1590 1238 1583 1237 1583 1162 1600 1133 1595 1132 1595 1086 1601 1033 1591 1031 1591 1030 1591 1002 1605 951 1607 852 1602 851 1602 850 1602 808 1614 707 1615 681 1609 679 1609 678 1609 677 1609 660 1618 543 1614 542 1614 541 1614 520 1624 454 1625 441 1619 440 1619 438 1619 382 1628 329 1619 327 1619 295 1625 269 1619 268 1619 267 1619 138 1621 140 1655"/></Shape>
            <String CONTENT="Weiber ſogar das ihrige thun wurden, wie dann geſchehen. Der"
                    HPOS="138"
                    VPOS="1576"
                    WIDTH="1378"
                    HEIGHT="108"
                    WC="0.9894689510265986"></String>
          </TextLine>
          <TextLine ID="eSc_line_857c8e0f"
                    TAGREFS="LT33"
                    BASELINE="141 1708 476 1708 1166 1674 1514 1670" 
                    HPOS="140"
                    VPOS="1626"
                    WIDTH="1374"
                    HEIGHT="108">
            <Shape><Polygon POINTS="141 1726 208 1726 225 1734 227 1734 228 1734 229 1734 251 1723 295 1730 296 1730 365 1722 391 1728 392 1728 393 1728 629 1718 681 1708 715 1717 716 1717 717 1717 934 1699 992 1705 993 1705 1107 1702 1108 1702 1130 1692 1208 1692 1221 1698 1222 1698 1223 1698 1224 1698 1260 1688 1512 1688 1514 1670 1509 1629 1454 1634 1441 1628 1440 1628 1439 1628 1437 1628 1436 1628 1425 1635 1396 1626 1395 1626 1393 1626 1292 1629 1221 1639 1185 1633 1184 1633 1183 1633 1157 1645 1069 1648 971 1640 969 1640 968 1640 930 1653 803 1647 802 1647 800 1647 770 1659 496 1668 475 1662 474 1662 473 1662 471 1662 470 1662 459 1669 432 1664 431 1664 388 1672 292 1664 291 1664 206 1674 140 1669 141 1708 141 1726"/></Shape>
            <String CONTENT="Hertzog haͤrte ſich mit denen unſerigen geſchlagen, aber dieſe wagtens"
                    HPOS="140"
                    VPOS="1626"
                    WIDTH="1374"
                    HEIGHT="108"
                    WC="0.9879751179899489"></String>
          </TextLine>
          <TextLine ID="eSc_line_14d24ff0"
                    TAGREFS="LT33"
                    BASELINE="142 1750 484 1757 1064 1726 1513 1718" 
                    HPOS="141"
                    VPOS="1676"
                    WIDTH="1372"
                    HEIGHT="104">
            <Shape><Polygon POINTS="673 1698 639 1712 379 1718 364 1712 363 1712 362 1712 360 1712 341 1718 316 1712 315 1712 314 1712 312 1712 293 1721 254 1711 253 1711 252 1711 251 1711 223 1723 195 1712 194 1712 192 1712 141 1713 142 1750 143 1770 220 1770 269 1780 271 1780 572 1771 573 1771 589 1765 615 1770 616 1770 716 1759 734 1766 735 1766 736 1766 737 1766 761 1755 783 1764 784 1764 785 1764 919 1749 954 1755 956 1755 1051 1744 1159 1742 1174 1749 1175 1749 1176 1749 1309 1740 1350 1746 1352 1746 1410 1735 1459 1741 1460 1741 1461 1741 1484 1734 1512 1736 1513 1718 1511 1686 1449 1676 1448 1676 1397 1686 1352 1678 1350 1678 999 1697 966 1689 964 1689 963 1689 913 1701 808 1696 807 1696 806 1696 804 1696 787 1707 751 1701 750 1701 711 1707 679 1698 673 1698"/></Shape>
            <String CONTENT="nir, ſie haben doch einen Vortrab von Eroaten angetroffen, und de⸗"
                    HPOS="141"
                    VPOS="1676"
                    WIDTH="1372"
                    HEIGHT="104"
                    WC="0.9919325546784834"></String>
          </TextLine>
          <TextLine ID="eSc_line_3099456b"
                    TAGREFS="LT33"
                    BASELINE="142 1800 522 1807 1033 1778 1508 1770" 
                    HPOS="141"
                    VPOS="1725"
                    WIDTH="1367"
                    HEIGHT="103">
            <Shape><Polygon POINTS="142 1800 142 1817 194 1817 220 1828 222 1828 223 1828 339 1826 384 1818 437 1823 438 1823 746 1814 840 1799 895 1809 896 1809 990 1795 1084 1800 1086 1800 1207 1790 1252 1799 1253 1799 1255 1799 1285 1788 1362 1798 1363 1798 1364 1798 1390 1786 1417 1794 1419 1794 1420 1794 1421 1794 1422 1794 1434 1786 1458 1792 1459 1792 1508 1781 1508 1770 1504 1725 1387 1728 1386 1728 1340 1741 1282 1730 1281 1730 1160 1740 1035 1736 1034 1736 1033 1736 1016 1745 935 1739 934 1739 829 1745 828 1745 800 1755 760 1746 759 1746 758 1746 735 1757 722 1750 721 1750 720 1750 718 1750 717 1750 679 1760 599 1754 597 1754 596 1754 578 1764 325 1769 312 1763 311 1763 310 1763 309 1763 286 1770 240 1770 222 1760 220 1760 219 1760 218 1760 185 1769 141 1759 142 1800"/></Shape>
            <String CONTENT="ken dey 250. erlegt. Hernach ſeynd auf dem Weinderg 500. zu Fub⸗"
                    HPOS="141"
                    VPOS="1725"
                    WIDTH="1367"
                    HEIGHT="103"
                    WC="0.9812397630885243"></String>
          </TextLine>
          <TextLine ID="eSc_line_212f1a04"
                    TAGREFS="LT33"
                    BASELINE="142 1845 285 1853 552 1853 713 1848 986 1829 1508 1816" 
                    HPOS="141"
                    VPOS="1774"
                    WIDTH="1367"
                    HEIGHT="105">
            <Shape><Polygon POINTS="142 1845 142 1865 254 1865 297 1877 298 1877 300 1879 300 1877 301 1877 343 1865 365 1876 367 1876 368 1876 402 1875 403 1875 444 1862 479 1874 480 1874 481 1874 707 1867 708 1867 739 1860 778 1866 779 1866 885 1848 911 1858 913 1858 914 1858 915 1858 938 1852 962 1856 963 1857 963 1856 964 1856 993 1845 1049 1850 1050 1850 1051 1850 1077 1842 1107 1851 1108 1851 1110 1851 1111 1851 1136 1842 1176 1847 1178 1847 1319 1836 1353 1848 1354 1848 1355 1848 1357 1848 1358 1848 1379 1834 1393 1839 1395 1839 1396 1839 1507 1831 1508 1816 1506 1775 1475 1774 1474 1774 1473 1774 1454 1783 1390 1778 1388 1778 1387 1778 1359 1792 1316 1794 1284 1784 1282 1784 1281 1784 1253 1789 1170 1781 1169 1781 1117 1790 946 1789 944 1789 943 1789 917 1799 847 1790 846 1790 845 1790 814 1807 774 1797 773 1797 771 1797 770 1797 746 1804 681 1800 679 1800 678 1800 658 1812 360 1812 359 1812 358 1812 331 1819 319 1813 317 1813 316 1813 222 1817 192 1807 191 1807 190 1807 141 1809 142 1845"/></Shape>
            <String CONTENT="und etlich Compagnien zu Pferd, uͤber den Regenfluß 200. zu Pferd,"
                    HPOS="141"
                    VPOS="1774"
                    WIDTH="1367"
                    HEIGHT="105"
                    WC="0.9837931033336755"></String>
          </TextLine>
          <TextLine ID="eSc_line_63b1b75d"
                    TAGREFS="LT33"
                    BASELINE="146 1892 359 1904 558 1901 860 1885 1508 1861" 
                    HPOS="145"
                    VPOS="1821"
                    WIDTH="1363"
                    HEIGHT="104">
            <Shape><Polygon POINTS="146 1916 227 1916 258 1925 259 1925 261 1925 262 1925 287 1914 346 1925 348 1925 407 1923 408 1923 431 1913 447 1920 449 1920 450 1920 684 1908 744 1913 745 1913 746 1913 797 1897 832 1910 833 1910 835 1910 836 1910 888 1897 919 1905 920 1905 922 1905 923 1905 962 1891 1022 1891 1075 1901 1077 1901 1078 1901 1097 1891 1116 1901 1117 1901 1118 1901 1160 1894 1190 1899 1191 1899 1193 1899 1214 1887 1233 1896 1234 1896 1236 1896 1315 1885 1364 1889 1366 1889 1411 1877 1483 1877 1504 1885 1508 1861 1503 1821 1398 1833 1379 1826 1378 1826 1377 1826 1376 1826 1347 1839 1306 1827 1305 1827 1304 1827 1179 1838 1078 1833 1077 1833 1075 1833 1034 1845 996 1836 995 1836 913 1848 884 1841 882 1841 881 1841 790 1857 730 1851 729 1851 727 1851 700 1861 479 1866 459 1857 457 1857 456 1857 383 1870 341 1860 340 1860 339 1860 338 1860 290 1872 252 1862 251 1862 145 1862 146 1892 146 1916"/></Shape>
            <String CONTENT="and ſo viel zu Fuß commandirt worden, die Kayſerliche Wachten zu"
                    HPOS="145"
                    VPOS="1821"
                    WIDTH="1363"
                    HEIGHT="104"
                    WC="0.9883070103824139"></String>
          </TextLine>
          <TextLine ID="eSc_line_e3e02cc1"
                    TAGREFS="LT33"
                    BASELINE="145 1940 223 1952 319 1955 643 1953 876 1937 1142 1929 1506 1904" 
                    HPOS="143"
                    VPOS="1872"
                    WIDTH="1363"
                    HEIGHT="110">
            <Shape><Polygon POINTS="145 1940 145 1974 340 1982 341 1982 343 1982 407 1966 568 1973 570 1973 764 1966 930 1945 1026 1955 1028 1955 1029 1955 1053 1944 1159 1943 1185 1949 1186 1949 1188 1949 1189 1949 1190 1949 1205 1939 1219 1945 1221 1945 1222 1945 1329 1929 1506 1923 1506 1904 1502 1875 1405 1872 1403 1872 1402 1872 1364 1882 1314 1876 1313 1876 1262 1887 1221 1880 1219 1880 1218 1880 1185 1890 1162 1884 1161 1884 1160 1884 1089 1895 1031 1885 1030 1885 1029 1885 1009 1895 959 1884 958 1884 957 1884 919 1896 890 1889 889 1889 888 1889 835 1900 797 1890 795 1890 794 1890 793 1890 729 1910 642 1911 620 1905 619 1905 618 1905 616 1905 597 1914 514 1916 469 1908 467 1908 369 1923 296 1910 295 1910 257 1916 143 1915 145 1940"/></Shape>
            <String CONTENT="Hunrnhigen. Man ſpihlete auf beeden Theilen mit Srucken zuſam⸗"
                    HPOS="143"
                    VPOS="1872"
                    WIDTH="1363"
                    HEIGHT="110"
                    WC="0.9839047078163393"></String>
          </TextLine>
          <TextLine ID="eSc_line_be3f537e"
                    TAGREFS="LT33"
                    BASELINE="871 1992 1024 1986" 
                    HPOS="869"
                    VPOS="1935"
                    WIDTH="155"
                    HEIGHT="87">
            <Shape><Polygon POINTS="944 1935 938 1935 937 1935 935 1935 934 1935 934 1937 933 1937 925 1947 900 1938 899 1938 898 1938 869 1940 871 1992 871 2011 930 2022 932 2022 953 2021 954 2021 956 2021 956 2020 966 2010 1022 2010 1024 1986 1020 1944 953 1935 944 1935"/></Shape>
            <String CONTENT="Sl 2"
                    HPOS="869"
                    VPOS="1935"
                    WIDTH="155"
                    HEIGHT="87"
                    WC="0.9997907727956772"></String>
          </TextLine>
          <TextLine ID="eSc_line_c7397614"
                    TAGREFS="LT33"
                    BASELINE="1397 1955 1504 1958" 
                    HPOS="1396"
                    VPOS="1915"
                    WIDTH="108"
                    HEIGHT="61">
            <Shape><Polygon POINTS="1397 1955 1396 1967 1450 1976 1451 1976 1503 1969 1504 1958 1504 1928 1441 1915 1440 1915 1397 1919 1397 1955"/></Shape>
            <String CONTENT="men⸗"
                    HPOS="1396"
                    VPOS="1915"
                    WIDTH="108"
                    HEIGHT="61"
                    WC="0.9999902844429016"></String>
          </TextLine>
        </TextBlock>
      </PrintSpace>
    </Page>
  </Layout>
</alto>
