1566 2270
627 110 30 41 ur

133 105 85 56 768

688 105 334 72 18 (0) E5g-

257 152 1249 77 Anno 1717. den 13. May wurde gebohren Titl. TIeL. Meri⸗

127 200 1370 85 Therelia Walpurgis, Ertz⸗ Hertzogin in Oeſterreich Caroli VL. Rl

124 256 515 65 miſchen Kapſers Tochter.

261 301 1233 78 Den 2. ſulii 1717. am Feſt Mariaͤ Heimſuchung fruh Morgent

123 354 1367 76 nach z. Uhr ſchluge das Wetter in unſerem Ctoſter an verſchiedene.

123 398 1352 83 Orthen ein, doch (GOTT ſeye unendlichen Danck,) ohne Sch

126 451 109 59 den.

258 498 1223 77 Den 11. Julii 1717. wurde zu Pruͤffling von Titl. Sr. Emt

119 549 1364 75 nence Cardinalen zu Sachſenzeiꝛ ꝛc. ꝛc. Titl. HHerr Godefridus Lans

127 599 1316 79 wert von Simern, als Weyh⸗Biſchoff zu Regenſpurg, und Biſaͤ

119 650 549 63 zu Teutranien conſecriret.

258 696 1141 70 Den 25. Julii am Feſt S. ſacobi Apoſtels, hielte die(

118 744 1331 75 Burg engenfelo ihre ſolenne Proceſlion nach S. Wolfgang allhero

119 791 467 64 unſere Stiffts⸗Kirchen.

257 841 1168 74 Zwiſchen den 7. und 8. Auguſt. nach Mitternacht ware eir

119 891 1335 73 ſchroͤckliches Donner⸗Wetter, ſchluge in den einen Kirchen⸗Thurn.

117 942 1316 70 denen Herren Carthaͤuſern zu Druel, welcher voͤllig ausgebrunnen.

252 991 1165 70 Anno 1778. den 21. Fulii hatten Ihro Eminenz Cardinal

1444 978 33 59 zt

121 1039 1309 72 Sachſenzei, Titl. Menipotentiarius &c. in Nahmen des Kayſers

124 1088 1323 74 Huldigung der Stadr Regenſpurg vorgenommen. Dieſer ſoleni

119 1137 1330 78 Act wurde auf den ſo genannten Loͤwen⸗ Saal zu S. Emmeram v.

117 1182 144 66 zohen.

253 1233 1207 70 Carl Albrecht Chur⸗Printz aus Bayrn ware widerumen beyd

113 1281 1360 74 Armee in Ungarn, da den 21. ulii 1712. zu Paſlarowiz der Friede

121 1331 1318 73 mit dem Tuͤrcken geſchloſſen worden. Vermoͤg dieſes Friedens bet

114 1378 1291 74 te Carolus VI. alle gemachte Eroberungen, und bekame alſo nebl

1441 1412 37 58 n

114 1427 1240 73 nen Erblanden, ein Land in Ungarn von 180. HHungeriſchen

116 1472 1260 82 Der Bayriſche Chur⸗Printz Carl Albrecht verbliebe indeſſen zu⸗

113 1522 549 67 biß im Monath May 1719.

241 1571 1229 74 Den 22. Febdruarii 1719. Abends nach 7. Uhr, am Aſchet

1452 1604 21 54 e

108 1620 1235 73 Mittwoch ſahe man allhier, und an mehrern Orthen, ein

1354 1626 49 65 9.

111 1668 1367 76 Fener, wie ein Kugel, nebſt langen feurigen Schweiff, welebes von

108 1717 1230 77 den Wolcken heraus gegangen, und durch ſchnelle Beweguns

1357 1703 105 75 fortge

1419 1749 61 54 da

107 1766 1250 75 lauffen. Diejenige ſo es geſehen, worunter ich auch einer ware

105 1816 1363 70 ich in meiner Zellen vor den Fenſter ſtunde,) vermeynten ſelbes mutt

104 1865 1252 87 zwiſchen Regenſpurg und Pruͤffling gefalen, und verſchwunden

1360 1858 94 76 ſeyn.

1385 1942 97 71 Den
