1959 2500
19 329 139 64 machtt⸗

43 384 105 61 ſende⸗

26 434 126 57 oannes,

37 476 110 67 erkuͤſtt

91 534 54 59 et⸗

90 588 51 49 n,

61 726 77 75 ehal

120 781 20 59 g

116 827 20 61 r

88 933 41 55 ch

106 1040 23 48 ,

87 1176 40 67 eß

81 1281 49 64 oul

61 1336 64 57 Ia

26 1384 76 74 n u

758 281 33 62 ur

821 277 328 82 18 (00 Eb8-

1581 295 69 57 819

255 327 1401 86 ſchirckten ſie ihre Bottſchafft in Boͤhm zu Koͤnig rvenceslao, deme ſie

263 384 1391 78 chonderheit geſchworen, zu erkundigen, wie ſie ſich verhalten ſollen.

259 434 1399 77 Er antwortete: Um ein Wagen guten Bacheracher⸗Wein woll er ſie

257 469 87 67 chrer

361 486 1290 79 Pflicht entlaſſen. Alſo empfiengen ſie den Koͤnig Rupert mit Eh⸗

257 534 1189 78 an, und vergnuͤgten Koͤnig Wennl mit einem guten Wemn.

375 587 1281 85 Das ander Jahr als Anno 1201. kam Koͤnig Rupert auf Re⸗

252 634 894 78 Eenſpurg, und wurde ſolenniter empfangen.

372 690 1288 73 Anno 1202. hat er ein Zug in Welſchland gethan wider Galea-

258 723 89 64 zium

255 769 74 69 und

361 740 1290 75 zu Mayland. Allweilen ihn aber der Ertz⸗Biſchoff von Coͤlln,

341 793 1312 75 Leopoldus aus Oeſterreich verlaſſen, der Pabſt Bonitacius auch

259 813 50 71 nit

332 843 1321 75 ſeiffen koͤnnen; iſt er ohne Nutzen wid er in Teutſchland kommen,

261 873 59 60 mnd

339 893 1314 88 at den Aufſtand der Rebelliſchen Muͤnchner wider ihren ordent⸗

269 933 493 87 ſchen Fuͤrſten nidergelegt.

259 1040 1397 80 er dem Stadt⸗Cammerer Heinrich FIorhbafften. Ftem in dieſem

375 997 1281 72 Anno 1g02. ward wider ein ſtattlich FTurnier allhie gehalten un⸗

262 1091 1388 75 Kahr iſt der Stadt⸗Graben, vom Weyh St. Peter biß zum Jaco⸗

259 1126 54 64 der

345 1143 1309 90 Chor gar ausgemacht, und die Sradt⸗Maur mit Ziegel bedeckt

263 1175 148 77 vorden.

258 1272 68 71 er⸗

370 1247 1283 76 Anno 1203. theilten die Fuͤrſten von Bayrn das Ober⸗ und Un⸗

333 1294 1320 82 Land: aber zeder Theil wolte HHerr uber Muͤnchen ſeyn. Doch

272 1345 1382 80 gurde letztlich Hertzog Ernſten und Hertzog Wilhelmen die Stade

266 1393 1387 80 ſtunchen. Hertog Stephan und ſeinen Sohn Ludwig wurd Lands⸗

262 1438 1388 96 at, und gans Unter⸗Land Bayrn, mit dem Beding, daß ſie jaͤhrlich

270 1491 699 71 em von Muͤnchen reichen 22 00. fl.

368 1544 1283 93 Anno 1102. heelt Biſchoff Joonnes ein Synodum allhie, und

261 1586 603 76 et emn das Feſt S. Eliladerhe.

368 1643 1283 91 Anno 1209. gieng die Wahl eines Biſchoffs allhie einig und

259 1691 1392 93 ſcheinig tort, und nel auf Alberrum Hl. von Stautt, Thumb⸗Herrn

261 1720 40 66 in

334 1751 1312 78 scholantern. Erhielte die Contirmation vom PPabſt Alerandro V.

257 1769 38 61 n

313 1800 1336 80 oͤncilio Pilano gar bald. Er war ein feiner beſcheidener demuͤthi⸗

255 1823 54 54 ger

333 1847 1317 84 perr, und ein guter ⸗Hauß⸗Mann. Loͤſete unterſchiedliche Guͤter

259 1893 1392 87 older zu demn Biſtumb, die ſein Vorfahrer veralienirt haͤtten, princi⸗

255 1940 1396 94 PAliter das Schloß Henſeck, Dechlarn, und Hobenburg in Nord⸗

255 1970 82 68 Zau.

382 1997 1265 86 Er bauete den Thumb⸗Creutzgang, retormirte ſeine Geiſtliche⸗

266 2018 46 65 ie

323 2048 1327 81 ut wolten in Chor gehen. Er ſtellete ihnen einen gelehrten Prie⸗

257 2065 66 66 ſter

336 2098 1313 86 comradum von Hudesheimd, der ihnen in der Biſchoͤnuchen Reli-

261 2127 692 104 ten das Jos Canonicum prokirirte.

858 2213 121 64 & r,

1531 2205 118 89 Nach

55 1486 63 66 aus

95 1680 17 63 ,

90 1741 19 52 ,

16 1840 77 69 zat

47 1879 68 71 ich

58 1976 55 64 zſe.

52 2027 60 63 D

41 2081 74 67 dent
