1978 2545
833 237 402 74 25 (0) Los-

322 288 1418 78 mini guidem habere juſtam materiam, ita ur merito pureris de Aleman-

324 346 1417 62 norum vobis lztitia ſir dolendum, conſiderantes tamen & Dei omni-

325 400 1411 67 porentis & invicti Martvris lui volunratem, quem ablatum plangitis,

322 449 1416 69 conſolationis tandem admirtire placamentum: penlanres arrenriuͤs,

325 499 1416 70 guod nec vobis torus ablatus eſt, quippe gni chariflimos predicatio-

321 550 1417 67 nis ſur & Paſlionis conſortes Ruſticum & Fleutberium in diledtionis

322 599 1416 66 adhuc & tutelæ pignus & rei certirudinem dereliquit. Nec dolete,

321 651 1419 70 ſi Germanos jam vilirare dignarus eſt vel defundtus, qui vobis adhuc

324 705 1414 66 rivus predicavir, & apod vos donum certamen certarit, curlum con-

321 755 1417 66 ſummando, fidem ſervando, triumphum peregit virtuoſiſlime pal-

324 804 1416 64 ſionis, Apoſtolatſis lui ſoper vos ſigna tam in vira verſiciens quam

322 858 1418 65 in morte. Cur igitur Alemaniam iplius olla lovere non permirratis

321 906 1417 66 in ſolatium & tutclam: quem vobis Arhenæ, ut Chriſto lucrifacerer,

324 958 1412 64 vivum recipere, audire, & cœlo transmittere permilerunt. Acce-

319 1008 1417 60 det nihilominus conſolationis & alia ratio, audoritas ſcilicet & e--

321 1059 1417 65 cellentia ſubtractoris. Pretiolum vos quidem thelaurum perdidiſle

319 1111 1415 68 fatemur ſed ablatoris atrendite dignitatem: ſimuͤlque Patris & Apo-

318 1160 1419 70 ſtoli veſtri glorir congaudete, qui cuͤm vos meritorum arque doctri-

319 1214 1419 66 næ ſuæ gara ditarit, reliquiarum luarum laltem ac ollium prztioſi-

319 1271 1418 56 tate locupletarer Theutonicas Aporhecas: ram devorum ſui corpo-

318 1312 1418 69 ris turem haduir quiͤm inlignem; auro utique arque topario melio-

319 1361 1418 74 rem; qui lui valore ad olla Sandtillima lubrrahenda cœlareum eriam

318 1413 1418 67 verticem inclinarir: Nec majeſtas Imperialis, nec Regia Celſirudo,

318 1461 1416 71 vii faris hic noram aut nomen erubuit in Arnulobo, dummodo B.

318 1517 1416 63 corvoris ernviis vel doli vel kurri vel lacrilegii modo ſacrari arque

315 1568 1418 60 diteſcere mercretur: & qui fures arque ſacrilegos ſolirus erat con-

315 1614 1419 61 demnare: dummodo Macarii Diony lii pretioſo corpore ſruererur,

316 1664 1412 66 Fur iple hie fieri & ſacrilegus non conremplir. Cujus inlaper Eides

315 1710 1413 70 & devotio dubium etiam omne ver hoc venirus ampurarir: quod

314 1761 1412 71 non in ipla Roma, non in quacunque merropolt, non in urbe qua-

314 1814 1412 69 Liber Regni, vel arce ſibi ſtudebat eligere leputruram, ſed ubi luun

316 1863 1407 72 le Diony lium condidiile & ſcivir & lœtabarur ſuo ſe ſperans parro-

318 1915 1406 70 cinio deſendendum, & reluſcitandum in die noviltimo cum Beatis

316 1965 1405 69 prœlenribos. Igitur dilectionem veſtram monemus artenriaͤs s hor-

315 2019 1404 66 ramur in domino; diſtrictè quoque precipientes qnatenus BB. Ru-

314 2065 1409 69 ſtico & Elentberio pie contenti non lallentes vosmer iplos & alio⸗

315 2113 1405 91 Beatifſimi Diony ki olla in urde Rarisdona apud Eccleliam S. Emme,

1620 2161 103 67 rami

1891 315 84 49 ram

1891 350 82 69 Rari

1891 405 82 57 laril

1893 456 75 61 OG

1895 550 77 69 iaͤhr

1894 607 76 70 und

1894 664 76 57 bari

1895 712 73 64 auf

1897 753 69 65 ſot

1914 837 27 35 -

1898 906 51 68 die

1895 961 77 64 mal

1900 1006 66 69 geg

1898 1061 64 61 ſolt

1904 1109 49 63 O

1893 1155 76 59 des

1891 1214 81 58 ann

1891 1259 41 57 p.

1888 1312 82 65 den

1891 1371 79 57 tuch

1890 1416 82 54 And

1888 1467 80 57 gen

1893 1511 75 61 Cle

1895 1552 77 65 Tib

1890 1601 55 71 to

1890 1661 79 58 chie

1893 1703 75 61 tian

1887 1751 82 70 Bei

1893 1801 59 72 Oe

1893 1864 55 48 de

1887 1901 85 81 ſrau
