1940 2440
393 195 80 63 126

955 200 326 65 2Z (0)2?

459 245 1316 85 dauere; mofen ſchon bor der Andacht z der ſchoͤnen Maria arhiet er

1846 315 77 44 At d.

458 302 1312 73 dieſem Orch (welche nach Austreibung deren Fuden zu Regenſpurg Anns

1850 338 75 60 unge

462 345 1303 79 1519. ſich angeſangen,) viele Chriſten mit Bedacht verſchiedene Wahlſal

460 391 1306 78 then an nnterſchieduchen Orthen verrichtet, Gold und Silber daſelbſten geopl

1847 389 86 63 In di

1850 435 62 57 ꝛena

459 440 1292 80 feret, ſolches auch noch bißhero thuen. 2. do Maͤſſen diejenige, ſo ohne B

1854 479 52 60 uch

458 489 1305 80 dacht getrieben worden, von einem noch ſtaͤrckeren Zauberer verhot

1899 530 16 62 d

459 538 1303 84 ſeyn worden, weilen ſe ohne Bedacht, gleichlam auſſer ſich, an ſend

1853 565 49 61 Lai

460 591 1246 77 Orth gelaufſen, an welches die andere mit Bedacht gegangen, doch

1855 607 76 66 es m

459 635 484 61 und Silber geryfſeret haben.

1846 649 68 62 lizer

431 673 1327 80 Ich werde alſo nit unvernaͤnffuig urtheilen, wann ich ſage, daß Hagerivs ud

1850 692 68 61 druck

454 726 1289 75 denen Worten: (als waͤren die Leurh berraͤumer, oder bezaͤube.

1857 732 28 61 .

458 774 1252 73 geweſen) nichts anders verſiehe, als was die gemeine Redens⸗ortt

1846 787 50 54 aen

456 817 1287 74 ſich bringet, wann die Leuth in vollem Eyiſer⸗ und aus hitziger Nen⸗Begel

1847 822 53 64 tein

456 859 1245 69 auch Fuͤrwitz zu einer Begebenheit zuſammen lauffen, eines dem andern,

1855 868 55 67 8eg

465 905 1248 71 es geſchehen erzehlet, nnd die Brgierd rtwas zu ſehen bey ſolchen anfri

458 954 1240 73 Alsdann ſaget man: Die Leuch thun, als waͤren ſie bezaubert,

1849 951 51 57 an

1860 996 59 64 eſer

454 1001 1246 75 waͤren fie von Sinnen kommen. Es ſolget nit darans, daß das

1849 1039 73 65 rrey

460 1050 1240 71 nnd Ende, wohin das Abſehen ſolcher Leuthe gehet, unznlaͤßig oder unver.

1846 1084 75 66 ꝛ ge

454 1091 1254 73 tig. waͤre, ſondern die Art und Weiſe, mit welcher ſie ihr Vorhaben au

456 1135 1234 70 ren, und zu ihren Abſehen gelangen wollen, iſt mt altzeit wohl angeot

1850 1129 52 72 ey

458 1176 1244 69 und mit vernunfftigen Wohliſtand begleitet. Die Begierd zur Neuiakeit,

1853 1177 32 63 e

456 1217 1231 72 Einfalt, der Laͤrmen unter den Poͤvel, erwecket gar offt ſolche Bewegu

1849 1226 82 69 Ma-

455 1262 1208 70 die zwar ein gutes Abſehen haben, aber die Weiß, mit welche man zu

1850 1276 72 64 Eutr

1710 1297 26 50 ri

458 1302 1210 75 Abſchen zu kommen trachtet, iſt ont unbeſchriden. GOrt aber ſihet das

1851 1318 65 64 oͤdue

452 1347 1238 72 welches der Urſprung iſt der Begierd. Die Begierd iſt heilig. Die Wet

1849 1367 82 61 rſtert

454 1392 1185 74 Manier, die Begierd zu erfuͤllen, iſt nit allzeit der Vernuniſt gemaͤt.

1849 1407 85 63 Kllei

450 1440 1198 64 ro ſolche unuͤberlegte, uͤbercilte Handlungs⸗Art dem guten Abſehen und

1850 1451 72 65 luge

450 1474 1243 76 cten nit ſchaden kan, wann nichts ſuͤndhafftes mit unterlauffet. Daß Hat

1846 1496 69 64 acht

450 1516 1213 79 aiſo zu verſtehen ſeye, iſt ans denen andern Worten abzunehmen, da ci

1853 1538 62 60 est

450 1562 1229 82 daß andere mit Bedacht ihre Andacht verrichter haben; nemlich ohne

1843 1576 73 65 pabe

452 1611 1235 80 mnult, mit beſonderer Ehrenbietigkeit, ohne ungereimtes Weſen, n

1850 1636 62 54 eder

454 1661 1220 70 bey den gemeinrn Poͤvel ſich offt ereignet. Im uͤbrigen finde ich in alle

1847 1671 72 64 Dun

446 1705 1203 70 chen, wvas von dem wahlfahrtenden und zulauffenden Volck bey duſe,

1847 1713 64 56 vird

1846 1755 58 58 duit

452 1752 1219 76 farth huer erze hlet worden, keine Verzauberung. Die Herren Gla

448 1808 1186 70 Gegner werden auch in Ewigkeit nit zuwegen bringen, daß man die

1847 1801 83 71 Auge

448 1847 1241 77 rung deren Heiligen, und dero Bildnuſſen, die Andact,

1849 1859 67 59 in ſr

450 1899 1239 74 und Anruffung deren mit GOrt im Himmel lebenden Aaserwaͤhlten v.

1845 1897 71 59 gelis

1709 1939 49 27 ⸗

1845 1939 77 64 Die

451 1946 1254 75 Sauberey holte. Daß etmge Mißbraͤuch dardey einſchleichen kaͤnnen,

448 1989 1185 74 wahr, dahero die Kirchen die Sora darvon ſchon gemacht, und alle M

1851 1984 63 72 die,

451 2034 1235 119 Eet ietM- En rveNieR Mmunt2,

1850 2041 65 72 wir

1687 2088 53 71 Hie
