1566 2270
52 146 93 59 608

642 132 55 72 2

735 134 85 66 0,

58 186 1383 71 Herꝛn Brudern, und zwiſchen Titl. Titl. Mariam Annam Ertz⸗.Hertzo⸗

58 235 1385 75 gin in Oeſterreich, Caroli VL. Roͤmiſchen Kayſers Hoͤchſt⸗ ſeeliger Ge⸗

55 292 1246 66 daͤchtnuß, zweyten hinterlaſſenen Ertz⸗HHertzogin und Tochter.

190 337 1253 67 Anno 1722. den 22. Jenner wurde von dem Hochwuͤrdiger

52 383 1389 72 Domb⸗ Capitel zu Luͤrtich der Durchlaͤuchtigiſte Fuͤrſt ſoannes Theo

54 436 1378 69 Horus Hertzog in Bayrn ꝛc. Biſchoff zu Freyfing und Regenſpurg,s

55 485 755 63 einen Biſchoff in Lurtich erwaͤhlet.

201 530 1229 71 Indeme noch viele heilige Reliquien, ſo in unſeren GOttes

56 581 1383 67 Haus aufbehalten, und verehret worden, uͤbrig waren, welche zul

59 631 1379 67 Ehre GOttes einer groͤſſeren Zierde bedarfften, als ſeynd dieſes Jahi

54 682 1382 68 viele derſelben theils in gantz ſilberne Behaltnufſen eingeſchloſſen, theil

56 732 857 63 mit Gold und Perlen ausgezieret worden.

190 776 1256 66 Im Monath Jenner und Februario wurde einige Wochen nach

56 826 1383 69 einander allhier in Regenſpurg zwiſchen ſieben und acht Uhr Abendt

58 880 1378 64 ein Comet geſehen, welcher auch an anderen Orthen obſerviret wor

59 926 97 66 den.

191 963 1253 68 Anno T7AA. hielten die Herren Lutheraner allhier die Oſtern un

60 1021 1381 64 8. Fag fruher, als die Catholiſche. Die Herren Regenſpurger ce

58 1071 1386 64 lebrirten den heiligen Oſter⸗Tag am 29. Mertz. Die HHerren Calvi-

56 1119 1390 65 niſten, ſo allhier ſich aufhielten, begiengen das Oſter⸗Feſt mit denen

58 1170 1389 60 Catholiſchen. Die Catholiſche Innwohner der Stadt daͤrſften inner

55 1218 960 60 dem Burgfrieden auf dem Felo nichts arbeiten.

193 1266 1251 65 Den 25. Maij am Pfingſt⸗Montag gienge die loͤbliche Stad.

56 1316 1387 57 Burglengenfeld mehrmalen in einer offentlichen ſolennen Proceſſion zu

59 1364 963 57 der Grabſtatt S. Molfgangi nach S. Emmeram.

196 1416 1250 60 Im Monath Julio 1722. wurde die Abbtey zu S. Emmeram zu

60 1462 1388 66 bauen angefangen, nebſt dem, gegen Mittag, oberhalb denen Kellern⸗

61 1510 1330 66 anjetzo ſtehenden Gebaͤn. Anno 1726. iſt ſelbes vollendet worden⸗

194 1556 1247 67 Den 7. Septembris 1722. ſtarbe zu Moͤskirchen Titl. Titl. Fri

63 1604 1285 65 dericus Carolus Fuͤrſt zu Fuͤrſtenberg, der Letzte dieſes Branche.

209 1653 1230 67 In eben dieſen Fahr den 16. Decembris verſchiede zu Bruͤffe

68 1702 1379 67 Tit. Titl. Maria Anna Ertz⸗⸗Hertzogin von Oeſterreich, Titl. Titl⸗

65 1751 1381 67 Caroli HHertzogens in Lothringen, Gouverneurs in denen Niderlan⸗

64 1803 1293 63 den, Gemahlin. Sie ware gebohren den 22. Septembris 1718.

195 1847 1252 66 Anno 1725. den 20. Jenner ſtarbe zu Munchen Carotus VI.

61 1895 1388 69 Roͤmiſcher Kanſer, nachdem er gelebt 27. Jahr. Das Kayſerthum

63 1948 1386 78 regieret drey Jahr- Masimlianus oleghus ein Gohn des verſtor⸗

1318 1996 130 54 benen⸗
