1985 2492
23 299 104 60 redigt

41 351 76 61 eilig

31 397 93 61 dann

47 448 61 64 Ehͤt

34 503 86 63 der⸗

56 553 20 61 e

34 598 79 73 haͤtl.

58 656 30 52 9

766 263 30 48 n.

818 260 338 68 2 (O) Eag--

1568 260 77 70 362

252 304 1392 79 let. Die von ſeinem Bruder erlittene unbild denen Fuͤrſten und Staͤn⸗

253 365 1388 65 den vorgetragen, und mit deren Rath Albertum in die Aacht erklaͤret,

252 412 1340 69 dieſer ſuchte Hulff dey dem Pabſt Pio U. wurde aber nicht gehoͤret.

372 462 1269 71 Nach Hertzog ſoannis in Bayrn, Alberri Pii Sohns Chriſtli⸗

250 512 1390 69 chen Ableiben, relolvirte ſich der mit⸗ regierende Hertzog Sigmund

250 560 1394 69 ſein Bruder, die Beherrſchung des Lands auch aufzugeben, und ſeinen

254 611 1390 70 Naͤchſten Bruder Aiberto Sapienti zu uͤberlaſſen. Hertzog Chriſtoph

254 664 1388 65 ler vierdte Cohn vermeinte, er ſolle ſamt ſeinen Bruder Aiderto das

253 711 1394 68 tand adminiſtriren, das wollte aber Aldertus nicht zugeben. Die

254 760 1387 72 Hach kame vor die Land⸗Staͤnd, der mehrere Theil ſtunde pro Alberto.

256 812 1386 71 ſicht weniger Hertzog Ludvvig von Landehut, da er Schiedmann ſeyn

249 862 1393 72 ſollte. Den HHertzog Chriſtoph hetzeten die ſchon von der Hußitiſchen Sect

252 901 38 58 9

285 916 1355 58 geflammte Herren von Degenberg undNnsberg wider den HHerzogAlb⸗

254 963 1390 68 echt, dieſer bekame von dem gefaͤhrlichen Vorhaben Nachricht, verfolgte

252 1013 1386 66 deich beede Anhetzer, ſetzte den Hertzog Chriſtoph in ein reputierli-

260 1061 1381 68 he Behaltung, welcher Procels dem juͤngſten Bruder Wolfgango der⸗

253 1103 43 55 n⸗

307 1111 1333 68 ſen zu HHertzen gienge (foͤrchtend man daͤrffte mit ihme auch ſolcher Ge⸗

256 1158 1382 71 ſtalt verfahren) daß er nicht unterlaſſen von denen allhie verſammle⸗

250 1196 61 62 ten

318 1211 1326 70 Kayſer, Chur⸗Fuͤrſten, und Staͤnden aufs beweglichiſt ſeinen

250 1248 53 58 der

315 1258 1325 75 rreſtirten Bruders Unheyl zu entwerffen, mit ſolchem Nachdruck,

254 1306 1390 75 aß der Schluß ergienge eine Geſandſchafft zu Alberto zu ſchicken,

252 1356 1392 72 Im Chriſtophorum ledig zu laſſen. Albertus verantwortete ſich nicht

253 1402 1387 72 nein gegen denen erſten und nachfolgenden Abgeſandten, ſonder in

253 1449 1385 79 em Cloſter Pruͤffening naͤchſt Regenſpurg, bey dem Kayſer ſelbſten

254 1499 1386 79 ermaſſen, daß ihme nemand unrecht geden kunte, doch wurde end⸗

254 1547 1388 83 ich dieſer Handel allhie anch durch die geſamte Fuͤrſten von dem

252 1601 1389 81 Haus Bayrn verglichen, und Hertzog Chriſtoph der Gefaͤngnuß ent⸗

261 1654 1380 76 aſſen. Ich finde in meinem Archiro in dieſem 1272. Jahr, Gonn⸗

260 1705 1375 78 as vor Magdalenaͤ einen Vergleich oder Verbundnuß zwiſchen Ua-

250 1736 108 74 Aslac

365 1762 1275 66 Koͤnig in Boͤhm, und Alberto HHertzog in Bayrn ꝛc. wie es in

249 1781 82 75 aller

351 1808 1289 70 ſich ereigneten Stritt⸗Sachen ſolle gehalten werden, und die

245 1851 759 76 Surliche Beylegung zu Eger geſchehen.

368 1904 1272 77 Anno 1262. grallirte ein Sterb allhie, daran in z. viertel

249 1949 1391 80 Jahren 250. Perſohnen geſtorden. In unſerm Convent ſeynd in ei⸗

249 2004 1392 75 ier Monaths⸗ Friſt 16. Religioſen aufgangen; nachdem aber der re⸗

250 2053 1388 73 gerende Abbt Conrad, als ein ſorgfaͤltiger Vorſteher mit dem hber⸗

252 2100 1382 94 ndenen Convent ein Gelubd gethan, das Feſt danei Sebaltians kunf⸗

894 2165 117 76 292

1570 2166 64 76 nis

45 850 60 58 Re

38 899 64 67 ers

58 948 40 55 ꝛu

54 992 47 64 poi

41 1096 61 60 zon-

49 1539 52 54 hol

62 2111 23 66 1
