1978 2545
867 227 404 69 .AZ (0) Etga

357 271 1431 89 cher Einſprechung wieder ausgegraben, zu der Fſer gefuͤhrt, und in ein

365 335 1423 77 Schiff gelegt worden; alsdann er ohne menſchliche Huͤlf nicht allein

363 387 1419 75 die Donau erreicht, ſonder in derſelben in den Strom ſo ſchnell auf

363 436 1422 75 Regenſpurg zugeſchiffet, als wann ausgeſpannte Segel, und gluͤckli⸗

360 486 1429 78 che Wind denſelben fortfuͤhreten, dabey ſich zu verwundern, daß die

360 537 1422 75 nach Chriſtlichen Gebrauch ausgeſteckt⸗ und angezuͤndte Kertzen durch

363 592 1426 73 keinen Wind abgeloſchen, ſonder als wie in einer Kammer vor allen

365 639 1423 70 Wind ſicher brennten, zu einen Anzeigen, daß auch den heiligen Mar⸗

363 692 1425 75 tyrer kein Wind der Verfolgung, weder Peyn oder Marter von der

362 743 1426 69 Liebe GOttes bringen konnte. An denſelben Ort, allwo der heilige.

362 793 1423 77 Emmeram auf die Iſer gelegt worden, iſt zu deſſen Ehren ein Kirch⸗

360 844 1419 89 lein erbauet, unterhald Uuͤnchen, jenſeyts der ſer bey Daͤring, ſo

359 892 713 80 noch zu ſehen, und vencriret wird.

408 1375 1376 68 Voͤring: oder Foͤhring. An diſem Ort wird der hellige Enmeramur noch betaͤndts von

432 1425 1346 53 denen frommen Wallfahrtern verehret. Es kommen auch gantze Dorfs⸗ Gemeinden alle

435 1459 1342 55 Jahr von alten Zeiten Procehions⸗wes zu diſen H. Blut⸗Zeugen an dis Drrh, ihne zu verehren rund

435 1497 1342 52 GOET in ihme zu loben. Die Knrchen auda iſt Auͤno 1-ꝛ9. mehrmalen erweterer, und

434 1531 1345 52 mit groſſer Zierce durch die Kunſtreiche Herrn Alam herꝛlich gemacht worden. Die Untoſten

431 1566 1347 55 ader ſeynd von Tit. Herm ſoſeps Nocker, Handels⸗Hermn in Muͤnchen ſeel. und ſemer Haus⸗

431 1604 1361 58 Frau, Tirl Maria Catbarina Sc. aus beſonderem Eyffer und Andacht gegen den ſeiſigen

432 1644 1352 51 Emmeram bezahlet, und noch darzu ein Beneſicium vor einen Eremiten⸗Prieſter zu Leſuna s.

432 1682 1342 55 heiliger Meſſen alle Wochenzalida geſtifftet worden. An diſen Ort iſt auch das Novitiat der Frer⸗

434 1719 1343 49 ſingernchen Eremiten⸗Congregarion, nebn altſaͤhruchen Capirulo derſelben angerronet worden⸗

435 1758 1340 50 Seine Durchlauchtigiſte Eminenz, Tirl Tirl Theodorus, Cardinal, Biſchosf zu Freyling ꝛe-

434 1799 1337 43 Dertzog in Bayrn ꝛc. gerueheten Anno 1712. den 15. Julil in eigner hoͤchſter Perſohn diſes neue

431 1828 1346 52 Gotts⸗Haus, Pontikicaliter emnzuwerhen, und mittels eines gnadigiſten Decrers verſchedene or⸗

431 1867 1341 50 ſentliche Andachten allda auf ewige Zeten anzuordnen. Es i auch duuuch allhier zu melden, wie

437 1903 1340 52 Tirl Tirl Weyland, Churfuͤrſt und Hertzog in Bayrn, Marimilianus Emmanvel mittels

432 1942 1339 51 eines gemachten Tundations⸗Brieff ſelbſten detennet, daß er in ſeinen zweymaligen vorarnomme⸗

431 1975 1339 51 nen Ungariſchen Feld⸗Zuͤgen) zweymal von einen gefaͤhrlichen Fueber uͤderkallen woͤrz⸗., 1Uer aber

432 2017 1340 48 ſich nach S. Emmeram verlodet, durch deſſen Vorditt wieder die Geſundheit erlanger habe. Da⸗

430 2048 1340 54 hers derſelbe eine Fundation per 200. Gold⸗Gulden zu dieſen Kirchlein gemacht, Sannt der Ere-

428 2082 1340 55 mir fleibige Obſorg dieſes Orts tragen ſote. Es iſt mir vor etuch Wochen die ſicherr Rachriche

428 2122 1336 56 errheiler worden, das dir Andacht an dieſen Ort immer anwachſe/ und die Hoͤchſte Durchlauchsi⸗

430 2153 1083 78 giſtt Perſohnen ſeuſen den haligen Enmeramumn an Neſen rtd ont verehrmn,

1614 1047 151 119 CA-
