1935 2499
902 216 394 65 -823 (O) 22g-.

383 216 104 56 226

383 267 1395 74 Anno 1029. hielte der Kayſer allhie einen gewaltigen Reichs⸗Tas,

384 316 1023 71 in welchen Bruno, Biſchoff zu Augſpurg geſtorben.

511 369 1269 71 Alihie kan man nicht umgehen zu beſchreiben, was ſich wegen

381 419 1394 73 unſers heiligen Emmerami, gar zu Conſtantinopel zugetragen. Naͤchſt er

383 469 1395 72 nannter Kayſer Conrad verlangte Romani, des Griechiſchen Kanſere

386 522 1386 68 Tochter, ſeinem Sohn zu einer Gemahlin. Schickte derentwegen Anni

383 576 1389 65 1025 um ſolche zu werben, lernerum, oder Vernbarium, gebohrnen HHer

383 623 1395 71 tzog aus Lothringen, Biſchoffen zu Straßiburg, und Mangoldum von

384 670 1387 74 TVerrh, Grafen von Rbuͤburg, einen Herꝛn von groſſen Reichthum, und

383 724 1388 68 unvergleichlichen Qualitaͤten. Dahero er nach Ankunfft zu Conſtantino

381 770 1391 76 pel bey jedermann, ſonderlich bey dem Kayſer ſehr ſich beliebt koͤnnet

379 826 1390 66 machen; und gewann bey Romano ſo viel Affedtion, daß ihme erlaub

380 873 1388 72 wurde eine groſſe Gnad zu begehren. Mangold ſahe zum oͤfftern eil

377 920 1381 75 koſtbahre Taffel, welcher der Kayſer jederzeit Reverenz machte; os

380 971 1384 75 dachte wohl, es waͤre ein Geiſtlicher Schatz, der allen Zeitlichen vorzu

376 1027 1390 71 ziehen ſeye. Verſichert ſich bishero der Zuſag, was er begehren wer

377 1075 1391 73 de, und begehrt die erſt angedeute Taffel. Der Kayſer erſchrack

376 1128 1382 70 und weils ein Koͤnigliches Kleynod, und denen Kayſern reſpectiveb

376 1173 1388 76 dei commils- weis zu verwahren geben, verſagt er die Bitt. Gra

377 1225 1384 73 Mangold beredt ihn aber ſo weit, daß er die Taffel ( darinn von den

375 1273 1386 73 heiligen Creutz Chriſti ein groſſer Particul war) ihm verehrte, dod

377 1323 1396 73 ſolle er ſehen, wie ers aus dem Land bringe. Graf Mangolad voll der

379 1375 1358 74 Freuden, verſichert dieſelbe in einer Kuͤſten zwiſchen dem doppelt ge

377 1429 1382 71 genen Boden, und ſchickts nach HHaus. Romanus der Kayſer, wei

373 1479 1292 71 er ſich beraubt des Heyls des Lebens, iſt in wenig Tag ein

1679 1468 78 73 Leic

377 1528 1334 72 worden. Bey Einſetzung deſſen Succeſſoris manglete man das gr

372 1584 1286 62 Kleinod der Taffel mit dem heiligen Creutz. Mangold kam in

375 1627 1333 72 dacht, alldieweilen man aber weder unter ſeinen Nobilien, nod

373 1679 1313 71 Nachſetzen bey denen abgefahrnen, und erwiſchten Dienern was

1698 1725 56 60 on

373 1728 1298 72 den kunte, iſt Mangold, wie zuvor deliebt, und geehrt worden,

379 1779 1287 73 derbahr, weil der neue Kayſer ſein Schweſter anſtatt des Romani

372 1832 1385 70 ter gern promoriret haͤtte. Graf Mangold nams ad rekerendum, wiͤ

373 1878 1302 78 allein ſorgfaͤltig, wie er den koſtbahren Schatz ſicher in das Reich,

1687 1867 71 68 unl

1693 1925 51 54 ri

372 1928 1303 78 in ſein Land braͤchte. Es wurd ihme hierauf in einen Geſicht zuge

375 1979 1379 74 chen: Mangola wilt du mit gluͤcklichen Eylen wieder kommen in dei

376 2029 1336 72 Vatterland, ſo gelobe GOtt, in dem Dorf in deiner Gegend,

377 2076 1376 96 wan WVenbdig nenat, in der Ehr S. Hammeramo der her

1655 2119 96 74 Mar
