1935 2499
373 216 95 65 276

970 223 57 72 8

1037 227 235 70 (O) E-

1830 305 93 60 Zantz

1841 344 87 69 ſeein:

744 333 679 141 CAPUT XLI

1841 391 52 64 e,

1859 445 27 67 ſ

476 495 1277 100 Nno 1129. wurde zu einem Abbt unſers Cloſters erwaͤhlet Es

375 571 95 62 I A

494 556 1261 89 geltridus, (der 18te) regieret 12. Jahr, 2. Monath, 1r. Tas

1844 544 75 65 orng

497 608 1251 87 Dieſer Abbt hat zu Erweiterung des Cloſters Prunfening ei

1846 591 76 72 Dra

365 651 1382 93 Acker hergelaſſen, und einen anderen zu Dechberten darfuͤr empfan

1844 645 72 68 Clof

366 706 1382 89 gen, (a) dazumahl war unſers Cloſters Advocat Ulrich von volffen

1846 696 73 66 nele

363 753 1380 92 ſtein. Bertholdus von Admont, der 19te Abbt, regierte unſer Elt

1846 741 57 71 Ne

368 806 1378 90 ſter 6. Jahr, z. Monath, 19. Taͤg, ſtarb Anno 1r29. (S) Ihn

1854 796 29 68 9

359 851 1387 98 ſuccediret in der Regierung der ſeelige Abbt Adaldertus, der iſt (al

356 901 1385 98 der 2oſte Abbt) dem Cloſter nutzlich vorgeſtanden 27. Fahr, 16. M⸗

351 957 1396 93 nath, und 5. Taͤg. (c) HHat ſein Ruhe⸗ Beth in den Creutz⸗Gallt

350 1007 1097 92 bey ſeiner Bildnuß, allda liſet mun folgende Schrifft;

629 1103 826 89 Horuit bie ſignis Abbas Adalbertus opimis,

622 1160 822 86 Mius precibus FEſu Rer parce Redemptis.

477 1245 1267 91 Dieſer liebe Praͤlat erfuhre zwo Brunſten in ſeinem Cloſter⸗

344 1296 1392 95 deren eine Anno 1162. ein Theil des Cloſters, die andere Anno 1r6

1653 1363 93 73 gane

391 1499 839 68 2) In Fontilegio Sacro ſu Hiſtoria Pruͤfting. pag. Fo.

376 1529 1327 84 (H) Nachdeme Henrieus der Piſchoff mt Engeltrido'Addten, und denen Moͤnchen zu S. Eni

411 1572 1282 78 ram, wie hernach erzehlet wird/ fo uͤbel umgangen/ hat Bertholdus Abbt, von Lucio H.

408 1606 1318 82 miſchen Payſten mehrmnahlen Anno 1118. die Defrepung des Coſters S. Emmerami erlaug⸗

405 1649 1318 76 welches aber Henricus der Diſchoff nicht geachtet, ſondern, verſchiedene Bullas, und Miplon

405 1684 1273 81 ra, welche die Freyheit des Cloſters deſtattigten, demſelben entzohen, theils vernichtet, un

1696 1689 32 54 el

401 1729 1296 74 brennet, die dleyene Monumenta, ſo er in den Grab des verſtordenen Bertboldi gefundenl

405 1768 1292 72 ſchmottzen, und uͤbel gehauſet. Von dieſen ſchreudet Hundius in Metropol. Salisd. paris

398 1806 1325 77 tol. 197. Die Bulla Lueii Hayſtens iſt nchr mehr m Origineli vorhanden, aber von Fridert

402 1846 1295 76 co L. dem Kayſer in einem Diplomate, ſo noch aufbehalten wird, von Wori zu wort aberta

401 1888 633 61 bener zu leſen. Vide Diploma Friderici 1.

372 1924 1336 76 (o) Adelberuus der fromme Abt hat endlich das Hers Henrici Diſchoffens beſanffuget, das,

397 1963 1299 82 ber m ſch gangen, ſemen Faͤhler bwweinet, und bußferrig geſtorben Hartrvicus, Suce⸗

394 2007 1329 75 Henrici, in Biſuum, hat nebſt den ganten Capirulo Cathedrali, mittels eines aurhentiſch

400 2051 1318 73 Grieff bezeuget, daß Henrieur wegen dieſen ſeinen begangenen Fchlern wider das Cloſter s. Ea

395 2086 1320 75 werami auf ſeinen Tod⸗Deth offenrliche und Reumuͤrhige Duß gewuͤrcet. Vide litter.

395 2126 1310 87 Hartvviei Epiſeori. Hartwions ſbſten ha vem Loſer S. Ennerawi zn dmn Enngen ni

394 2169 545 71 verdoiſfen. Vide Urreras Hartriei.

1850 1094 39 59 l

1847 1148 60 68 don

1846 1192 66 75 ſoͤrd

1859 1259 37 52 es

1840 1391 64 72 der

1850 1446 48 64 er

1858 1493 56 73 Sg

1858 1549 58 65 un

1855 1591 57 77 Eto

1854 1647 65 70 rar
