1935 2499
929 205 385 69 & (0) 22g-

413 206 98 59 228

411 258 1386 76 ret, daß er hat ſterben muſſen. Deſſen Succellor Kayſer Hainrich

411 310 1385 77 Dieſer Kayſer Hainrich haͤrte Anfangs nicht alle Fuͤrſten zu Freund.

412 359 1381 81 ſeine Gute und Freundlichkeit aber gewanne alle, da dreſes geſchahe⸗

411 409 1044 79 verfuͤgte er ſich allhero, und hiette S. Marrini-Feſt.

545 460 1245 80 Anno 1003. (etliche Hiſtorici ſetzen eine ſpaͤtere Jahr⸗Zabl-

413 510 1324 81 kam Pratislaus, Hertzog Ulrichs in Boͤhmen Sohn, ein frecher

408 560 1342 84 ner Juͤngling, unter dem Schein der Andacht ein Kirchfahrt zu

407 613 1323 79 W oltgang zu verrichten allhero, und entfuͤhrt in Geſchwindigkeit

405 663 1371 78 Liſt ſudirham, Kayſer Orronis des Andern, und Ann⸗ aus Oeſte

405 714 1348 78 reich hinterlaſſene Tochter, ſo von Jugend auf ein Cloſter⸗Frau

407 766 1351 75 Nider⸗ Muͤnſter war. Er brachts eylends aus der Stadt, die vor

409 816 1314 72 zogene Ketten bey dem Stifft hat er in ein Streich abgehauet. &

405 866 1331 78 be gleich ein Geſchrey und Tumult, einige Diener haben ſich ver

404 914 1332 81 ret, wurden gefangen, und hingericht. Kayſer Hainrich wolte

409 969 1332 76 freche That raͤchen, und Boͤhm mit. Krieg uͤberziehen; dieweil.

402 1019 1360 79 die Hochzeit ſchon geſchehen, hat man die Sach im Frieden vertt

402 1073 1320 76 gen. Anno 1005. begabe ſich der H. HHainrich wieder in Bayrn,

400 1123 1330 70 ſtete ſich zu einem neuen nothwendigen Italtaͤniſchen Krieg, ſetzte

400 1177 1346 73 nen anweſenden Staͤnden zu einen Lands⸗Fuͤrſten ſeinen Schwas

400 1220 1316 78 Cunegundis Brudern, Henricum von Lurenburg. Geſchahe

1753 1266 29 58 it

401 1268 1315 81 nach Abgang der Agilolfingiſchen Lini die dritte Veraͤnderung,

400 1320 1282 82 Caroliniſch ware ;9, unter denen Sachſen zo. Jahr. Sein G

395 1373 1341 77 lin Cunegund ſchickte er zum Ertz⸗Biſchoff Tagmino nacher Mal

397 1427 1325 72 burg. Anno 1006. hat Gilela, Heinrici Mutter allhie ihr Leden

397 1475 1325 84 ug geendet, welcher der fromme Sohn die Exequien Koͤniglich he

397 1523 140 69 laſſen.

1726 1563 53 65 der

526 1570 1189 82 Sein des Kayſers Heinrici Gemahl war Cunegundis, vor

393 1617 1316 87 Moſel Sigefridi Pfaltz⸗Grafen Tochter. Mit welcher er niche,

1716 1666 66 77 un

391 1674 1313 85 ein heiliges, ſonder auch in dem Eheſtand keuſches Leden gefuͤhrt,

393 1722 457 73 ſie unberuͤhrt gelaſſen.

1729 1764 44 68 at

532 1778 1155 75 Sie hatte einen Bruder, Heinricns Herilo genannt, der

391 1824 1263 87 Kanſer Orroni gute Kriegs⸗ Dienſt in Ztalia, erhielte von

394 1879 1271 79 Schwager, dem H. Kayſer HHainrich Anno 1005. den 21.:

391 1927 1312 81 allhie das Hertzogthum Bayrn. Rebellirt hernach, und geſelle

393 1976 1305 81 zwar zu ſeinen Brudern, aber des Kayſers Feinden. Verworcki

391 2028 1306 80 ſemnach das Hertzogthum Bayrn, und wurde allhie Anno 1009

391 2079 1317 96 geſett, worauf er groſſe Rachgterigkeit erzeigt, viel Ungelegens

1678 2124 77 79 ans

1878 273 45 46 Ate

1878 379 36 38 rc.

1883 728 14 32 t

1883 309 24 53 e

1889 656 20 64 5

1884 763 13 47 .
