1923 2446
13 218 139 70 let iſt,

25 277 123 61 chten⸗

27 316 118 68 zulden

36 370 106 70 rheit⸗

27 423 110 64 tt ge⸗

32 463 107 75 . M.

14 516 121 72 uͤr ſic

50 565 85 73 ihrei

61 612 72 74 ſolaͤ

44 675 53 61 d

35 727 91 55 runs

73 815 56 66 un

50 868 65 66 Ve

44 919 75 68 uͤbel

24 1017 98 68 s O9

36 1066 76 68 be⸗

25 1111 97 79 h un

19 1217 100 72 en s

38 1318 23 63 e

42 1372 28 56 t

44 1411 47 67 eit

50 1467 34 60 il

43 1566 27 68 .

44 1599 81 71 ainis

19 1674 57 53 ne

59 1761 36 47 1.

28 1807 50 60 di⸗

29 1845 86 72 rech

69 1945 37 59 it

74 2036 56 87 de

725 168 398 75 H (0 29-

232 217 1397 87 die bor empfangen, gebraucht, und genoſſen, bleiben laſſen. Des⸗

1545 184 83 61 182

229 274 1399 82 gleichen, ob etuche ihr Lehen nicht aufgeſagt haͤtten, ſollen dieſelben ob⸗

233 326 1392 73 peruͤhrter Maſſen, auch ohne Frrung darbey bleiben, und nicht ſchul⸗

237 376 1388 76 ig ſeyn, die weiter zu empfahen. Es ſollen auch die HHochgebohrne

235 425 1389 81 inſere liebe Oheimb und Fuͤͤrſten, Chriſtoph und Wolfgang Gebruͤ⸗

236 478 1385 70 er, Pfaltz⸗Grafen bey Rhein, Hertzogen in Bayrn, auch andere mit⸗

229 525 1390 81 gewohnte der Geſellſchaffr des Loͤwen, wider in ihre Haͤnd geſtellet,

232 577 1387 71 und eingeantwortet werden, all ihr Schloß gebaut⸗ und ungebaute,

236 629 1382 72 luch Maͤrck, Doͤrffer, und ligende Guͤter, die ihnen entwendet, und

236 676 1382 76 ngenommen ſind, mit aufgehebter Nutzung, Anſtaͤnden, Guͤlten,

235 728 1210 71 Gutern, und nit Widergeltung ihres zugeordneten Depurats.

235 828 1383 77 ntwendet ſeyn, wider uͤberantwortet, und darzu alle Silber⸗Geſchir,

341 785 1283 68 Auch ſollen die Briefe, Sigel, Regiſter, Noteln, ſo ihnen

236 879 1386 76 dleynod, Buchſen, und Gezeug, ſo viel des vorhanden iſt, zu ihren

239 929 1383 73 Haͤnden gegeben werden, aber um das, ſo verruckt und nit vorhanden

237 977 1384 77 ſt, auch um den Zugefuͤgten, oder was die ſonſt zu Hertzog Albrecht

239 1015 17 55 1

281 1025 1334 79 ſprechen vermeynten, ſoll ihnen gemelter Hertzog vor unſer Koͤnig

273 1078 1345 72 ſimilian: auch denen Ehrwuͤrdig⸗ HHoch⸗ und Wohlgebohrnen

237 1126 1382 80 Reffen, Rath, Oheimer, Churfuͤrſtlichen Fuͤrſten Schwagern, An⸗

241 1176 1378 79 achtig und des Reichs lieben Getreuen Vertholden Ertz⸗ Biſchoff zu

237 1227 1380 80 nayntz, und Johann Ertz⸗Biſchoff zu Trier, Churfurſt Friederich,

236 1277 1379 79 narggraffen zu Brandenburg, Friderich Biſchoffen zu Augſpurg,

236 1323 1383 78 Chriſtoph Marggrafen zu Baden, Eberhard Grafen zu Wuͤrtenberg

239 1371 1383 78 em Aeltern, und dey den gemeinen HHaupt⸗Leuthen des Bunds einer

237 1418 1384 82 on Adel, der andere von Stettin iſt, Rechtens ſeyn. Alſo, daß

240 1466 1381 88 or ubgemelter Koͤnig Marimilianus auch die Fuͤrſten und HHauptleuth

252 1523 1369 76 tt genannt durch uns ſeloͤſt oder unſer vollmaͤchtige Anwaͤlde, ſo ver⸗

236 1573 1385 79 landig, geſchickt, und in dieſem HHandel der Pflicht des Bunds ledia

243 1625 1371 79 zn ſollen, auf naͤchſt kommende Jacobi in unſer, und des .Heil. Reichs⸗

259 1679 1358 73 ziadt Noͤrdling zunahend an der Herberg, da auch beyde Partheven

236 1709 53 60 ni

303 1732 1312 71 zenugſamer Verſehung zu recht gefaſſet ohne weitere Fuͤrforderung

239 1755 66 64 md

301 1781 1317 71 Citation erſcheinen ſollen, Morgens zu fruͤher Tags⸗Zeit den Han⸗

248 1810 38 57 et

301 1829 1316 73 echtiglich anzufahen, und darinnen verfahren, damit ſolcher Ge⸗

243 1872 1374 83 chts⸗Handel in den naͤchſten S. Monathen zu End gebracht werde, es

233 1922 1382 86 ſeden dann Ordnung des Rechten weiter Verzug. Und ob ſich begab⸗

251 1978 1366 77 zs einer von den Anwaͤlden abſturde, daß dann ohn Verzug obge⸗

240 2026 1377 91 eurr maſſen ein ander an ſeine Statt geordnet wuͤrde, wo auch ob⸗

1475 2087 143 66 gemel⸗
