1566 2270
635 113 31 49 a

156 105 72 65 52

709 105 44 72 8

786 105 241 76 00 22g.

275 155 1232 77 Anno 1676. den 22. fulii ſtarbe Cemens X. den 27. Septem

140 204 1235 78 bris, eben in dieſen Jahr ſuccedirte demſelben Innocentius XI.

273 252 1229 80 Auf Innocentium XI. der den 12. Auguſt. 1689. ſeelig geſtot

136 303 1363 79 ben, wurde erwaͤhlet den 6. Octobris Alerander VII. welcher abe

138 349 868 77 den 1. Februarii 160T. mit Tod abgangen.

268 399 1178 81 Innocontius XII. wird Roͤmiſcher Pabſt den 12. ulti 1691.

267 445 1237 85 Da Leopoldus der Kayſer damahls mit Franckreich in Knie⸗

132 496 1365 84 verwickelt ware, ware Churfuͤrſt Marimilian Emmanuel mit Leopo-

132 542 1320 86 no dem Kayſer auf das vollkommniſte vereiniget, alſo zwar, dat

129 592 1293 89 dem Marquis de Villars ſo von Franckreich nach Muͤnchen gel

1466 590 29 58 6.

135 644 1350 79 worden um den Churfuͤrſten zur Neutralitat zu vermoͤgen, ohngeac

128 689 1313 85 aller Offerten und Bedrohungen, innerhalb 22. Stunden die Ba

129 739 1310 83 ſche Land zu raumen befolchen, und da nun auch ein Reichs⸗Krie⸗

131 791 1283 77 ſchlo ſſen worden, gienge Marimilianus den 8. ſulii 1689. mit

136 837 1291 83 Theil der Bayriſchen Armee nach Mayntz. Wer noch mehrers

126 885 1318 84 dieſen Kriegeriſchen Hiſtorien, und Thaten Marimiliani Emanueli

124 935 1285 91 wiſſen verlanget, der kan dey andern Scribenten weitlaͤuftig

126 983 154 68 ſinden.

259 1031 1173 82 Den 20. Novembris 1622. wurde zu Nider⸗Muͤnſter al

119 1079 1328 88 aus einen Gewoͤlb ( allwo einige in dieſes Orth wegen Gicherheit-

121 1128 1309 87 ſtuͤchtete koſtbare Sachen, und Kirchen⸗Gelder verwahrter lagen.

123 1181 1271 85 wohl ein ſchoͤne Ouantitaͤt Geld, als andere Koſtbarkeiten von,

114 1227 1299 85 len entfremdet. Zwey von denen Dieden fluͤchteten ſich in das &

113 1273 1304 89 deren RR. PP. Capucinern allhier. Der Magiſtrat verlangte die

116 1324 1289 87 tradirung dieſer Delinquenten, welches aber denen HHerren von

116 1375 1325 82 genſpurg abgeſchlagen worden, und da ſelbe wegen errichteten Concor

118 1418 1314 95 ten mit der Geiſtlichkeit ſolches ihr Begebren billich zu ſeyn behau

113 1475 1285 82 ren, die RR. PP. Capuetner aber keinesweegs ſich zu Erxtradirun

109 1513 1361 93 verſtehen wollten, maſſen ſolche Concordaten auf dieſe Faͤhl nicht m.

111 1570 1259 84 gen ertendiret werden ꝛc. und ſie noch mehrere andere Urſacher

1444 1570 28 51 e

109 1612 1241 84 abſchlaͤaigen Antwort beyfuͤgten, als haben die HHerren von dei

1419 1615 54 55 ad

107 1662 1225 88 eine Wacht vor das Cloſter geſtellet, um kein Allmoſen dabin

1342 1653 138 89 pallirer

116 1710 1356 89 hu laſſen. Solche Wacht wurde aber bald wiederum von ihoen ao

109 1759 1236 92 geaͤnderet; weilen kraͤfftige Erinnerungen wegen dieſes Unfuge

1348 1755 125 77 denen⸗

104 1809 1373 85 ſelben gemacht worden, dahero den 27. Novembris Abends um halt

109 1861 1284 77 7. Uhr der Herꝛ Stadt⸗ Syndicus, und Stadt⸗.Hauptmann

1400 1847 80 74 mit

104 1900 1372 101 Dienern und Holdaten vor das Cloſter ankommen, in ſeldes, do oe

1371 1958 75 76 Por
