1978 2545
1199 209 33 65 -

899 209 63 73 3

325 264 1426 80 Hueben⸗.Haͤuſer, Weinbers, Gehalt, Waſſer, Zehenden dem

326 322 1424 71 HHeil. Emmeramo und ſeinem Cloſter verehrt. Hingegen iſt auch un⸗

329 373 1418 72 moͤglich zu entwerffen, was diſes Heil. Manns Cloſter in tauſend Jah⸗

328 424 1427 70 ren ausgeſtanden. Was dermahlen am haͤrtiſten empfunden wird, iſt

328 473 1426 68 nit allein der vergangene z0. jaͤhrige teutſche Krieg, durch welchen das

331 523 1427 68 Cloſter in aͤuſſeriſte Noth kommen; ſondern auch das in diſen ubliſten

333 574 1422 73 Zeiten, Anno 1622. den z0. Julii durch unverſehenes Ungluͤck die ſchsͤ⸗

331 627 1424 64 ne, und wohlgezierte Kirchen durchs Feur in Aſchen gelegt worden.

333 675 1425 70 Worauf dann GOtt uns Betruͤbte mit ſeinen Gnaden⸗Angen wider

332 726 1422 68 vaͤtterlich angeſehen, und im dritten Jahr hernach als 1625. den 22.

332 777 1423 68 Martii in dem durchs Feur ubel verderbten Altar⸗Stock, das hoͤchſte

333 829 1424 70 Kleinod, und Schatz, unſeren Heil. Vatter Emmeramum in ſeiner

333 880 1424 67 doppleten Truchen, oder Sarch finden laſſen, welcher hernach Anno

336 931 1422 71 1659. am Heil. Pfingſt⸗Tag in die ſilberne Sarch gelegt, und allen

335 982 1419 72 frommen Chriſtlichen Seelen zu Ehren erſtesmahl vor Augen geſtellet

336 1037 184 72 worden.

640 1148 813 114 Appendiꝛ, oder Zuſatz

469 1258 1153 96 Zu den vorhergehenden ſiebenden Capitel.

602 1384 890 80 Von der Grab⸗ Statt S. Emmerami.

421 1460 1334 72 Ebi Cœleſtinus ſetzet nur die teutſche Wort der Grab⸗Echriſt S. Emmetn-

335 1515 1420 55 Si) mi, die lateinifde aber, ſo an dem unteren Stein, anf welchen die Bildnutz

338 1556 1119 65 S. Emmerami liget, zu ſehen, und eingehanen, ſeynd ſolgende:

472 1596 1288 68 S. Emmeramus Pictavienſis Epiſcopus predicando verbum DET ve-

328 1642 1433 80 Eit in wavvarian S idem in Helſendorſſ pro cCbriſo paeſſer ep Aun⸗

332 1696 637 72 OCLI. S hie primo tumulatus.

462 1754 1302 64 Ich wil keinesweras behaupten, daß diſes in Stein gearbeitete Epitaphium

335 1801 1423 61 der Zeit der Begraͤbnnß diſes heiligen Martyrers gleich zu halten ſeye, doch mnß

335 1849 1423 65 kelbes vor etlichen Sœculis ſchon ( wie die Buchttaben, und das Wort (Paovarian)

338 1894 697 65 m erkennen geben) geſetzet worden ſeyn.

406 1968 1281 97 Vom Anfang und Urſprung des Cloſters S. Emmeromi.

444 2040 1306 78 e Hiſtorie, und beſtaͤndige Tradition bezeuget, daß Theodo, Banriſcher

342 2086 1411 84 Hertzos diſem Cloſter den Anfang gemacht habc. Thcodo ein Vatter Land-

1634 2130 126 77 derd-
