1923 2446
747 186 27 51 us

812 179 277 76 iS (O 28

1562 195 72 59 15.

252 228 1395 88 und paramenta Ecclelialtica hinkommen, werden die Herrn don der

44 217 155 86 aller⸗us

251 284 1390 82 Stadt wiſſen. Wie ſie dann auch die Kirchen⸗Proͤbſt beſtellt, und

258 337 1382 80 sn ihnen zederzeit die Rechnungen aufgenommen. Den 26. Junii ha⸗

38 317 150 89 der Be

252 383 1391 80 ſen die, ſo die neue Lehr an: allhie in etlichen Capellen die Glocken

27 379 164 68 und De.

250 414 87 72 hinm

82 438 44 70 m

353 442 1290 75 g genommen, und geſchahen unterſchiedliche Kirchen⸗Diebſtahl,

252 482 1395 87 ſonderbar brache man in die Sacraria, und entunehrte das heiligiſte

96 487 54 59 bit

112 529 74 64 Cot

256 532 1387 87 Gacrament. Eodem tempore haden die Regenſpurger die Kirchen zu

255 585 1057 82 uerem Herrn, und andere Capellen mehr, verſperrt.

62 578 120 82 ihalre⸗

44 637 125 68 a (v

356 646 1282 97 Aano 15a5. ſtarb der theure Mann ſoannes Eckius. Sein

46 684 123 70 der ſaͤ

247 693 49 58 Su

292 712 1345 84 cellor Claudius ſajus Socieraris IESU vermerckte, daß Lutheriſche

23 735 159 70 Dfarrs

248 758 1244 114 puncken zu Ingoſſtait engeniogen, hat ſelbde eyſfenig gedemoſft-

48 790 112 63 e loꝛ

145 834 34 64 l

97 838 37 62 9

350 845 1290 81 In dieſem Fahr haben die nunmehr der Augſpurg. Conkeſion

65 888 103 65 den,

252 864 67 80 n

345 896 1288 83 Zugethane den Freyrhoff zur Weyh St. Peter eingenommen.

72 945 62 63 eſit

259 945 1378 83 Ziewohl deßwegen, und anderer ſtrittiger Sachen halber, der nach⸗

81 1000 53 55 en

281 996 1362 78 gende Biſchoff HHerr Georg von Pappenhaimb Anno 1750. in dem

93 1040 59 60 ir k

274 1044 1364 79 richs⸗ Fag zu Augſpurg vor Carolo V. die HHerrn der Stadt zum

256 1089 1384 87 echt gezogen, und verklagt, und darauf ihnen dieſe neue Begraͤb⸗

46 1100 83 64 tzog

244 1123 30 64 .

44 1145 89 67 grot

279 1142 1358 85 b in Verbott gelegt worden. Deſſen ungeachtet ſeynd ſie fortgefah⸗

247 1180 45 59 er

29 1189 140 66 in Reg

326 1199 1315 75 ia zwey Jahr hernach haben ſie die noch ſtehende Kirchen S. Perri

248 1224 55 71 a

25 1246 151 85 das z

315 1247 1317 77 was noch vom Schotten⸗Cloſter alldort, (ſo Ordinis S. Benedi-

59 1300 68 56 elm

277 1289 1057 83 geweſen,) ubrig war, auf den Grund nidergeriſſen.

62 1349 46 62 fie

353 1372 1271 96 In dieſem 15a2ſten Jahr am Frevtag nach Panli Bekehrung,

54 1402 68 57 ung

259 1422 1373 89 ithin alſo nach der dereits vor drey Monathen in dieſer Stadt offent⸗

46 1460 53 49 m

245 1464 44 57 &

304 1475 1333 91 eingefuͤhrter Augſpurgiſchen Conlellion, iſt von Weiland Herrn

39 1498 83 64 ger

248 1523 1381 94 pannſen Chummer zu deidlern noch alt Catholiſchen geweſt: und al⸗

42 1554 39 59 ſt

292 1577 1336 86 erſtordenen: auch in unſer Cloſter⸗Kirchen begrabenen Burger all⸗

300 1629 1326 88 ſein beruͤhmt und Loͤbl. Stifftung auf ein gewiſſes Allmoſen und

243 1678 1385 88 dahrras, welcher in unſer Kirchen zu St. Emmeram jedes Fahr ge⸗

54 1702 22 60 e

248 1728 1373 91 aten wird, geſchehen, und von ihme zu deſſen Anerichten der da⸗

256 1776 1365 89 Ahls im Leben ſich befundene Abbt Eraſmus und ſeine Nachkommen an

48 1803 44 62 e.

307 1816 175 76 Abbtey zu

42 1844 64 66 erſt

501 1835 1123 81 St. Emmeram, und der Aeltiſte des Raths zu Regen⸗

149 1871 30 62 el

240 1845 56 76 p

296 1875 1322 100 s verordnet, anch die Fundations-Brieff neben dem Herrn Stiff⸗

40 1907 59 49 n1

240 1902 33 67 e

298 1930 1321 93 Drel. von derden Erecntorn, nemlich Seel. gedachtem Abbt Lraſ-

32 1941 84 72 die-

237 1956 48 53 no

292 1969 70 57 und⸗

27 2007 47 108 à

383 1988 1232 80 Cammerer und Rath allhie gefertigt worden; welchen Stiff⸗

236 1997 133 121 mnden

400 2039 1221 114 ſo haiwnnd des Jahniags, ſe vodl alo and Aretdenrzz e

967 2096 146 82 211 2

1462 2098 156 80 Allmo⸗
