1978 2545
847 271 361 66 . 163 (0) Eai

335 316 1415 85 hinterlaſſen, beneben aber offt geredet: O wie gluͤckſcelig wird jener

335 377 1410 75 ſeyn, den GOtt wider ſein Vermeynen dieſen Schatz wird zeigen. daß

335 426 1409 80 aber Reginhardus der ſechzehende Abbt (der 12. te) dieſes Gluͤck be⸗

329 479 1148 72 kommen, iſt oben am ro. Capitel gemeldet worden. (b)

475 528 1272 70 Von dieſem Tutrone ſchreibt weiter Seelenderus, und vor ihme

328 575 1417 83 Graf Arnoldus, (c) ſo nit lang nach Turtonis Zeiten geledt; daß Kayſer

326 630 1419 74 Conrad, weilen er das Heilthumb S. Dionv ſii dem Cloſter nit hat nehmen

319 678 1425 82 koͤnnen, hat er wenigiſt das koſtbare Evangeli⸗Buch ihme zu geben

318 732 1422 73 ernſtlich begehrt. Tutto aus Forcht des.HH. Martyrers hats zwar ver⸗

322 783 1419 76 weigert, weilen aber der Kayſer Bedrohungen brauchte, hat er das

315 835 1425 74 Buch auf den Altar gelegt, mit dieſen Fluch: Ein Schuldner ſoll ſeyn

316 890 1420 71 am Jungſten Gericht dem H. Emmeramo, der ihm ſolches Buch ent⸗

315 937 1421 73 ziech t. Was Krafft dieſe Wort gehabt, hat Conradas bald erfah⸗

314 993 1423 70 ren, dann kaum hat er das Buch genommen, und vor dem Cloſter

314 1037 1419 78 auf ſein Pferd kommen, hat ihne die rothe Ruhr ergrieffen, in wel⸗

309 1092 1421 73 chem Schroͤcken, Kranckheit und Schmertzen er gleich das Buch wi⸗

307 1143 1423 72 der zuruck geben, den Frebel aber mit ſeiner Haut und Leben bald dar⸗

307 1191 1426 80 auf durch dieſe nit nachgelaſſene Kranckheit in Francken bezahlen

312 1242 176 70 muͤſſen.

440 1289 1290 76 (d) Ein ſonderbares Angedencken hat dieſer ſeelige Tutto unſerm

302 1348 1425 70 Cloſter hinterlaſſen, dann er einen  Hoch⸗Altar von lauter Gold, und mit

301 1395 1425 74 viel guten Steinen uberſetzt, in der Mitte ein Creutz aus Gold von dreyen

301 1447 1422 70 Kayſerlichen Cronen des Caroli Magni, Carolomani, und Arnolphi

304 1498 1417 75 gemacht, unſerm Cloſter verehrt, welcher Altar von ſelbiger Zeit an

301 1553 1420 64 biß auf das Jahr 1622. erhalten worden, alsdann zu einer Brand⸗

299 1596 1420 75 ſchatzung neben andern vorbandenen Kirchen⸗ Schatz und Geld,

301 1647 1413 72 Hertzogen Bernhard von Sachſen Weinmar hat muͤſſen geuf⸗

298 1698 1416 73 feret werden. Anno 1668. iſt dieſer Platz mit einem Laberna⸗

295 1748 1419 71 eul und anderer Zugeboͤr koſtbar und zierlich von Gilder ver⸗

295 1801 1418 72 ſetzt worden. Der Hoch⸗Altar, deſſen Blar ſoachim Sandrad ge⸗

292 1855 1417 74 mahlt, iſt Anno 1679. voͤllig aufgericht, in jetzigen Form gebracht⸗

1614 1912 95 53 und

1905 328 60 48 uͤnt

1907 373 59 49 cile

1901 412 72 64 the

1905 470 60 80 der

325 2055 1382 70 (b) Von der Tranelatione S. Pionyſil, oder deſſen Uberdringung nach Negenſdurg deſiehe dir be⸗

353 2099 1152 60 ſondere Diſſertation, ſo Anmno 1750. in Regenidurg zum Druck befoͤrderr worden.

325 2142 1378 69 (c) Arnold. apud Larnage rom. VL. ear 6. pg. 110. NB. Arnolaus reder nur von dem toſt⸗

355 2183 966 76 baren Evangeht⸗ Duc). niches ader von dem Henlchum S. Dionrluͤ,

322 2229 835 75 () Amo d. nr vd ange ron. II. PNe. r16. err. 6,

1907 838 41 34 C

1903 879 42 69 n

1904 927 42 71 e

1900 981 56 70 co

1904 1032 61 59 Nla.

1898 1075 48 70 0.

1900 1131 70 66 San

1900 1191 53 54 ne

1900 1228 27 64 S.

1903 1337 35 61 e

1900 1384 69 68 Cor

1900 1432 39 66 ꝛ

1895 1487 54 64 lie

1895 1543 56 66 to.
