1991 2551
782 255 100 82 80

279 355 1276 97 Von der Bruderſchafft des heiligen Woltgangi

735 433 382 77 zu Regenſpurg.

222 531 1405 75 Hu unter der Negierung des heiligen volſgangi ſchon viele Bruderſchaſften in

255 582 1372 61 2 der Stadt Regenſpurg eingeſetzt waren, aber viele Mißbraͤuch, und unge⸗

216 616 1413 74 reimtes darunter eingeſchlichen, als hat der heilige Biſchoff Wvltgangus (wie die

221 661 1406 68 Tradition, und das Manuſcriptum Fr. Gebhardi Schirlinger Cuſtodis zu

215 710 1414 62 St. Emmeram, ſo Anno 1230. dieſes Buͤchlein geſchrieden, betraͤffuigen,) be⸗

215 751 1412 62 ſchloſſen, daß nur wenige Bruderſchafften, in denen Suifftern, (Eceleliis Con-

219 797 1413 63 ventualibus,) nnd nit in denen Pfarren, oder anderrn Capellen, benbehalten

215 840 1414 67 ſolten werden. Dahero nach der Zeit die OCTO Fraternitates, die acht Bru⸗

216 884 1411 79 derſchatften in octo Eccleliis, Collegiatis, & Conventualibns, in denen 2.

218 929 655 65 Sufft⸗ und Cloͤſtern eingeſetzet worden.

324 969 1306 71 Das Abfehen dieſer geiſtlichen Vereinigurg ware, (wie obiger Fr. Gebhar-

219 1016 1411 65 dus Cuſtos S. Emmerami in ſeinem Manuſcripto, aus denen aͤltiſten von ihme

216 1058 1416 75 Leleſenen Documentis bezeuget,) vor ſeine eigene Seel, im Fall eines gaͤhlingen

218 1102 1412 67 Trdts, (contra Tubitaneam mortem,) dey GOrt zu ſorgen. Dahero verſchic⸗

216 1143 1411 71 dene Werck der leiblͤchen Barmhertzigkeit in dieſen Brnderſchafſten verrichtet mu⸗

215 1190 1410 68 ſten werden. Man ſchickie jaͤhrlich gewiſſes Allmoſen an Fleiſch, Brod, Geld,

216 1232 1410 70 vor die Arme in die Epitaͤler: die Verſtorbene, auch die Arme wurden mt Ehre

215 1274 1411 75 zur Grabſtatt getragen und begraden: vor dieſeide einige Pialmen in denen Kirchen

214 1318 1421 75 gedertet. Ein gewiſſe Anahl deren Kuͤrten angezuͤndet: das heiuge Metz⸗Opſer vor-

214 1361 1413 73 den Verſtordenen verrichter: alle 3. Monath vor die verſtordene Bruͤder und Schwe⸗

212 1404 1414 71 ſtern das heilige Met Ambr gehalten, wie mit mehrern in dieſem Manuſeripto

209 1444 1414 72 zu leſen it. Die geiſiliche Gemeinden, mit welchen ſolche Vereingung errichter wor⸗

209 1483 1423 77 den, muſten vor die Verſtorbene eden dasjenige volltzeyen, was ſie vor ihre eigene

214 1524 1411 77 Bruͤder aus ihrem Collegio und Convenru verrichreten: Zum Erempel durch Laͤu⸗

214 1567 1411 86 iung derrn Glocken, Bertung deren Palmen, Celedrirung des heiligen Meß⸗

212 1607 129 65 Oyers.

327 1656 1298 80 In dieſe Hruderlchafft, oder geiſtliche Verdienſt⸗Gemeinſchafft, wurden ei⸗

211 1702 1414 85 nge Verehrer des herligen Volfgangi, noch diy in Mitte des 17. hunderten Jahrs

218 1747 1401 79 nveraidt, wie in emnem Pergamenen Mannlcripto dey uns zu ſehen iſt, in wel⸗

214 1791 1409 81 Hem dr Naͤmen deren Emverlribren von 1201. diß auf 161S. zu hnden ſeynd⸗ wel⸗

219 1833 1400 83 che nach den Lauif dieſer Zeuten von dem damahligen Magiſtro Frarernitaris einge⸗

208 1862 284 79 ſchrlroru worden.

327 1917 1296 86 Anzerg aber beſteher dirſe geiſtliche Gemein⸗ vder Bruderſchafft, (unter den

214 1957 1408 95 Cul: S. VVolkgangi-) aus acht mit einander vereinigten geiſtuchen Gemeinden,

214 2001 1405 95 delche die von voriaen und laͤngſtens verſtordenea Mirgliedern geſruftere Jahrtaͤg⸗

219 2052 1401 80 Aihren Kirchen verrichten, und vor ale verſtordene Mutdraͤder und Schwentern dre

215 2093 1403 81 Quatemeruiche heilge Meſſen anfoyzern, gewißes Almoſen, an Geid, Brod⸗

209 2138 1411 96 deud, Mheuls ens eigenen, ihenls ans denrn genrinrr Drnderſcheſfern Einldatte,

852 2196 65 64 M

1531 2202 82 74 ans⸗

1568 266 52 64 89
