1940 2440
340 157 99 66 152

923 157 310 74 18 (0) 229

337 208 1396 83 richtet, das die Proteltirende ihn ſelbſt approbirt, aber wegen des

1805 216 111 75 er unk

337 264 1394 80 Aurhoris verworffen) voriges Jahr in dem Reichs⸗Tag zu Augſpurg

1797 265 117 80 u den

340 314 678 76 vorgelegt, allhie eingefuͤhrt. (1)

1518 338 20 56 .

1801 326 130 77 orgeha

1411 374 316 63 .

1801 372 109 76 dehrt,

1799 420 117 73 Hanpt

515 469 1204 73 r.nunl.

1800 515 65 65 md

1465 523 245 72 r.

1888 544 20 52 r

776 521 909 132 APUT LVE

1799 565 132 87 Hufaͤller

1428 627 185 60 -

1800 623 84 66 uch

433 698 1275 88 Teronymus Weiß (der zrſte Abbt) von Ingolſtatt iſt zu einei

1797 672 133 72 teit An-

1800 719 106 71 humb

348 753 1360 84 1 X Coadintorn des alten: und an Kraͤfften erſchoͤpfften Abbtei

459 805 1199 81 Ambroſii erwaͤhlt, und bald hernach⸗ als Anno 1582. gar )

1794 768 70 102 2d

332 852 1351 79 lat worden. Der Nuncius Apoſtolicus D. Felicianus hat ihn conb

328 900 1325 89 mirt und benedicirt. Der Kayſer Rudolph inveltirt ihn zu As

326 955 1357 82 den 17. ſunii Anno 1782. Churfuͤrſt Marimilian in Bayrn con

329 1000 1335 87 mirt ihme Anno 1600. alle Bayriſche Privilegia. (a) Gleichwie

329 1054 1372 84 ſer Abbt ein frommes und auferbaͤuliches Leben fuͤhrete, alſo hat eraus

326 1102 1374 84 ſeine Untergebne zur Cloͤſterlichen Dilciplin angehalten, die heils

330 1153 1352 80 GOttes⸗Dienſt befoͤrdert, die Kirchen⸗Paramenta vermehrt, den-

1808 1110 54 91 n.

324 1202 1367 83 noͤthigen Trunck hat er aufs hoͤchſte gefiohen, und uͤber die Norhdutt

1800 1173 107 70 Feuͤr⸗

324 1252 1347 84 auch in hoher Fuͤrſten Geſundheit nit trincken wollen, ſondern dar

1807 1226 92 67 aden

328 1305 1347 77 ein Roſenkrantz ofſerirt. (b) Als ſich unter waͤhrender Regieri

1819 1271 103 80 hruch

326 1350 1357 85 Sr. Hochfuͤrſtlichen Durchl. Cardinals Philippi hoͤchſtſeel. Gedaͤa

1803 1331 126 70 onderer

321 1405 1330 88 nuß⸗ dero geweſter Thumb⸗ Probſt, und Vicarius, Doctor ſacob,

1804 1371 115 101 wiſen

497 1473 293 69 ur

1655 1446 47 64 let

1836 1485 57 61 vor

1808 1520 106 75 Berte

351 1606 1305 65 (1) Anno 1572. wurde von allhieſigen Tirl Regenſourgenſchen Lammerer und Rath ein Der⸗

1789 1568 103 97 nden

390 1647 1227 59 Druck gegeben, warnmen eunge Kirchen⸗und Echunl⸗Diener der Evangelilchen Anchei

386 1682 1248 59 enrurlandet worden. Weilen ſeide von der Erb Euns etne andere Meinnng und Lehre haiten

390 1724 1232 55 ſeono dardey zedruckter zu leſen verſchiedene Cenkuren von Miniſterio zn Negenſpurg, voi

1658 1697 32 50 ne

390 1755 1197 56 Theologis zu Wuͤrtenberg, Braunſchweig, nebſt einer Erklaͤrung des Artients von

1645 1735 55 48 Erb⸗

382 1789 1201 61 Suͤnd; dieſes wurde gedruct zu Regenſpurg durch Fohann Durger 1571. NB. Ung

1615 1779 34 46 .

1662 1763 33 48 e.

386 1824 1200 72 rlaren Wort GOttes, (wie du Herren Glanbens⸗Gegner ſagen,) toſtete es inei

1618 1796 82 70 nnos

391 1870 1136 60 fehr vlel (vermoͤg dieſer Cenſoren ꝛc.) etwas von der Erd⸗Sumnd zn Laruiren.

387 1903 1207 62 enduͤch geltehret werden, was duſes Miniſterium und Theologi deurtheilet haben. und

1527 1870 71 49 Dot

1626 1847 68 53 nußt

1637 1884 63 96 .

390 1941 1232 58 ten ſelde nicht die Freyheit emen ſeden zu ſagen, was er wonlte, oder in der echrifft gefur

378 1973 245 58 haben vermeinte.

345 2014 431 65 (a) Originalia in Archivo.

349 2059 1337 61 () Von Hieronymo Abdten wus geleſen in Manſeriptir noli., daß derſelbe ſonobl en⸗

383 2099 1207 68 Fus, at zu Haut alzet umnd Mltternacht dn Nertm aus dem Vrevrier gebinur hate-

1815 1783 118 71 O) Due

1846 1832 88 46 den,

1845 1863 90 51 geſchr.

1843 1900 92 54 ſchicte.

1826 1928 108 56 AAnn

1845 1968 90 53 Cadin

1843 2002 91 57 chus t.

1846 2038 88 52 Selen⸗

1850 2074 83 62 chiro
