1991 2551
22 361 92 64 abs,

36 412 70 62 deſ⸗

36 464 77 64 odt

42 515 72 73 hat

19 573 90 63 unſe⸗

18 623 92 62 Mu-

22 722 88 64 ſeine

45 780 51 50 or-

52 831 47 51 r-

63 918 40 81 n

370 547 1303 99 S kamen zu Bekehrung der Unglaubigen unterſchiedliche Biſchoͤff

384 602 1289 93 allhero, welche aber unter dieAmahl deren Biſchoͤffen darum nit ge⸗

269 649 1400 95 ſehlet werden, allweilen ſie weder ordentlich erwaͤhlet worden, noch

286 700 1384 96 eſtandig verbliben; vil minder eine Biſchoͤffliche Relidenꝛ oder Woh⸗

263 736 102 73 nung

365 756 1305 94 haͤtten, ſonder hielten ſich in unſerm Cloſter auf. Alſo kame

262 787 84 70 auch

367 804 1207 91 allhero Anno a71. Paulinus vom Pabſt Gelaſio geſchickt,

273 830 61 67 Ini

338 856 1332 92 leichen S. Lupus ein Roͤmer Anno a89. unter Theodone I. Fuͤrſten

327 907 1344 96 Hayrn, und wurde wegen Verkuͤndigung des Chriſtlichen Glau⸗

263 933 81 84 ꝛens

360 965 1306 85 gemarteret. Nit weniger liſet man von einem Biſchoff Rarha-

260 989 67 69 rio

372 1009 1298 97 Dieweilen aber die Hiſtorici in der Jahrzahl gantz ungleich, hat

263 1052 878 91 nan von ihme weiters nichts melden wollen.

384 1112 1283 91 Wie S. Rupert und S. Emmeram anhero kommen, und wann?

263 1156 1403 91 ſt oben vermeldet worden. (0) S. Emmeram haͤtte einen getreuen Helf⸗

269 1196 38 56 er

327 1213 1335 88 an Volipholrgo ( andere nennen Volflletum oder Volttaicum)

272 1249 49 56 9)

326 1259 1344 98 von deme im vierdten Capitel Meldung geſchehen. Dieſer ware

256 1306 1411 108 Fedachtes S. Emmerami Succellor. Wie lang er aber das Biſtum

265 1354 568 88 erwaltet? iſt unfindlich. (g

377 1411 1285 99 Nach Theodonis 1V. unſers erſten (r) Fundatoris Ableiben,

252 1451 1412 106 Hat die Regierung des Bayr⸗Lands Theodobertus H. (s) der war

263 1500 1400 108 eruͤhmt in dieſem, daß er mitleydig war gegen jenen, ſo durch Un⸗

251 1547 1413 118 bluck oder Neyd um das Ihrige kommen. Dis erwieſe der HHertzog

262 1605 1404 107 inno 699. dann als Cuniberrus XIV. Longobarder⸗Koͤnig, herruͤh⸗

251 1635 89 86 zend

346 1669 1317 95 aber vom Bayriſchen Gebluͤt, nemlich Garibaldi, ſterben woll⸗

326 1716 1333 105 hat er ſeinen Sohn Luitperrum noch minder⸗jaͤhrigen dem Schutz

255 1738 52 59 An

317 1767 1345 105 grandi defohlen. Es trachtete aber Ramperrus, und nach deſſen

1001 1838 103 72 R

1559 1856 101 67 Tod

336 1982 1326 104 Hlundius in Netcop. S.ed. tom. L. Pg. 181 nu tain gewiſes Jahr ver die Arturgt

316 2025 941 86 aulini drzunmen: neder die Antuafſt Parlini vor gewit angeden,

365 2057 382 75 rehe vag. 16. und pag. 25.

276 2090 1386 108 () Lad. 1. de Vira S. Enmnerꝛni, bey Pemnoge von. II. Pot. 9. win a Woiducrr ge⸗

311 2121 91 55 nenner

357 2165 832 95 tehr HLunaium Metrorol. Snlizburz. tom. L. vac. 128.

343 2205 790 86 (neodo L. und nit Theodo TV. vide pa-. 16. 17. 19.

280 2236 1152 113 ì Erdr v ꝛI nnd vaczeemmnent Crrloge. vꝛn drnn Beyrſchn budrge,

852 313 288 76 8 (0) 28.

791 419 339 105 Incidentia.

34 1037 65 55 ten.

63 1078 33 61 n

60 1129 32 55 1.

48 1183 51 64 ro

1603 327 76 75 59

52 1712 24 41 2

34 1785 45 44 2er.
