1566 2270
108 80 72 58 16

594 92 24 41 ⸗

661 81 324 77 8 (0) 89z.-

95 131 1388 89 ſonderdar bey dem anderen Tags zentſtandenen Sturm⸗Wind, zwel⸗

94 181 1384 87 cher groͤſſers Unheyl trohete, begegnen koͤnnen. Der gute Praͤlat er⸗

100 234 1377 80 zeigte ſich in dieſem Creutz gedultig, ließz gleich die Kirchen ſaͤuberen,

95 278 1381 87 in nachfolgenden Jahren wieder decken, und innwendig zurichten, dat

95 324 1381 90 man ſowohl bey Nacht als Tag die GOttes⸗ Dienſt wiederum hal

94 373 1378 89 halten koͤnnen. Was nun verbrunnen, iſt nach ſeinen Tod m unter;

94 423 1373 95 ſchiedlichen Fahren wieder erſetzt worden, (H) als die Altaͤr (darun⸗

90 477 1376 91 ter der Hoch⸗ und Principal- Altar wohl zu eltimiren) das Tabular

95 525 1367 90 Pflaſter, Kirchen⸗Stuͤhl, Cantzel, und anders mehr ꝛc. Der Kir-

88 573 1365 89 chen⸗ Thurn iſt mit 7. Glocken erfulet worden, unter denen die groͤtz.

89 621 1367 85 bey 90, die ander 58, die dritte ꝛa. ein halben, die vierdte 12, oi

89 667 1367 88 fuͤnffte, die ſechſte A, die kleinſte 2. und ein viertel Centen woͤgen

89 715 1362 90 Es begab ſich aber Anno 1672. in Feſto S. lacobi, daß das Wette

95 762 1330 90 in den Thurn geſchlagen, das Dach etwas abgedeckt, die obri

87 814 1359 88 Wand bey dem Krantz ſehr beſchaͤdiget, ein Glocken⸗Stuhl etwaͤ

83 868 1359 80 vertrummeret, und vor dem Thurn S. Sebaſtiani-Bildnuß herab s

82 913 1338 114 worſfen, dieweils aber ein Woſſer⸗Streich geweſen, iſt (GOerle

83 958 650 76 weiters kein Schaden geſchehen.

217 1013 1230 92 Nach Volcan Foben hat der Nars das Tloſter angeſochter

79 1064 1328 88 indeme dieſer Abbt nicht allein alles, was er aufs geſpariſt haulend-

78 1117 1330 86 erwerben koͤnnen, zu Begegnung der Schwed⸗ und Fransbſiſo

78 1167 1365 84 Waffen hergeden, auch weil nichts erklecken wollen, viel aber 1000o⸗

79 1216 1362 82 fl. Schulden machen, oder anwachſen, und hinterlaſſen muͤſſen. Nach

75 1262 1359 88 dem er in Aummer und Gorgen der Abbtey 15. Jahr, A. Monath

79 1316 1343 78 22. Taͤg loͤblich vorgeſtanden, hat er aus ſonderbarer Devotion, de

74 1362 1368 85 nacher Osnabruck abreiſenden Herm Cardinal, und Regenſpurgiſche,

78 1406 1262 89 Biſchoffen Frantz TOilhelmen, Grafen von Wartenberg, das

1409 1414 33 57 i.

76 1454 1361 89 bis nach Hemman, 2. Meil von Regenſpurg ( ſo hart es ihne auaͤ

73 1505 1225 102 in damahllo groſſer His antommen) degeden, und iſt wenig

1319 1519 118 64 Srun.

1357 1558 86 83 noc

114 1731 1183 66 (b) Dieſes iſt geſchehen von ſeinem Nachfolger Cœleſtino Abbten. Abbt Plaeidur.

1327 1720 110 61 ete ſich

145 1766 1126 67 mttels aller unterthaͤnigiſter Vorſtellung bey Er. Maieſtat demn Kayſer und K

1321 1764 120 49 rin, erut

143 1799 1092 67 Beyhuͤlff zu Erneuerung ſeines abgebrannten GOtres⸗ Haus zu erlangen

1277 1800 161 52 ſo auch ge⸗

138 1834 1108 67 ſchehen. Item, eden wegen dieſen groſſen Ungluck erhreite dieſer betrangte Prala

1271 1836 168 53 on Albert-

141 1872 1118 61 Siſchoffen zu Regenſpura die Erlaubnuß, daß er auf zehen Jahr, die eindehende

1302 1867 134 58 elder derer

141 1904 1289 67 GOtres⸗Haͤuſeren zu Hamnouing/ und Lautterdachi tu Herſtellung der abgedrannren Aiccye

140 1942 744 71 S. Emnneren anwenden tonde. Ano 1619. è 1btt.
