1566 2270
82 161 94 48 611

575 142 38 52 rc

654 136 29 69 5

762 138 204 68 9) Eeg-

80 175 1383 83 merami, ein gewiſſer Diſtrict oder Gejagds⸗Bogen in den Churfuͤrft

80 229 1388 81 lichen ſogenannten Schwuͤndbach, unweit unſer Hofmarch Sainſpach⸗

82 282 1384 76 wiederumen auf ein neues eingerutten, welches Hochjagen, gegen einen

83 329 1383 82 gewiſſen Capital, ſchon Anno 15 82. und 1592. dem Stifft S. Em

88 385 1334 74 meram in einen gewiſſen Diſtrictu uderlaſſen, aber vor etlichen J

85 437 470 72 aufgeſchrieben worden.

219 477 1249 76 Den 15. Fenner 1728. Nach niedergelegten Kayſerlichen Prinei

87 528 1379 72 cipal-Commiflariat reißte von Regenſpurg ab, Fitl. Titl. Herr Her.

94 576 1367 75 ſoſeph Wilhelm Ernſt, Fuͤrſt von Fuͤrſtenberg, Landgraf in der Baar⸗

83 626 1383 75 und zu Stuͤhlingen, welcher unter dreyen Roͤmiſchen Kayſern, alt

93 678 1306 69 Carolo VI. Carolo VII. und Franciſco L. das Kayſerliche Princ

1413 655 52 70 al

88 728 1326 66 Commiflariat auf den fuͤͤrwaͤhrenden Reichs⸗ Tag Ruhm⸗ wuͤrd.

85 775 1327 72 verſehen. Demſelben fuccedirte Litl. Litl. Herr Alerander Fe

87 826 1292 65 nand Fuͤrſt von Thurn und Taris, welcher zwar den 1. Mertz a

1428 812 30 51 ri

88 875 1327 68 gekommen, gleich wiederumen aber, den ;. Mertz von hier abgerer

87 923 1308 69 und weilen das nene Hotel, (ſo in den ſogenannten Freyfinger

85 971 1318 69 allhier vor dero koͤnfftige Reſidenz auserwaͤhlt worden,) noch,

88 1020 1342 69 in vollkommenen Stand hat koͤnnen geſetzet werden, als iſt hochgeda

93 1069 1312 68 Titl. Titl. Herr Fuͤrſt von Thurn und Taris nach vollendeten ſe

92 1114 1359 72 eigenen Geſchaͤfften auf dero Herrſchafften, den 26. May indeſſen nar

94 1167 1301 70 Pruͤffling angekommen, und allda mit ſeinem HHof⸗ Stab biß zi

87 1214 1369 71 vollkommener Einrichtung Geines beſtimmten Hotels verblieben; nas

85 1263 1369 72 einer Zeit aber wieder nach deroſelben Herrſchafften verreiſet, den⸗

88 1312 1361 68 Novembris zu Waſſer allhier in Regenſpurg angelangt, und in ſeine

90 1359 1367 73 Fuͤrſtlichen Quartier abgeſtiegen. Es kame auch mit demſelben allhero

88 1411 1322 68 Zitl Titl. Frau Fran Ludovica Antonia Fuͤrſtin von Thurn und &

88 1460 1349 64 gebohrne Fuͤrſtin von Loblcowiz, die Mutter des neuen Kayſerlich

85 1508 1372 65 Principal-Commiſlarii Alerandri Ferdinandi Fuͤrſtens von Laris ꝛ

85 1554 1318 70 Nachdeme dann jetzt gedachter Firl. Tirl. neue hohe Kayſerlicher.

95 1605 1344 68 Herr Principal-Commiſlarius im Monath December ſich in das Pub

92 1655 1345 65 cum geſetzet, als fuhre derſelbe den 1. Jenner 1729. mit groſſer Ga

88 1703 1360 75 nach den hohen Thumb, allwo ein ſolennes Hoch⸗Ambt und Te Deu

87 1754 400 64 abgeſungen worden.

229 1797 1232 70 Vergangenes Jahr (Anno 1728.) genoſſe unſer Reiche

89 1845 1371 70 Stifft die hohe Ehre und Gnad, daß Se. Eminence Tiel. Titl. An

93 1897 1368 65 gelus Maria Quirinns Ord. S. Benedicti, der Heil. Roͤmiſchen Kirchel

92 1945 1376 92 Curdnal. Prieſter, Bilchoff M Preſena, Bwdliocdeonnius Eegetr.

1331 1983 129 75 Prate
