1934 2551
697 231 41 56 rai

894 231 203 70 2) 829--

1528 243 68 63 177

311 277 1292 91 Dieweilen nun unſer Cloſter am Anfang was eng ware, und

188 328 1417 91 die Accommodation nur auf wenig Religioſen hatte, iſt ſelbiges von

192 381 1410 86 Symberto aus Befelch und Spela Koͤnig Carls Anno 785. erweitert

192 432 1404 86 ind herrlicher gebaut worden. (1) Dieſer Biſchoff iſt ſehr fridſam ge⸗

192 483 1405 89 ſveſen, und hat den Frieden bey andern geliebt und geſucht. Son⸗

192 531 1405 92 derlich bey Verſoͤhnung Thallilonis mit Koͤnig Carl. Unſer Cloſter⸗

192 586 1403 84 Airchen hat er zimlich herrlich erbaut, ſo aber Anno 1166. wider ab⸗

188 634 1407 88 dedrunnen. Regierte lecundum Hundium z2. Zahr, aber unſers Clo⸗

188 685 1211 88 ſters Cronick nach 22. iſt in unſer Cloſter⸗ Kirchen begraben.

492 885 791 125 CAPUTXXIX.

265 1023 1327 78 zismundus der zte Abbt, eingeſetzt von Carolo Magno Anno

211 1060 54 79 J

275 1078 1318 89 717 verwaltete die Praͤlatur 18. Jahr, F. Monarh, 10.

287 1123 193 80 Laͤg. (2)

710 1221 343 89 Incidentia.

287 1327 1306 88 Er ſolte glanben, daß Thaclo nach ſo offt erhaltener Koͤniglicher

266 1388 1326 75 2 Gnad nir ſolte ſeyn witzig worden, und ferners gewiſſen Unheyl

207 1431 1376 79 ſo Untergang ſeines Lands und Stammens verhutet haben? bevorab

284 1485 1304 82 Bayrn nach erhaltenen Frieden wider zu floriren anfienge. (b)

202 1506 29 62 1

245 1520 42 65 e

283 1537 1312 81 Luirpurga verkehrte der Gewohnheit nach alles, und brachte.

219 1587 1371 86 Alailonem abermahl ſo weit, daß er weder ſeines Sohns (und ſol⸗

195 1611 50 64 en

263 1642 1325 84 eren 10. ſeyn) noch der Burger ingedenck, bald wider eydbruͤchig

192 1656 58 77 n)

275 1694 1313 94 rnloß auf ein Krieg gedachte, und zu Huuͤff die Ungarn erdotte.

1480 1760 110 80 Zeit⸗

222 1899 1361 86 On Synodo Rettsdonenſi, ſo Anno ꝛ65o. grlalten worden, ſeynd kolgende Wort zn leſen.

252 1943 1330 85 Snpertus Menaſterium S. Enmerani in amplioren fornan redegit. pag. miti ꝛr1.

253 1989 1332 82 Inpertur har das Eloſter s Enneranigroͤſer,und herulcher erbauet. Sihe vag. zr.

256 2040 1330 82 Sigirnundur tommr nech nehr an dueſe eru, ſondern er wurder um enge Zeu, we er Aest

249 2088 1331 73 risſen, geledet werden: maſſen um durſe Jahr, wu ſchon oͤſfuars gemeuder, noch tem Aor zn

255 2105 93 57 . Emi

372 2122 260 63 ram beſteuer ware.

219 2164 1183 85 ) Aaturreurter vorte L. ub. 7. num. ꝛp. Aveninur lid. 1 Und andenr medr.
