1940 2440
375 189 95 63 A08

944 184 335 70 (0) 82g-

511 230 1256 80 Bey dieſem Zug lieſſen ſich die Biſchoͤffen neinicor von Lirrich,

1843 260 88 55 Riel

379 281 1377 82 nnd foannes von Regenſpuͤrg beſfinden. Erneſtus zu Paſſan leſſe ihm

1846 295 85 73 Cap

379 338 1068 71 angelegen ſeyn das Proviant der Armee zuzuſchicken.

1845 345 77 67 einn

532 387 1227 75 toannes Adminiſtrator war mit der Stadt allhier uber zufereden

1843 393 87 71 allhil

378 436 1369 76 daß ſie wider alle Recht den Clerum um ihre Freyheit gebracht, lat

1842 447 91 68 geſch

383 489 1352 72 ſolches heimlich durch ſeinen Bruder Pfaltz⸗ Graf Friderichen dem&

1843 497 90 70 gedar

378 540 1322 65 nig Ferdinand zu Prag klagen. Erhaltet von dieſem, wie auch

1847 547 53 67 ut

383 589 1345 73 anderen Pfaltz⸗ und Bayriſchen Hertzogen, ſeinen Befreundten, A.

1853 596 78 66 orn

379 639 1274 69 ſtenz und Commiflarios, die erſcheinen in Peſto S. Laurentii.

1668 639 44 64 2

1845 642 54 71 daf

383 688 1337 72 Tag hernach beklagte ſoannes Adminiſtraror die Stadr, wegen der

1842 696 89 75 giſter

374 738 1358 73 angethanen Preſluren ꝛc Dieſe wendet vor ihr Armuth und Unde

1847 759 79 55 oller

380 788 1348 71 moͤgen, und wollte das bey denen Francilcanern Verſprochene dur⸗

378 833 1331 76 aus gehalten haben. Der Adminiſtrator wollt auch nicht weic

1845 836 55 73 ꝛr

378 885 1308 77 Man rathete einem Vergleich, und zu einem gewiſſen Jaͤhrlichen T.

1845 900 42 61 ein

375 935 1348 76 Die Stadt begehrt 1000. Ducaten, man brachte ſie aber auf 200.

1854 943 34 66 8

374 984 1330 77 Chriſtophorus Hoffmann, unſers Cloſters in priori Sœculo Coni

374 1035 1328 76 rualis und Hiſtoricus meldet in ſeinen Prothocoil, als Teſtis Oe-

1846 1042 57 66 zil

374 1088 1304 75 rus nur von 180. ſl. Bemeldte Snmma hat man jaͤhrlich von

1846 1092 46 67 der

374 1134 1308 81 Clero eingebracht, und der Stadt gelieferet, bis auf dasꝛ5yrſte.

1843 1149 90 64 ptior

374 1186 1302 74 da man ſich dann wider anderſt verglichen. (p) Herentgege.

372 1233 1319 71 Geiſtliche der getbanen Pflicht entlaſſen, und die Privilegi, reſtiti

1839 1241 60 71 ſti,

372 1282 1315 81 worden. Der Vergleich ſoll geſchehen ſeyn in OCara Aſlumpti

1847 1294 55 65 mnd

371 1331 186 63 Mariz.

1854 1342 50 71 ù

508 1384 1160 78 Die Lutherlſche Religion namm dieſes Jahr alſo uͤber.

1851 1400 76 64 Selt

380 1434 1260 74 (war ſich aber nicht zu verwunderen, dieweilen ſelbe ſavorabi

371 1480 1287 87 dab ſchon ein jeder Pfaff feyn wollte, ſich ſelbſten einſeegnen⸗

1841 1491 56 70 we

370 1530 1286 84 von ſeinem Nachbarn dis begehren. So ſtarb auch mancher

1843 1539 63 67 ſen-

364 1579 1306 85 Beicht und Communion, dieweil er das Catholiſche Sacrum Viat

1853 1591 62 68 ens

367 1629 1276 85 nicht haben wolt. Es war darnach nur die Frag, wohin man

1845 1633 51 72 ſes

372 1678 1287 84 Todte begraben ſolte, weil man die von unſeren Glauben Abgeti

1854 1689 54 69 eh

363 1731 1295 84 In die Catholiſche Kirch⸗HHoͤf nicht laſſen wollt? die Stadt ſchick

1850 1782 34 62 1.

367 1787 1292 76 Stadt⸗HHauptmann, Stadt⸗Cammerer und Rath zu den Domt

367 1832 1335 83 pitel, weil der Adminiſtrator nicht hie war, und begehrten zwe)

1847 1838 61 65 den

1709 1862 22 61 r

363 1880 1289 92 fondere Begraͤbnuſſen: nemlich eine vor dem Oſten⸗Thor bei

1847 1882 56 75 lie

1626 1930 56 72 Ni

1843 1984 57 66 auf

1850 2030 61 86 ch.

382 2098 801 72 W M um Mmnſerirwo v. Cwuinoyton Hosmen.
