1566 2270
158 114 77 58 14

718 113 61 59 13

810 110 236 69 00 Lsg--

142 150 1367 83 Leopoldus der Kayſer, mit allen gegenwaͤrtigen Chur⸗Fuͤrſten, Bi

143 210 655 69 ſchoͤffen und Praͤlaten begleitete.

276 257 1223 75 An S. ſoſephi-Tag bekame Carolus Caraffa Fuͤrſt von Ro

141 305 1365 77 chelis, als Curdinal Prieſter, daß Cardinal Byrer von Leopoldo den

140 356 1355 75 Kayſer in hieſiger Hochen Domb⸗Kirchen. Dieſer Cardinal hat waͤy

137 403 1357 76 rend ſeinem Hierſeyn bey S. Emmeram die heilige Meß auf den Hoc

135 454 1357 75 Altar geleſen, und nachgehends mit dem Ertz⸗ Biſchoffen von Sale

132 506 830 69 burg auf Mittag in Refectorio geſpeiſet.

1436 546 58 60 ler

272 554 1142 71 An Feſt S. Benedicti erſchiene Leopoldus der Kayſer mehri

133 600 1297 75 bey S. Emmeram, und der Fuͤrſt von Fulda laſe allda die heilige,

1442 645 48 57 ar

131 648 1293 75 Der Kayſer beſuchte auch den 12. April, als am Char⸗Gamſtat

131 697 1289 69 heitrge Grab in unſerem GOttes⸗ HHaus, beſahe alsdann die Be⸗

126 742 1291 78 nuſſen unſer heiligen PPatronen. Den 27. April kame ſeine Maͤ

124 797 1279 70 mehrmalen in unſere Kirch, wegen den damahls ausgeſchriebenen

124 843 1298 70 lœum. Am . Tag May darauf, als letzteren Tag des ſubilzi,

1452 886 25 52 e.

124 891 1280 75 men wiederumen dieſelbe (Ihro Majeſtaͤt) nebſt dem Chur⸗F

1449 926 28 65 a

128 942 1279 69 zu Mayntz, in unſer Kirchen zum Hoch⸗Amt, und ſpeiſeten he

122 986 1274 78 mit Ertz⸗ Biſchoff Guidobaldo auf unſeren Loͤwen⸗ Gaal gant

123 1035 1316 77 Nach wenig Tagen brachen Se- Majeſtaͤt von hter auf, und gien

122 1080 1302 85 uber Land nach Wienn Von dieſer Zeit an wird der allgen

122 1129 1003 77 Reichs⸗Tag beſtaͤndig zu Regenſpurg fortgeſetzet.

253 1181 1195 76 Anno 1665. den 28. Septembris verſchiede Maria Anna, Ke

118 1225 1300 86 fers Ferdinandi UL. Tochter, Chur⸗Fuͤrſten Marimiliani L in 2

118 1277 231 66 Gemahlin.

251 1317 1176 87 Eben dieſes Fahr 1655. den 17. Septembris ſtarbe Philiyp

114 1374 1298 78 IV. Koͤnig in Spanien, ihme ſuccedirte Carolus I. ſein Sohn,

118 1423 1294 76 Printz von a. Jahren. Anno 1660. den 7. Decembris vermaͤhlte

111 1467 1277 80 Leopoldus der Kayſer mit Margaretha Thereſia, Philippi IV.

108 1519 1304 76 nigs in Spanien Tochter Nach Abſterben Philippi IV. Koͤnig

111 1566 1292 75 Spanien, machte Ludovicus XIV. Koͤnig in Franckreich, weger

114 1618 1166 73 nor Koͤnigin (einer Tochter des verſtorbenen Philippi 19

1369 1612 96 62 Eter

107 1663 1223 78 kion auf die Spaniſche Niderlanden, und ware auch gluͤcklich

1340 1657 135 75 i deru

108 1712 1268 77 Feld⸗Zug. Ferdinandus Maria Chur⸗Furſt in Bayrn verbltebe

1375 1703 95 63 neu-

108 1757 1355 82 tral. Leopoldus Roͤmiſcher Kayſer erklaͤrte ſich Anno 1667. mit de

103 1810 1243 76 nen Reichs⸗Staͤnden, daß ſie Carolo H. Koͤnig in Spanter

1356 1800 112 62 widet

108 1856 1229 77 Franckreich beyſtehen wollten. Anno 1668. wurde zwiſchen

1356 1845 104 69 ranck

104 1904 1229 91 reich und Spanien Fried zu Aachen, Spanten bekame die

1355 1897 96 64 Gra,

1351 1944 111 81 ſhaſt
