1959 2500
680 216 373 81 .28 (0) 222

1058 233 13 44 .

1500 226 94 68 281

202 277 1390 78 vorhanden waͤren, dem Ubel zeitlich zu ſteuern, und borzukommen,

201 336 1393 72 Hder zum wenigſten den Kayſer ſolches ehiſt, und gewis zu berichten.

201 386 1392 72 Dieſe waren gemeiniglich gefuͤrſtete Grafen, altes Geſchlechts und

202 437 1392 71 Herkommens. Die hauſeten zum Theil allhie, zum Theil auf ihren

202 486 1392 70 Land⸗Guttern in der Pfaltz und Bayrn, als Kayſerliche Anwalt und

204 537 1395 71 Statthalter, dahero ſie ſich Burg⸗Grafen von Regenſpurg ſchrieben.

205 588 1385 71 Waren aber gleichwohl auch Lehen⸗Leuth der Hertzogen aus Bayrn,

204 636 1390 76 as wie die Grafen von Riedenburg, die Land⸗Grafen von Sreff⸗

202 686 1392 76 inigz, die Herren von Falckenſtein ꝛc. ſo findt ſich auch, daß erſt an⸗

204 738 1388 74 Fzogene Grafen von Riedenburg Voͤgt des Hoch⸗ Stiffts allhie ge⸗

209 794 923 68 ꝛien, nicht weniger die Grafen von Bayrn.

312 841 1281 72 Obwohlen in geſchriebenen Chronicken findig, daß Otto, HHer⸗

205 890 1391 75 Ag in Bayrn, gebuͤrtig aus Sachſen, durch unterſchiedliche Conlpi-

207 943 1389 72 ariones, und heimliche Nachſtellungen dem Kayſer Heinrico IV. eine

215 991 1382 72 aanſerliche ungnad, Entſetzung von Land Bayrn, und endlich die

209 1040 1387 76 Aacht verdient. So iſt doch glaublicher, was einige gedruckte Au-

209 1091 1388 75 anores vermelden, daß gedachter Hertzog Orto durch ſeinen vertrauti⸗

207 1126 56 71 ſten

282 1145 1312 66 Rath Eginonem ( ſo Ortoni ſeinem HHermn treulos worden) bey

208 1177 67 70 em

286 1197 1311 66 Kayſer faͤlſchlich ſey angeben, und unſchuldig ſolcher Laſter bezuͤch⸗

223 1250 1376 68 get worden, gleichwie man nun gern glaubt was wider einen, deme

212 1295 1385 75 an ſonſten nicht hold iſt, ungleiches lpargiret wird, alſo hat Egino-

208 1333 40 55 n

273 1348 1326 70 aiſches Spargamenr auch Glauben, ſonderlich bey dem Kayſer ge⸗

209 1394 1390 74 unden. Der hat Ortonem nacher Mayntz citiret, ſein unſchuld mit

233 1444 1364 69 ino in einem Dueil zu probieren. Ortoni wollte ſchwaͤr fallen mit

219 1494 1378 74 nem untaͤchtigen Mann, ja Moͤrder zu duelliren. Verwilligte doch

216 1547 1383 76 arrin, wann er Salvum Conductum auch auſſer deſſen Duels haben

208 1581 118 81 vurde

352 1600 1247 75 der Kayſer tragte Bedencken. Orro vermerckt die heimmli⸗

279 1651 1318 76 ſtachſtellung, ſuchte ſich ſicher Orth, und in evenrum guter Freund

230 1690 184 83 zenſtand.

318 1748 1283 74 Anno 1c69. gedachte Henricus ſich von ſeiner Gemahlin Bertha

218 1795 1381 84 Heyden zu laſſen. Agefridus, Ertz⸗Biſchoff zu Mayns wolite darzu

212 1852 959 75 elffen, uneracht der Payſt gantz zuwider ware.

319 1906 1282 67 Henricus erklaͤrte Ottonem fuͤr einen Feind des Reichs, fallet

204 1919 61 74 ni

269 1951 1332 75 Kriegs⸗Macht in Bayrn, verderbt und verherget das Land, entſetzt den

212 2001 1387 74 Hertzogen, und ubergibt Felloni Aronis Eſtenſis, und Cunille Velto-

202 2030 55 63 nie

273 2044 39 56 1

337 2054 1260 71 Lochter Gohn die Herꝛſchaft, welche neben anderen viel dar⸗

204 2070 30 71 A

251 2104 1166 82 Sehoiffen, daß Orro in ſelche Kayſeruche Ungnad kommen.

812 2161 136 95 &l.2

1488 2147 111 79 Otto

27 522 67 44 Lin-

55 711 40 57 del

30 1158 60 64 zer.

51 1245 30 60 it

30 1301 58 64 aͤch⸗

36 1490 52 72 mi

37 1595 50 67 ec

30 1801 53 58 ol

41 1958 45 46 be⸗

43 1993 40 58 u⸗
