1571 2270
657 116 356 73 - (0) Eet

1449 112 89 59 60,

165 215 1364 80 net daſſelbige mit dieſen Worten. Es geſeegne und behuͤrte uns GOre

295 157 1236 87 Darnach kehrt ſich der Prieſter um gegen den Volck, und ſeeg⸗

162 272 996 71 der Darter, Sohn, und hetliger Geiſt, Amen.

301 355 1222 83 Hierauf ſo will ein ehrbahrer Nath der gedachten Stadt Regen⸗

161 409 1365 76 ſpurg maͤnniglich, und einen jeden nach ſeinen Stand und Wiſſen, wie

156 459 1372 75 ſichs gebuͤhret, inſonderheit mit Fleiß und treulich erſucht, und gebet⸗

152 508 1373 73 ten haben, daß er von dieſen Fuͤrnehmen niemand anders glauben ge⸗

151 557 1374 82 ben wolle, dann wie es jeto erzehlet iſt worden. (O Dann ie, ſo iſt

760 611 193 71 Gag9 ;

1451 596 68 68 ihr

189 781 1327 74 (O) NB. Ein Ehrbahrer Nath der Staot Regenſpurg erſuchet, und bittet maͤn⸗

205 823 1306 78 niglich, und einen jeden, daß keiner, jemanden anders Glanben geben wolle,

201 866 1310 76 als wie jetzo erzehlet worden. Er (der ehrbare Rarh) ertlaͤret zugleich fuͤr ſich ſeibſt,

204 908 1308 83 nicht anderſt fuͤrzunehmen, noch denen ihren (Untergebenen) zugeſtatten. was

209 953 1302 71 ein loͤblicher ehrbahrer Rath, (ich glanbe, es werden auch die Herren Paſtores bey dieſer Abfatfung

211 991 1303 78 ſolches Berchts zugegen geweſen ſeyn) ſich fuͤrgenommen, it zwar eines theils dehalten worden⸗

208 1032 1299 86 nemuch unterzweyen Geſtalten das Abendmahlzn empfahen, aber die Weiß, Form⸗

205 1076 1302 77 und Oroͤnnng, welche in dieſem Bericht vorgeſchrteben worden/ iſt kemeswergs zum Stans

204 1112 1300 89 gekommen. Wetters bittet der Nagiſtrat maͤnniglich, jemanden anders Glauben bey⸗

205 1152 1300 85 zumeſſen. erch waͤre fuͤrwitzig zu fragen, mit was fuͤr Echrifft⸗Aurhoritzt, die Herren Re⸗

204 1198 1300 80 genſourger ſolches verlangen toͤnnen, daß aus ihren untergebenen keiner jemanden andern

204 1239 1301 80 Glauben beymeſſen ſolle? Haben dann ihr Untergebene keine Gewiſfens⸗Freyheit, nach den

201 1278 1301 85 klaren Buchfraben der Schrifft zu urthellen? Warumen ſollen ſie ſich dann der Aurhoritnt des

200 1311 1302 90 Narhs, in denen Geiſtlichen, und Glaubens⸗ Eachen unterwerffen? Es wird die Antwort viel⸗

200 1354 1301 87 leicht oleſt ſeyn. Es maͤffe eine Ordnung mittels Authoritzt der Obrigkeit gehalten

200 1402 1299 84 werden: Der einfaͤltige Mann ſeye nicht in Stand ſelbſt ales zu beurtheilen⸗

200 1447 1296 85 Sein Verſtand ſeye nicht genngſam erleuchtet; In der Kirchen ſeyen Lehrer,

198 1491 1302 87 welche dem Volck die Glanbens⸗ Lehre erklaͤrenmuͤſſen ꝛe. Ich bin mit dieſer Antwore

198 1529 1298 95 z frieden; dann iß ganh Catholiſch. Warumen aber ſolle der gemeine Nann, und der Glau⸗

200 1573 1296 90 dige, der Authoritat emes eintigen Staats⸗Rart, welcher eine Nene Lehr angenommen,

198 1606 1297 92 mehr Giauden beymeſſen, als der allgemeinen Kirchen⸗ Authoritet, welche von Chriſt⸗

201 1653 1293 88 JEſu Zetten bis allfero beftanden; Die in der Glaubens⸗Lehr niemahlen eine Aenderung vorge⸗

196 1693 1294 86 nommen, (gleichwie doch, bey der vor zweyhundert Jahren angefangenen ſogenannten Reforma⸗

195 1728 1293 89 ton, vielfaͤltig geſchehen, da dir Herren Keformatores dald dteſes balo zenes unter ſich geanoerr

194 1768 1296 98 taben ja biß dato unter denen Herren Lurtheranern ſelbſt ketne Gleichheit in ſnden i.) dat m der

196 1808 1292 93 Cattholiſchen Kirchen, unter denen Glaubigen vtele Mißbraͤuch eingeſchlichen, laugner nemans,

198 1850 1290 88 deſſentwegen die Ktrchen ſich beſlſſen, und bemuͤhet, ſolche Mipbraͤuch abzuſteuen. Aber die Lehr

1412 1923 76 60 waͤre

196 1890 1294 101 wan ren, md wah paſt verdltsde, dgmn warn Ne Echre nict nenn vn nahhact vndltaten
