1566 2270
102 121 98 59 60z

596 122 45 68 us

779 121 176 71 ) 75

102 172 1381 77 lich Sehen der Augen unſere Hertzen erinneret werden der groſſen un

104 224 1379 73 ausſprechlichen Gnaden und Wohlthat, ſo uns durch das Verdien,

104 276 1383 72 des Leydens und Sterbens unſersHHErin JEſu Chriſti widerfahren,

103 322 1373 79 und allda in dieſem Abendmahl zu empfahen angebotten, und ausge

109 369 400 72 ſpendet wird. (o)

234 465 1239 79 Darnach fanget der Schullmeiſter an das Sanctus und Bene

105 512 341 73 dictus zu ſingen.

233 602 1247 85 Auf ſolches ſinget der Prieſter Oremus, und das Pater noſterz

102 657 1361 80 und ſo er ſolches vollendet hat, kehret er ſich um, gegen den Volck, ull

102 708 1359 77 ſinget, Paz vobiſcum, darauf der Schullmeiſter antworter, Amen⸗

235 791 1233 82 Darnach gel en die Communicanten, und erſtlich die maͤnne

104 848 1354 75 auf der rechten Serthen, knyen vor den Altar nieder, und empfahe

103 901 1353 72 einer nach den anderen den Leib Chrifti von den Prieſter, (p) der de

99 948 1338 81 Amt geſungen hat, und ſo ſie denſelben empfangen haben, gehen

98 1001 1330 70 um den Altar auf die andere Seythe, und empfahen auch das &

99 1047 1369 71 Chriſti, aus dem Kelch von dem Evangelier, desgleichen thun auc

98 1094 1365 75 darnach die Weibs⸗Perſohnen, der Epiſtler aber haͤit das Tuch, daru

97 1145 1370 71 ber das Volck den Leib Chriſti empfanget, und ſo jemand aus Einfol

97 1198 1371 73 etwann ein Ungeſchicklichkeit brauchte, den unterweiſt und bericht er⸗

97 1245 460 64 wie er ſich halten ſolle.

232 1322 1233 71 Unter dieſer des Volcks Speiſung ſinget der Schullmeiſter dar

98 1374 1339 71 Agnus DEI dreymahl langſam, wo aber deren Communicanten ſo:

99 1423 1324 66 ſeynd, daß die drey Agnus DEI nicht gelangen moͤgen, bis man

95 1471 1371 70 alle verrichtet, ſo wird eine lateiniſche Danck ſagung darzue geſungen-

95 1522 1363 67 wie man die im Gradual an bequemſten finden kan. Und nachdem

97 1568 1369 66 nun alſo jedermann geſpeiſet iſt worden, ſo nihmt der Prieſter fuͤr ſid

97 1618 1359 68 ſelbſt auch das Sacrament, und ſinget dann ferner ein Collecte, a.

95 1668 1368 69 eine Danckſagung fuͤr die empfangene Wohlthat, und auf ſolches ſir

97 1716 846 64 get der Evangelier DEO Dicamus gratias.

1364 1745 106 89 Dat

138 1861 1338 58 (o) Von dem weß⸗ und undlurigen Ovffer Chritr geſu, iſt das mehrere bey denen gelehrten Co--

169 1900 913 54 troverſiſten zu unden, und allhter nicht thunlich mehrers zu ſagen.

143 1935 1334 61 1) Huer huſſet es ſchon wederur, das der Communicant den Leib FEſu Chriſti, und das

167 1979 1296 61 Bliut JEſu emykahbr, mehin n der Len und Dlut geſu Chriſ vor dem Genut des Connun

166 2019 863 61 canten gegenwaͤrtig, ſonſien ſeynd dit Wort mehzrmahlen falſch.
