1554 2270
628 85 127 72 228

808 93 85 60 0)

990 97 32 34 srs

1424 85 89 58 &29

134 126 1375 99 allian erhalten, daß Se. Durchlaͤucht die Undefugnuſſen abſtelen

132 170 125 87 ſollen.

261 220 1252 83 Von Augſpurg marſchierte der Koͤnig mit der ganten Armee na⸗

131 278 1380 70 Hher Ingolſtadt: den 20. April ließ er ſich darvor ſehen, und fangts

132 329 1380 65 an difſeits der Donau auf der Bayriſchen Seythen zu belaͤgeren. Es

134 377 1378 64 halff aber kein Ernſt, es ergab kein Muͤhe. Es richtete das behertzte

133 422 1385 67 oͤfftere Anrennen und Stuͤrmen deren Schwediſchen Soldaten nichts

128 470 1385 64 aus. Go wurde auch des Commendanten Grafen Farnſpach Pro-

131 519 1381 66 dirion zertlich entdeckt. Nachdeme nun der Koͤnig in Schweden z500.

127 568 1387 67 anserleſene Soldaten, ſamt vielen Ofhciren ( unter deren der Marg⸗

124 612 1387 71 graf Chriſtian von Durlach war, auch dem Koͤnig ſein Leib⸗Pferd,

127 665 1385 67 worauf er damahls geſeſſen, erſchoſſen worden) ligen laſſen, hat er

126 713 1383 70 die Belaͤgerung aufgehebt, und waͤre der Marſch nach Regenſpurn

126 766 1385 62 kommen, wann man von dem vorangeſchickten General Horn ein Hoff⸗

126 810 1387 65 nung haͤtte haben koͤnnen, allda was zu gewinnen: dieſe aber wurd

131 858 1382 70 adgeſchnitten von der Sorgfalt des Chur⸗Fuͤrſten, der jenſeyts der

128 905 1383 72 Donau dem anmarſchierenden Horn, mit ſtarckem Succurs vorkom⸗

129 954 1383 70 men, dene gar deztere, gedachter Commendant, Herꝛ Baron von

129 1001 1380 72 Salis, herein gebracht, auſſer deſſen haͤtte dieſe Stadt gleich damahls

129 1053 1380 70 in des Koͤnigs von Schweden Gewalt gerathen koͤnnen, allermaſſen

127 1102 1381 69 ſelbe bald hernach eben wegen zu gering hinein gelegener Guarniſon in

129 1151 1375 69 des Hertzogs Dernhard von Sachſen VVeinmar Handen kommen,

128 1199 1052 70 wie es hinnach mit mehrern wird zu vernehmen ſeyn.

249 1240 1258 70 Dem von Farnſpach iſt den 19. May 1625. hernach allhie das

127 1288 1381 79 Stand⸗ Recht gehalten worden, und dahin ausgefallen: Er ſollte

128 1338 1379 74 auf dem Kornmarckt decapitiret werden. In der Erecntion hat er

131 1387 1376 73 unter dem Streich gezuckt, ſich uͤber die Buͤhn herab geſturtzt, und

132 1436 1374 79 die Flucht geſucht, aber nicht entrinnen koͤnnen, ſonder durch viel von

133 1480 1371 96 Lem Scharff⸗Richter empfangene Wunden hat er ſein Leben laſſen

131 1543 146 83 nuſſen.

257 1561 1249 103 Von Ingolſtadr gieng der Koͤnig auf Landehur, und um Wit⸗

131 1624 1375 87 en ihme ſein Vorhaben zu Ingolſtaor ſo ſchlecht abgangen, hat er

133 1677 1371 79 ſich deſto verbitterter gegen denen Landshuttern erzeigt, welche fuͤr ein

136 1723 1363 81 Snad halten muͤſſen, daß er fuͤr die Brandſchaͤtzung hundert tauſend

137 1770 1362 90 Reichs⸗Thaler ihme verſprechen laſſen. Woran ſie gleich die Helffte

146 1818 1353 87 ezahlt, und bis zu Complierung des Reſts Geiſel hergeben. Von

137 1866 1361 108 annen Iſt er Munchen zugereiſt. Unter Weegs zu Erevſing bewegt

737 1928 158 64 Rrr 2

1417 1914 80 55 den
