1959 2500
796 251 323 86 8 (0) Est-

226 304 1400 96 aus Oeſterreich bermeinte, ihme gebuͤhre die Cron, ſuchte dieſelbe

1547 275 64 65 827

227 361 1395 82 ncht mit Rechten, ſonder mit dein Schwerdt zu erhalten, dekame ei⸗

229 401 65 67 ꝛen

297 416 1325 82 Anhang, erſtens von ſeinem Bruder Leopoldo. 2. Friderico, Ertz⸗

238 466 1387 81 Siſchoffen von Saltzburg, und anderen. So war zum anderen er

243 515 1376 86 icht ſicher von Hoch⸗ gedacht ſeinen Bruder Hertzog Audolphen,

237 555 46 60 er

295 570 1329 77 zum zweytenmal in der Untreu ergriffen, pardoniret worden, end⸗

240 613 1382 89 ch als er zu VVolffrarshauſen belaͤgeret wurde, hat er ſich heimlich

233 672 1389 73 naus gezogen, und in die Flucht begeben; wolte alſo lieber in Exi-

298 720 1326 77 ein Leben endlich zubringen, als mit ſeinen Bruder Kayſer Lud⸗

238 769 1383 82 oigz im Gluͤck ſtehen. Fridericus richtete ſich in das Gewehr gleich

243 823 1381 78 (dieſem Jahr In folgenden als 1515. verſtaͤrcket von ſeinem Bru⸗

237 854 57 72 er

295 879 1326 75 Leopoldo, degibt ſich nach Sperer, kommt hernach gegen Bayrn⸗

236 905 61 71 md

311 927 1311 75 verdrennt die Stadt Landſperg. Das naͤchſte Jahr darauf de-

237 972 1389 82 enaͤrte der Kayſer wider Fridericum die Stadt Eplingen, allwo ein

243 1025 1381 79 Ochlacht vorbey gieng, und deederſeyts dey 1500. Mann blieden. In

237 1061 86 69 aueſer

350 1079 1275 76 Schlacht erhielte ſonderbahr den Ruhm Stephan Gumper⸗

229 1109 65 67 Ler

334 1188 1292 74 Ludovieus wollte gern in Frieden regieren, weilen er aber mit

234 1222 71 69 Aer

327 1240 1298 73 Sanfftmuth dieſen nicht erhalten kunte, um Willen Friderich

238 1266 53 68 de

307 1291 1317 70 Oeſterreich ſolchen ihme nicht goͤnnete, ſonder deſto lieber m Waf⸗

238 1311 42 70 er

304 1340 1318 75 ſtunde, weil der Chur⸗Fuͤrſt von Coͤlln mit anderen Fuͤrſten,

237 1369 78 71 achr

325 1390 1299 75 weniger der neu⸗ erwaͤhlte Ertz⸗Biſchoff voͤn SGaltzburg, Fride⸗

270 1427 30 61 ⸗

316 1444 1306 71 von Leibnitz, ihme deyſtunden, mußte er wider ſeinen Willen ſich

287 1490 471 69 degenwehr richten..

340 1543 1285 84 In dem Zwiſpalt, ſo zwiſchen dem Payſt, und Ludodico. Her⸗

250 1597 1374 86 ſten m Bayrn, zugleich Roͤmiſchen Koͤnig, war, hat ſich Micolauz

282 1655 1340 82 ſanierlich verhalten, daß er in keines Ungnad gefallen; auch der

220 1681 114 102 an.

341 1709 880 75 Clerus in Bayrn Ludovici Gnad genoſſen.

348 1762 1274 81 Dieſer Biſchoff erlaubte auch auf Anhalten eines Edlen von

334 1826 1288 68 erg, Reimeri, zweyen Eremiten, Gorrfriden, und Albrech⸗

232 1844 52 58 en

339 1872 1283 78 ellen unweit Prenberg zu bauen, die hernach zu einen Cloſter

227 1891 85 96 9.

320 1923 1088 75 pſen, und unſer lieben Frauen Cell genennet worden.

341 1986 1284 73 Der obbemeldte Zwiſpalt und Ungunſt bey dem neu⸗erwaͤhlten

233 2001 71 75 bar

308 2040 1313 75 ten oanne XXII, kam nicht allein her von ſeinem Emulo Fride-

361 2093 1260 73 ſonder weil Lndovicus denen Gidellineren Huͤlff wider die

255 2133 1366 107 odens des Tayſts Faroriten keiſtete, und doß er vor ſeiner Ers⸗

1507 2190 114 72 nung

41 512 82 75 lich⸗

80 563 33 59 9

27 1266 63 70 mtt

36 1372 43 65 ert

31 1608 60 72 he⸗

33 1651 76 76 vol⸗

36 1704 65 73 nisk

43 1856 54 67 eis
