1959 2500
30 301 106 60 Lagel

22 350 109 66 herill⸗

29 404 91 61 rger

33 444 90 67 r ſiͤ

37 501 81 67 Boͤb

61 601 58 80 un⸗

66 750 40 62 ru

66 808 22 53 1

22 870 64 49 is.

47 905 53 60 b.

50 1304 47 62 ꝛrt

38 1350 53 65 ch

37 1451 69 62 nbet

36 1504 27 64 1

50 1606 41 53 er

29 1651 64 68 80

26 1697 67 72 hrol

27 1751 71 69 ver⸗

29 1813 34 60 n

30 1851 70 58 noit

29 1906 46 60 ot

23 1952 74 63 dent

757 244 361 78 2S (0) Lig-

229 301 1409 78 Haus Bayrn verkaufft und verſetzte Guͤtter hat er wieder zu dem Bi⸗

225 359 1413 70 ſtum gebracht; vom Haus Oeſterreich und Bayrn ſchoͤne Privilegia

230 408 1409 73 Arhalten; zu der Bruderſchafft S. wolfgangi ein ſchoͤnen Jahr⸗Tag

229 461 1413 72 geſtifft. Ich liſe, daß dieſer Biſchoff, und ſein Capitel dem Ert⸗Bi⸗

229 511 1406 72 ſchoffen zu Galtzburg Anno 1279. verkaufft haben all ihre Guͤlten

237 561 1396 70 ind Guͤtter zu Hanſee, um 2. Pfund Pfenning Gelds, und v. Marck

233 612 1409 68 Silber. Der Leſer erinnere ſich, was oben Capitel z0. von Hanſee

238 662 1395 69 ſermerckt worden; der Cardinal Frantz VDilhelm von TVarrenbern

236 712 1402 72 eennet dieſen Biſchoff Heinricum de Rottenegg, Bearum, in denen von

237 766 1401 70 hme in Druck gegebenen Actis Synodalibus, wie auch Hundius, Pla-

240 813 474 71 erus, Grienebald. &rc.

347 880 1286 75 Zu Pflantzung Fried und Einigkeit unter denen Streitenden, war

272 937 1363 72 ſo tauglich als degierig. Regrerre das Biſtum mit groſſer Weis⸗

243 988 1389 68 ſeit und Verſtand 19. Jahr, und ſtarb den 26. Julti Anno 1296.

241 1036 1394 75 ſinter dieſem Biſchoff haben die Geiſtlich Fungfrauen in St. Maria

247 1088 1382 70 ſtagdalena Cioſter (die Buſſerin genannt,) die Regul S. Clare an⸗

238 1138 1340 70 ſenommen Anno 1286. Dieſes Biſchoffs Epiraphium lautet alſo;

420 1233 999 71 Hane Catbedram reœit Heinricus, quem petra terit.

423 1302 820 79 De Rottenegg ortus cœli pateat ſibi hortus.

766 1433 341 119 Zu ſa tz.

357 1581 1276 80 Uricun, ſolgte Prileriem, und auf dieſen Udalrieur 1, Adbt ꝛn S. Em-

330 1634 149 57 meram.

243 1713 39 63 1,

345 1705 1291 67 Nach dieſem wurde von den Convent zu S. Emmeram erwaͤhlet Hayeo.

244 1765 47 57 wi⸗

347 1755 1293 61 er Biſchoff hatte ſich gegen dem Cloſter S. Emmerami in gewiſſen Srncken,

327 1797 1312 68 orhero gemeldet worden, guͤnſtig erzeigt. Dech kehanytete er die ſurisdi-

250 1805 73 65 tior

345 1841 1297 65 aͤder daſſelbe, und wolte Foiſgangzum, als Abtten daſeibſten einſtellen. Die

243 1854 65 59 neit

243 1895 51 53 ꝛat

348 1884 1294 61 Moͤnch nahmen ſelden nit an. Haymo deſchuͤtzte die Frrnheit des Cioſters

330 1926 1310 62 kinen Kraͤfften. Dahero anf Bitte Haymonis des Abbtens, RUDOLPHUS

248 1931 59 67 Koͤr

333 1969 1307 65 cher Koͤnig, dem Eloſter ſeine Frenheit deſtaͤrnget. (Vide Diploma En-

244 1977 79 66 lolpl

254 2019 55 62 ut⸗

380 2015 1259 64 Haym wurde ven Leone den Biſchofſen atgeſetzt. Der Abbt aber appel-

330 2056 1310 67 A den Rimiſchen Pabſten Gregoriumn X. Leo der Bifchoff wurde Anfanas

241 2065 64 62 nad

329 2098 1306 72 Jos (Lugdunum,) und ternach nach Rem beruſſen Erſchiene aber nicht.

248 2134 1392 82 ru webhes er Anzatgs interdikkar, asdann ſuſperſtr, und endlich encommuni-

1000 2195 122 75 a r2

1563 2184 79 93 eier
