1935 2499
426 241 96 56 272

1000 233 340 65 28 (0) Luß--

427 285 1401 75 Tochter, und nach gehaltenen Beylager zu Augſpurg ſchickte er ſein

425 342 1397 68 Gemahlin nacher Ravenſpurg, Er aber verreiſte in Gachſen. Hi-

420 391 1396 64 dericus, Graf von Bogen, Advocarus des Stiffts allhie, haͤtte Mit

420 444 1399 68 fallen ab der Reformation Hertzogs Hainrichs, vermeinend ſein Eh.

418 495 1400 68 ſey hierdurch geſchmaͤhleret, und der Nutzen benommen worden. ka⸗

420 548 1395 67 dete den neu⸗ aufgeſtellten Vogt gar freundlich zu ſich, und da er oh

420 598 1060 65 ne Sorg erſchiene, wurd er von Priderico ermordet.

559 645 1255 71 Anno 1126. iſt allhie Biſchoff worden Chuno, der Erſte di

419 698 1393 66 Nahmens, Abbt des Benedictiner⸗Cloſters zu Sibburg. Er kundur

418 752 1394 65 te das Collegiat-Stifft S. ſoann. allhie zu Regenſpurg, und weyhel

416 801 1396 68 das vortrefliche Cloſter VValdſafſen in Nordgau, ſo Diopoldus vo

423 852 1381 65 Dohburg, ein Sohn Diopoldi, Marggrafens von Camb ꝛc. ſamt ſe

415 901 1386 61 ner Gemahlin Adelhaid, aus Antrieb des edlen Manns Gerwici 9

415 952 1389 69 ſtifftet. Regierte nur 2. Jahr, und wurde nach ſeeligem Ableibe

418 1006 1296 68 Anno 1120. in unſer Cloſter⸗Kirchen neben anderen begraben.

550 1055 1262 66 Anno 1128. hat Hertzog Hainrich den vor⸗ erzehlten Mord s

418 1105 1382 68 raͤchet, vorhero Graf Friderichs Volck geſchlagen, hernach ſein Schle

419 1156 1371 68 Falckenſtein eingenommen. In dieſem Jahr den erſten May reſtirul

416 1209 1356 65 te dem heiligen Orden S. Benedicti gedachter Biſchoff Cuno das E

416 1256 1374 69 ſter VDelrenburg, ſo Hartwicus ſein Anteceſlor Anno 1122. denenC

415 1306 646 72 nonicis Regularibus uͤbergeden.

951 1429 346 134 Du ſ atz.

486 1589 1315 71 S ware das vorhergehende Lapitel ſchon das erſtemahl abgedrucket Akein⸗ das

420 1635 1298 68 O der Leſer einen kurtzen Begriff von dem H. Wilhelmo, (ſo von Ingent

407 1682 1311 64 dem Cloſter S. Emmerami erzogen worden, und als Moͤnch allda gelebet) bekon

1757 1711 37 53 ꝛi

408 1727 1300 59 hab ich erachtet noch nachſolgendeszu melden. Wilhelmus in Payrn gebuͤrtig.

1775 1745 28 50 n

412 1770 1320 59 von ſeinen Eltern GOtt in dem Cloſter S. Emmerami aufgeopferet, aldg erzoge

404 1814 1310 56 unterwiſen Er lebte lange Zeit als ein frommer Gottsfaͤrchtiger Moͤnch, unt

1678 1849 76 57 vuri

402 1863 1255 58 rer der Cloͤſterlichen Zucht in dieſen Orth. Anno 1069. den 28. Man

407 1902 1329 61 Aboͤt zu Hirſchau in Wuͤrtenderger⸗Land, welchem Cloſter er mit groſſer Sor

1704 1932 33 51 e.

402 1942 1280 65 Eyffer vorgeſtanden. Vauete alda ein ſchoͤnes Gotts⸗Haus. Die Einkaͤn

407 1986 1344 61 ſes Cloſters erkleckten kaum zu Erhalrung 15. Moͤnchen. Er vermehrte aber.

1768 2003 26 47 rl

404 2029 1301 60 Einkommen alſo, daß er 150. Religioſen vor den Chor beſtaͤndig unterhielte

411 2070 1305 63 da er von dieſen ſeinen Untergedenen oͤtfſters einige in andere Eloͤſterzn Eint

1662 2104 66 68 aht

404 2115 1219 82 beſerer Dilciplin entaſen nuͤttt, erſegir er alſoglaich wirderumn deren
