1991 2551
743 248 41 51 n.

826 243 29 73 3

935 246 209 72 ) Lhg--

212 291 1417 81 gemeinſchaͤfftliche Leben nach der Regel Crodegangi anfgetragen worden, welches

209 337 1416 81 hernach widerum in den Mayntziſchen Concilio Anno 812. nachdrucklich wider⸗

211 379 1412 83 hollet wurde. (e) Allein dieſe Geſaͤsz und Capitula, kunten nit uͤberall vollzogen

209 425 1416 79 werden; die Einkuͤuffte deren Biſtumer waren nit ſo groß an allen Orten, das ſie

208 467 1417 85 ror alle Geiſtliche, zn deroſelben gemeinen Unterhalt znlaͤnglich waͤren. Dahero an

208 518 1415 84 gewiſſen Orten ſolche COLLEGIA, welche man auchMONASTERIA, Muͤnſter

208 564 1414 79 nennte, (E) angeſtellit worden, jedoch nit an allen Orrhen. Diejenige, ſo nach

204 602 1416 81 der Negel Crodegangi, mit einander lebren, wuͤrden Canonici benahmſer. Einige

207 646 1415 85 waren zu Dienſt der Haupt⸗Kirchen gewidmet. Sie lebten neben⸗ oder in der

202 690 1417 88 Wohnnng ihres Biſchorfens ſeibſien, oder auch unter andern, ihnen vorgeſetzten

202 734 1417 80 Oberen. Andere mohnrten mit rinander eintweders in der Etadt, oder auſ den

202 770 1417 93 Land. Es waren auch Canonici, die in denen Cloͤſtern mit denen Moͤnchen unter

199 814 1419 84 cinen Abbten lebeten. Alle dieſe drey Gattungen waren doch jede in einem Clauſtro

201 858 1417 92 denſammen, ſie hatten ein gemeines Refectorium, und Dormitorium. Die

202 907 1416 90 Erſte nebſt⸗ vder mit ihren Biſchoͤfſen; die andere nut ilren Vorgeſetzten; die

198 952 1420 92 dritte mit dem Abdten. Diſe letztere waren ſolche, die eintweders nemahlen Moͤnch

195 1000 1421 84 deweſen, vder welche von dem Moͤnch⸗Leben nachgelaiſen, und ein ſreyers angefan⸗

197 1038 1418 95 gen, ſo in ſelben Zeiten muſie nachgeſehen werden. Doch lebten ſie mit denen Moͤn⸗

194 1079 459 77 hhen unter den Abbten. (e,

303 1140 1312 90 Diejenige Canonici, ſo mit dem Biſchoffen in ſeiner Wohnung, oder

197 1181 1412 91 naͤchſt daran lebten, waren der Rath (Senatus) des Biſchoffens, und beſtunde

195 1228 1414 85 aus HPrieſtern, und Diaconen, endlichen wurden auch Su bdiaconi darꝛn gelaſten.

292 1272 1318 84 Dirſe Collegia waren nit verbunden zur ſreywilligen Armurh. Ein ieder

192 1310 1417 91 tunte ſein Erbrheil beſitzen, und wann er die Rutznuͤſſung eines Ackers, oder ander

191 1352 1414 97 ten Benefieii von dem Biſchoffen dekommen, ſeibe deydehalten. Die Anstheilnng

188 1394 1417 96 in dieſen Collegiis geſchahe auf ſolgende Weiſe, wie in Concilio zn Aachen An-

190 1441 1415 99 no 816. zu leſen. Erſtens, wurde einem jeden auf gleiche Weiß, Brod, Wein,

187 1488 1416 97 und Epeiß, anch etwas an Geld gereichet. Hrveytens, welche einen Erbtheil,

188 1532 1415 102 oder andere Nutnuͤſung von denen Kirchen⸗Guͤtern hatten, dekamen nichts an Geid.

187 1580 1418 100 Drirtens, da einige ihren Erbeheil, vder andere Eintuͤnfſten ans Lede der Eoas⸗

188 1629 1418 100 geliſchen Armuth verlaſſeten, wurde vor ſie deſondere Corg getragen. (1) Dreſe

190 1673 1413 105 Austtz eilung warr doch nit an allen Orten gleichſoͤrng Es erzehlet auch Thomalti,

900 1738 30 70 .

221 1801 39 39 -

1518 1763 87 48 nus

214 1880 1033 91 () lbidem za arun 118. Cayitulzris Caron Magn Capirelo 1V.

208 1930 1393 98 CU) Tnomains de Diſciplins parte L. 1d. 2. cnp. 2. num. 9. & car. 9. num. 5. Vide

239 1975 794 84 eriam Glollarium Du Cange verboͤ. Monaſterium.

205 2026 1393 102 () Tonlck. purre 1. nd. 1. err. 9. item vurre U. ud. 2. eor. 6. irem vrte IL. ud. ꝛ.

241 2066 130 56 EaP. 20.

204 2100 512 86 G Ldem prte 1. Hd. 5. e27. 7.

199 2154 1295 116 O Uen Par. Ul. nd. 2. err. 20. Prre I. ud. 1. erp. 2o. vorte ꝛ. ud. ,. er. 2.
