1978 2545
349 175 62 56 S0

851 192 406 79 2128 (o) 82z-

339 237 1418 109 des Glaubens angenommen, daß er bald von dem heiligen Apoſtel in

338 287 1419 110 aller Vollkommenheit unterrichtet, fuͤr einen Reiß⸗Gefaͤhrden ge⸗

336 340 1418 102 braucht, und nach z. Jahren denen Arhenienlern fuͤr einen Biſchoff ge⸗

336 387 1412 113 ordnet worden, der zuvor im Politiſchen und Burgerlichen Sachen

332 436 276 73 Richter war.

331 494 1412 106 mit groſſer Frucht; ſtritte fuͤr die Heerden, vertribe die wilden Chier,

635 452 1112 99 Fuͤhrete alſo der HHeil. Diony lius der Kirchen Regiment

328 542 1416 108 heylte was kranck war, brachte wieder zu recht, was ſehr und ferr ir⸗

329 592 1416 109 rig gangen, und war (wie ſein Meiſter) allen alles, alſo eyfferig die

328 646 1413 101 Geelen zu gewinnen, daß ihm nichts angelegners ware. Dahero

326 698 1414 105 dann, wann der Mund feyern muſte, den Haͤnden die Arbeit angekuͤn⸗

322 747 1419 102 det worden: hat vil hocherleuchte, gottſeelige, nutzliche, und einem

324 797 1413 102 Wort einem ſolchen Meiſter gleiche, und wuͤrdige Buͤcher und Send⸗

321 846 1417 112 Brieff geſchrieben, mit⸗ und in welchen er mit mehrmahlen gebrauch⸗

316 896 1417 113 ten Philolophiſchen Gewalt den Irrthum, und der Heyden argliſtiger

314 944 1417 115 Dilputation zernichtete, getilget, und der Goͤtzen⸗Dienſt aufgehebt;

314 998 1419 110 dagegen die Seelig⸗ und Unſterblichkeit des himmliſchen Vatterlands

314 1054 1416 105 und ewigen Lebens geruͤhmt und achtbar gemacht. Durch Strengheit

311 1102 1415 104 ſeines Lebens, und Abtoͤdtung ſeiner Ginnlichkeit iſt er zu ſolcher Foll⸗

309 1157 1418 94 kommenheit gelanget, daß ihn GOtt fuͤr wurdig geſchaͤtzt mit den Ayo⸗

307 1206 1420 94 ſteln dem Abſcheid, und Begraͤbnuß der unbeſleckten Mutter GOttes

305 1254 1416 103 Mariaͤ beyzuwohnen, worzu er wunderbarlicher Weiß durch die Wol⸗

302 1307 447 74 cken getragen worden.

444 1362 1276 98 Hernach iſt der Heil. Dionylius vom Vatter ſonicus, dem

299 1406 1420 99 Chriſtlichen Nahmen nach, und wegen hoͤchſter Heiligkeit, Macariu⸗

298 1464 1419 92 oder ſeelig genannt, das gantze Land durchwandert; was ſein Meiſter

295 1515 1418 89 der Heil. Paulus gepflantzet, hat er mit uberſtußiger Sorgfaͤltigkeit ge⸗

294 1558 1416 101 waͤſſeret, die ferre Staͤdt mit Predigen zu dem Catholiſchen Glauben

291 1609 1419 98 bekehrt, die Glaubigen beſtaͤttiget, die Krancken von allerley Gebre⸗

290 1666 1414 90 chen geſund gemacht, und mit dieſen Evangeliſchen Ubungen biß aut

294 1713 1409 98 Troja, und Pelio der Lacedemonier kommen, allwo er erfahren, daß

290 1763 1414 100 Petrus und Paulus zu Rom verhafftet waren. Dahero er wieder gen

285 1818 1415 96 Aren gereiſt, an ſeiner ſtatt einen anderen Biſchoff eingeſetzt, und

280 1871 1420 92 ihme das Volck anbefohlen; er aber begabe ſich auf den Weeg mit

277 1922 1420 95 etlichen Mitgeſellen nacher Rom der Marter beeder HHeil. Apoſtlen ſich

275 1973 1421 91 theilhafftig zu machen: indem er ſich aber unter Weeg mit Predigen,

274 2026 1423 87 und Bekehrung der Unglaubigen etwas aufgehalten, ſeynd die beede

274 2075 1419 91 heilige Grundſaulen der Chriſtlichen Kirchen Petrus und Paulus nem⸗

1601 2151 98 67 lich⸗

1911 1692 30 61 n.

1914 1847 28 70 C

1918 2043 23 65 1
