1940 2440
341 157 91 72 16s

852 173 12 47 .

905 164 324 75 18 (0) Ebg-

334 214 1393 88 alt war. Dero Begierd und lntention haben ſie dem Herkog Wilhelm

1809 218 117 72 Loſt o

334 269 1386 88 als ſeinen Herrn Vattern, und dem Hertzog Albrecht als Grof⸗Vat

1807 267 96 70 hnen

333 318 1386 88 tern hinterbracht, welche zwar die Zuneigung mit Gnaden angenom

1808 317 123 70 Spital

334 370 1383 85 men, aber zu bewilligen eine Beſchwerde gefunden. Doch in Be

1812 370 107 69 Predi⸗

332 417 1382 88 trachtung, daß ſolche Poltulation zur Ehre GOttes, Schutz der Ca

1807 422 66 61 nen.

330 466 1379 91 tholiſchen Religion, Verdeſſerung des geiſtlichen Stands, und ſon

1808 466 123 77 Gebort

330 519 1371 78 derlich diß gar alten verlaſſenen Biſtumbs Conſervation und Au

1808 517 123 69 Sie n.

329 567 1380 87 nahm gereichen moͤchte, haben ſie zu letzt eingewilliget. Darum biſ

1807 569 67 68 Auf

1804 618 100 77 ier ih⸗

328 616 1377 91 der iunge Fuͤrſt erwuchſe, und ſein gebuͤhrliche Jahr erreichte, kunte⸗

325 668 1350 81 bey laͤhrer Hoffſtatt die Nenten zunehmen, und darmit die alte Sch

328 719 1343 82 den bezahlt werden. Zu Beſtellung des Geiſtlichen und Zeitlichen

325 767 1364 87 man die Adminiſtration dem Paͤbſtlichen Nuntio D. Feliciano Biſcho

324 814 1366 87 fen zu Scala, und dem Eolen Herrn Wilhelm Schuderer, andertrai

324 867 1357 88 Immittelſt durch gute Zuchtmeiſter wurde der junge Hertzog zu ale

324 921 1335 83 dem angehalten, was GOrt gefaͤllig, ihme ſelbſten nus, dem ho

321 970 1347 84 Eltern erfreulich, und dem Biſtumb troͤſtlich ſeyn, und dienen moͤc

1681 976 19 54 .

324 1020 1336 78 Zu welchem allen dann er ſich gar geſchickt gemacht. Damit nun

321 1073 1351 81 Catholiſche Religion deſſer beſchuͤtzt, und dem Lurherrhum beges.

319 1121 1332 75 wurde, ſeynd die Patres Socieratis IESU allhie introducirt wor

319 1168 1343 83 Niemand wolte dieſen neuen Patribus ein neue Stifftung thun; da

321 1221 1365 78 ſie aber gleichwohl ihr Accommodement, und Unterhaltung hatren

318 1271 1368 79 iſt das Cloſter Sancti Pauli Ord. S. Benedicti, welches Heinrico

318 1321 1321 83 Pius, und S. Volfgang Adelichen Cloſter⸗Frauen geſtifft, denenſe

317 1371 1336 82 1587. eingeraumt worden. Von denen zweyen noch vorhandenen C

321 1421 1304 83 ſter⸗Frauen, iſt Fr. Barbara Stainerin in das Stifft Ober⸗9

317 1472 1320 86 ſter kommen; Frau Margareth von Parſperg hat in der Stadt iht

314 1518 319 70 ben zugebracht.

452 1565 1239 87 Die gemeine Stadt allhie, ware denen Patribus Focletati

317 1618 1370 83 gantz zuwider, und weil ſie erſtlich dero lntroduction nit verhinder⸗

317 1667 1339 85 oder abſtellen kunten, haden ſie ihnen zu dem Anno 1589. vorgeno

1648 1712 47 55 u⸗

311 1724 1254 77 menen, und angefangenen Bau keine Hau⸗Mlaterialien, auch

315 1773 1294 81 res Gelo folgen, und was ſie anderwaͤrtig bekommen, nit wolle.

313 1820 1235 84 ein palliren laſſen. Den von den Patribus aufgeſtellten2

313 1870 1225 84 Maur⸗ ader Bau⸗Meiſter haben ſie aus der Stadt geſchafft.

1576 1867 60 68 Al.

315 1915 1376 88 Anno 1590. zu Unterweiſung der Jugend in dem Gurrenſtainer Hoi

309 1972 1294 77 die Schulen angefangen, haben ſie denen Burgern verborten, nit

1630 1998 67 63 de

311 2019 1279 102 kein Eind ihnen zu unterweiſen zu geben, ſondern ſo gar niemand

1592 2018 40 62 ir

1805 771 73 55 and

1804 810 42 68 n

1809 971 86 60 m,

1801 1011 111 74 Derre.

1817 1064 71 71 ec

1804 1110 84 73 Albre

1809 1161 112 73 doͤnen

1812 1218 117 67 atholi

1801 1266 98 59 chen.

1803 1306 108 79 ung b

1799 1359 128 76 Aemeni

1826 1413 95 72 rden

1812 1512 94 75 dum

1858 1472 71 62 Gu

1800 1561 123 72 Schwit

1808 1609 115 77 hurfu

1813 1667 118 64 28. d

1805 1710 129 67 s gan

1793 1754 56 59 nd

1874 1762 33 69 6

1808 1808 122 68 iſer lit

1817 1861 104 61 e das

1775 1891 90 89 eiot.

1775 1988 68 122 2
