2064 2572
15 325 156 57 lhier ge⸗

38 371 134 63 irt ſey

35 418 137 72 n Chri

27 521 148 71 e zween

24 575 146 62 lin Clo

20 621 154 64 heodo-

35 673 137 62 widet

31 720 144 67 Wacha-

34 770 140 68 n wohl

40 825 132 63 1, uni

35 920 140 67 ekannt⸗

38 978 139 63 rhario.

27 1024 147 67 lle nicht

71 1073 103 72 Regi

55 1131 116 59 zyern.

51 1181 123 60 wal⸗

65 1228 109 60 neben

52 1278 116 66 Schoͤn

38 1328 127 62 vuͤrdig

47 1381 115 67 t wot

45 1433 122 60 wol

34 1477 128 74 Fuͤrſte

28 1530 140 66 den lait

22 1623 143 74 ahr mi

45 1681 116 62 r Ag.

50 1734 105 59 mme

42 1773 118 70 Reis

47 1827 113 70 en s.

31 1878 124 76 brachl

796 247 37 44 c.

290 280 1406 98 braͤcht, und der Chriſtlichen Kirchen, die in Ftalien abſonderlich biel

880 245 34 66 3

979 245 218 77 0) Es-

1643 257 37 60 12

291 328 805 97 Ungemach erlitte, groſſe Rnhe geſchafft.

287 430 1406 97 bald aus Bayrn mit ſeinen zween Soͤhnen, die ſlohen in lralia zu der

417 388 1272 90 Anno ;91. vertrib Childebertus Koͤnig in Franckreich den Garl-

291 477 1398 101 Theodelind⸗, allwo ſie auch geſtorden Setzete hernach in Bayrn

288 528 1401 96 Thaſſilonem Theodebaldi (Dietwalden) Sohn, und Theodonis Wa-

284 578 1402 100 carii (des wackeren Diethen) Enickle. Dahero er auch Childeberto

285 628 1401 103 im Krieg wider ſeine Feind, die dem Reich Auſtralir zur nahe kommen

283 675 1395 100 wolten, dienen muͤſte Thallilo hielte ſich wohl, gewanne Anno 595.

281 723 1405 107 eine ſchoͤne Schlacht, und bekam ein groſſe Beuth. Anno soo. iſt ihme

281 771 1402 112 aber der Feind zu ſtarck kommen, dahero er mit der Schlachr auch das

287 818 973 97 Volck, und nach 10. Jahren das Leben verlohren.

411 878 1272 96 Garidald der andere Thaſſilonis Sohn, bekame zur Ehe Gilul-

280 917 1399 110 phi der Longobarder Koͤnigs Tochter Gaèlam ein keuſche, und Ehr⸗

278 970 1398 113 liebende Printzetzin, die nach ihres Herrn Vatters Todt Anno 617.

280 1021 1400 107 mit ihren z. Schweſtern die Fungfraͤuliche Ehr vor den barbariſchen

278 1068 1400 107 Hunnen mit wunderbarlichem Liſt (indeme ſie todte junge HHendl zwi⸗

280 1114 1399 110 ſchen ihren Bruͤſten verfaulen laſſen, und durch den groſſen unleydent⸗

278 1167 1400 107 lichen Geſtanck alle Soldaten vertriben) erhalten; da doch herentge⸗

277 1217 1401 104 gen deren Frau Mutter Romilda zu Gewinnung Cacani der Hunnen

277 1265 1393 106 Koͤnigs Lieb, und einiger Nacht⸗Freuden oder Wolluſt, ſich, das Land,

275 1316 1401 101 und Stadt Friaul, dem groſſen Chriſten⸗Feind ubergeben, und vil

277 1361 1399 106 tauſend Seelen theils um das Leben, theils in die ſtrengiſte Dienſtbarkeit

275 1406 1398 110 und Elend gebracht. Und obwohlen ſie verhofft hat durch Gailheit

274 1457 1399 113 die Gnad Cacani, das Leben, und die Koͤnigliche HHochzeit zu erhal⸗

274 1506 1398 112 ten, ſo iſt das Widerſpill geſchehen, und in Vollziehung ihres

274 1557 1398 116 Leibs⸗Geluͤſten hat ſie ein ſpoͤttliches Ende gleich anderen Tags, ihres

274 1610 773 88 Lebens durch 12. Soldaten genommen.

408 1664 1264 104 Als Hertzog Garibald Kaͤrnden eroberet, iſt er nach 12. jaͤhri⸗

271 1711 1401 103 ger Regierung geſtorbden, und verlieſſe aus obgemelter Garla Theodo-

273 1754 1172 102 nem tertium, und deme auch das Land Bayrn Anno 612.

414 1814 1256 99 Es hat zwar vorhero immerdar das Liecht des Chriſtlichen Glau⸗

270 1854 1400 112 dens in Bayrn wollen aufgehen, iſt aber mit groſſer Sorgfalt von jenen

273 1901 1396 109 abſonderlich verdunckler worden, die beſorgt die Chriſtliche Lehr werde

274 1951 1399 110 das freche und freye Leben ihnen abſchaffen. Kuntens aber endlich nit

273 2003 1397 100 berhuͤten, indeme ſie den HHeurath, den Theodo II. mit Childeberti

273 2049 1392 111 Koͤnigs in Franckreich (einige vermeinen Theododerti ſeines Sohns,)

275 2100 1390 113 Tochter Legnorrude oder Ehrentraud geſchloſſen, nit verwehren moͤchten.

967 2176 100 85 6 2

1556 2193 114 70 Diſe

42 2034 78 53 TT. S

40 2071 95 58 Monas

124 2100 26 50 2
