1991 2551
706 255 44 49 a.

770 256 350 71 2 (0) Zug-

201 296 1424 99 berti, welcher den heiligen Emmeramum durch grauſeme Marter hinrichten laſ⸗

1559 287 49 58 11

198 341 1428 96 ſen, und deſſen heiliger Leib alsdann wieder nach Regenſpurg gekommen, beweinte

195 385 1430 95 dir Muͤſſethat ſeines Sohns; verehrte dem heiligen Emmeramo verſchirdene Gaͤ⸗

198 429 1425 89 ter, durch deren Genud einige Moͤnch, ſo in diſem Ort GOrt in St. Emmeramo

197 471 1425 95 deſtaͤndig loben ſollten, unterhalten wurden. Cœleſtinus Abbt nennet diſen Theo-

202 515 1420 97 donem, den Vierten diſes Nahmens. Alleinig die Meinungen derer Seribenten

195 562 1425 98 von denen Theodonibus, ſeynd ſehr ungleich. Cirhe, was obden pag. 16.17. 18. gemel⸗

195 605 1424 99 det worden. Unſer Arnoldus (2) ſaget, daß er die Naͤhmen einiger Hertzogen

202 653 1418 89 (in Bayrn) theils nicht wiſſe, thrils aus Behurſamkeit nicht ſchreibe. Er meldet

191 698 1429 87 etwas von Diotone, und wiederumen von einen andern Theodone (alius Theo-

192 739 1428 88 do) er ſaget aber nicht, ob Dieto, und der andere Theodo ( alius Theodo) der

191 779 1307 101 Erſte, Sweyte, Drirre, oder Dierte diſes Nahmens geweſen ſene.,

191 830 1425 94 Geor gius ab Eckard bewuͤrffet ſich auf unſerem Arnoldum, auch andere,und will durch

1554 824 44 56 b

190 874 1425 93 deren Authoritaͤt behaupten, daß Thcodo, unter welchen S. Rudpertus allhero kom⸗

188 929 1422 91 men, der Andere diſes Nahmens geweſen ſeye. Die Stiffenng deren Moͤnchen,

190 973 1419 91 welche Theodo bey dem Grab S. Emmerami ange fangen, wurde immerdar durch

188 1016 1417 90 nene Cchanckungen, welche die Verehrer diſes Heiligen demſelben geopffert, vermehre-

300 1057 1309 89 Conradus de Monte Puellarum Canonicus zu Regenipurg hatte Anno

191 1098 1419 91 1373. einen Tractat de limiritur Parocbiarum, von den Pfarꝛ⸗ Graͤntzen in der

187 1140 1421 94 Cradt Regenſpurg nach ſeinen Sinn zuſamm geſchriben. In diſem Buch Cap. 3. ſe⸗

187 1186 1419 93 bet Conradus den Anfang des Cloſters S. Emmerami mehr als um hundert Jahr

185 1224 1420 101 ſpaͤtter; dann er ſager, dab ſolches Cloſter unter Biſchoffen Eymperto in deſſen zAſten

184 1269 1419 92 Biſchoͤflichen Negierungs⸗Jahr, (mirhin um 723. vder 82.) zu bauen ſeye ange⸗

184 1318 1418 86 langen worden Allein es ſcheinet, daß Conradus die Schrifften unſers Arnoldi

181 1357 1421 92 Monachi, ſo in enlſten Seculo geſchrieden, eintweders nicht geleſen, oder mie

180 1398 1416 91 Fleiß einige Worr ausgelaſſen habe. Arnoldus, diſer bewehrte Seribent (e) ſa⸗

175 1441 1423 91 get in ſeinem Dialogo alſo: Poſt hunc ( Gaubaldum Epiſcopum) Sintper-

178 1478 1415 97 tus Carhedram Pontincalem cum regimine Eccleſiaſtico ſulcepit, qui B.

181 1517 1414 107 Emmeramo Baſlicam novam AMPLIORIBUS SPATIIS & PROPEN-

182 1568 1416 101 SIORE SUMPTU conſtrunit, atque ornavit. Zu teurſch: Nach Gandal-

182 1615 1402 98 tum den Biſchorfen, hat Sinrpertus die Biſchoͤfluche Reguerung (zn Reaenſpura

178 1662 1414 91 angerrenen, weicher dem heiligen Emmeramo eine neue Kirchen NB. AMPLIO-

178 1704 1414 100 RIBUS SPATIIS &PROPENSIORE SUMPTU, groͤſſer und koſtbarer

171 1748 128 70 erdaner

333 1764 1255 88 Diſe Woͤrrlein: Amplioritus ſpatiis, S propenßori ſumpiu, groͤfſer und

175 1806 1411 100 koſtbarer har Conradus ansgelaſſen.  Fſi alſo ſchon lang vor Sintperto ein al⸗

175 1852 1410 105 lis Grdaͤn derrn Mouchen dey S. Emmeram geſranden, welches meinen Geduncken

848 1913 36 72 6

1494 1940 94 63 nach

197 2046 612 74 (a) Baſnage tom. IIL. pag. 10c. eap. 1.

201 2080 763 89 ) Tom. 1. Prancia Orienral. rag ꝛ0c. & 207.

199 2118 481 71 0) Balnrge tom.. ITL. pag. 155.

216 2157 1355 107 Conrra Chonron winꝛven trun Belchrunnihr gactc. VMdr N. Porlmna dddien ꝛꝛ. Heun.
