1959 2500
20 277 109 67 er mit

41 327 79 67 Kay

70 425 52 68 eit

102 480 16 60 ,

58 627 61 66 dat

34 688 74 64 n ſt

712 234 32 42 ur

769 227 323 71 2 (O) E-

1532 241 93 52 281

226 283 1396 78 allerley Staͤnden und Conditionen, desgleichen auch Waaren zu ſehen.

227 336 1395 76 Gleichwie aber bey dieſem Fluß die Ausgab groß, alſo hat man auch

227 387 1392 79 deſſen ein groſſen Nutzen von denen Werckſtaͤtten, Muͤhlen, Ham⸗

233 440 1382 78 ner, Mauth, Zoͤllen, leichtere Beydringung allerhand Victualien,

225 484 443 77 und Bau⸗Marerialien.

341 543 1281 70 Es gieng aber dieſem beruͤhmten Fluß, oder bielmehr dieſer an⸗

225 590 1399 76 ſehnlichen Stadt, wegen des groſſen Fluß eine Brucken ab. Diewei⸗

229 643 1393 77 ſen nun kein gelegene Zeit ſich zeigen wolt, eine anzufangen, und die

230 693 1392 77 undamenta zu legen, als Anno 1155. in welchem Jahr ein ſolcher

227 745 1394 74 heiſſer und duͤrrer Sommer geweſen, daß auch die vornehme Fluͤß faſt

233 798 1385 72 usgetrucknet, hat man ſelbiger ſich bedienen, und den Anfang zu ei⸗

226 847 1398 73 aer koſtbaren anſehnlichen, und hochberuͤhmten Brucken machen wol⸗

225 897 1399 78 an; maſſen dann dieſer Bau in bemelten Jahr angefangen, und in den

236 948 1385 72 Afften hernach vollendet worden. Sie beſtehet in 15. weiten, und

234 1000 1387 75 oten Schwimboͤgen, iſt alles von lauter groſſen Quaterſtucken.

252 1051 1370 72 die Brucken iſt lang 191. Werckſchuch, und 22. breit, mit ſtarcken

229 1100 1389 75 Hfeilern, ſowoyl wegen des groſſen Gewaͤſſers, als Winterszeit rin⸗

233 1151 840 72 anden ſtarcken Eykſtoß gar wohl verſehen.

223 1220 59 78 ar

340 1202 1279 70 Es geben derſelben eine ſchoͤne Zierd, die an beeden Enden, wie

286 1254 1332 79 weniger einer auf dem 12. Joch ſtehende Thurn, die Muͤhlen aber

225 1293 289 86 Kroſſen Nutzen.

333 1354 1278 77 Anno 1652. im Auguſto zu Anfang des Schwediſchen Kriegs,

225 1377 57 68 har

300 1406 1318 71 Churfuͤrſt Marimitian in Bayrn den durch ſemen hie aufgeſtellten

250 1452 1367 73 ommendanten und Obriſten Herrn Zohann Baron von Trierbrerze

225 1479 43 64 zu

301 1505 1317 82 ſſerer Verſicherung dieſer Stadt, den z. Bogen verſprengen laſ⸗

226 1529 72 82 n..

308 1558 595 72 ſo noch nit reparirt worden.

336 1609 1281 75 In dem 1120. Jahr verlyhe Kayſer Conrad ſeinem (von dem

237 1623 128 99 datter

237 1709 1380 79 ſterreich, das Hertzogthum Dayrn, und foͤhrte ihn mit Kanſerli⸗

383 1668 1234 66 Stieff⸗Brudern Leopoldo, des heiligen Leopoldi Sohn aus

219 1727 72 71 cher

311 1765 1303 73 Heers⸗ Krafft allhero gen Regenſpurg, allwo jedermann ihme,

223 1777 93 84 heile

319 1818 1299 68 aus Liebe, theils aus Forcht, ſchwure. Er nahm die Poſleſlion

284 1863 1331 77 ſantzen Land, verhoͤrete die Klagende, und gab gleich ſelbſten den

290 1898 103 67 heio.

216 1926 50 67 nt

427 1918 1190 72 Diejenige Graſen von Falley, Otto und Conradus wolren

291 1961 1322 83 furdigen. So verdroß auch Telphonem den Dritten, daß er,

216 1979 54 61 As

284 2012 1327 82 eimrici Bruder, nit ſolte des Lands Ero ſeyn. Dahero als Her⸗

225 2058 1379 87 s Leopola Falley delaͤgerte, hat er denen Betrangten nit allem Huulff

218 2081 30 63 3

255 2112 1356 93 auckr, ſondern den 12. Auguſti gedachten Leopola, mit deſſen merck⸗

854 2177 94 91 Rn

1482 2173 131 99 uchen

58 844 48 65 at

61 1788 43 56 dei
