1991 2551
743 260 107 74 .1i:

935 269 22 56 -

1030 263 118 68 FEg-.

1586 279 47 52 85

221 351 1411 103 Wahrhaffte Relation, und gruͤndlicher Unterricht von

222 429 1411 85 dem Urſprung des Stiffts⸗ GOtts⸗Haus K. uolfgang in

304 488 1243 80 Schwindau, Freyſingeriſcher Diœces, Chur⸗ Bayriſchen

537 544 777 76 gefuͤrſteten Grafſchafft vaag gelegen.

226 623 1401 94 ne oettz, auf weichen arſeto das m Ehren des Hel Negenſpncgeritchen Be⸗

306 688 1320 70 ſchoffen Volkgangi errichte Chor⸗Stifft ſtehet, ware in denen Lebens⸗ Nei⸗

219 725 1406 77 ken dieſes groſſen heiligen Biſchoffens ein lautere Wildnuß, welche von denen Einſid-

219 770 1410 70 leren bewohnet wurde, alldahin hat ſich auch derſelde, wie er ſich von Negenſpura

219 814 1410 70 hinteg machte, um in einen aͤbgelegenen Orth in der Einſamkeit GOrt ſeinen HErmn

228 860 1398 68 ehſer dienen zu koͤnnen mit einen Religioſen aus den Loͤblichen Cloſter S. Emme-

226 902 1400 71 am begeben, ſobald er in Schwindan iſt ankommen, ware ſenn erſte Corg die

219 943 1410 71 hin und wieder zerſtrente und undegrabene Coͤrper, und Gebeiner der von denen

219 987 1408 70 Frauſamen Hungarn wegen des Chriſtlichen Glandens allda umgebrachten Einſidlern⸗

222 1030 1404 68 und andern ſuchnigen frommen Chriſten in ein Orrh zuſamm zn bringen, und ſelde zu

222 1072 1401 71 legraben, aͤber deren Ruhe⸗Statt iſt das dermahlige Stiffts⸗GOtis⸗Haus Anno

246 1116 1376 75 o geſetzet, und ſelbes wegen dirſer heiligen RnherStatt mit groſſen Pririlegien⸗

214 1156 1206 72 and Inanlgentien ſchon 1a60. von Paͤpſtlichen Ernhl degnadet worden.

212 1210 111 85 in do⸗

331 1203 1292 71 Der heilige WVoltganug aber hat waͤhrenden ſeinen Anfenthalt, ehe er ſich

214 1284 1409 76 erdauct, und durch ſein Vordirt den GOrt einen Geſund⸗Brunnen erw cket, aͤder

337 1247 1288 73 Avarſeriſche Gebuͤrg innerhalb Saltzdurg begeden, ihme allda ein Celen

215 1329 1408 75 delche Cellen und den Geſund⸗ Brunnen hinnach ein ordentlͤche Kirchen in den roten

215 1370 1410 82 Seculo iſt erbauet worden Welche annoch ſiehet, und mit der Suffis⸗Kirchen

212 1404 216 68 perriniget iſt.

321 1449 1302 83 Das Orih oder Wildnuß har von ſeinen heiligen Innwohner zugleich auch den

211 1486 834 78 Nahmen S. VVolkgang an Bursholtz betommen.

319 1536 1303 82 Gleichwie aber der heilige Volkgang an dieſen Orth mit vielen, und er⸗

211 1577 1411 88 ſannlichen Wunderen zu leuchten anarfangen, und dis anf gegenwaͤrnge Srund mit

211 1624 1408 83 ſelden zn leuchten immer ſort fahret, mrhin iſt ſelbes weir und breit ericholen, und

211 1668 1408 76 andurch iſt die Andacht, die Verebrung, und das Vertrauen gegen dem heiigen all⸗

211 1712 1404 82 ſemeinen Norh⸗ Heiffe. Woltzarg, ſowohl dey denen herumugenden, als auswaͤrti⸗

211 1738 71 53 gen,

319 1761 1297 75 eir enrlegenen Chriſtlichen Volck von Zeit zn Zeit vermehrrt, und der heige

212 1774 99 64 Nol

333 1797 27 45 a

212 1839 1401 85 luhero tommen, um ſich der Vordirt und großmaͤchtigen Schus dirſes ihren Noth⸗

405 1806 1215 70 verherrlichet worden. Alſo zwar, daß die Kirchfaͤhrter in groſſer Anzahl

219 1862 192 71 peiffern den

211 1923 1405 93 nhreibt day ans denem Oblatis Chriſti Edclium, die Herren Graten von Haag

453 1894 1163 70 nugiſt andetehlen. Dahero iſt ſich nicht zu verwunderen, wann man

215 1969 1400 95 Sigienana und ſoann; Georg von Franberg ſich iStand beſunden Anno ra3o.

212 2018 1406 87 gegenwaͤrtiges anſehnliches Eunt⸗ GOrts⸗ Haus nicht alein zn danen, ſondern anch

218 2043 42 51 e,

311 2069 1307 73 ſipftuichen Sruhl um den Conlens und Ratification, daſſelde in ein Erifft⸗

209 2083 61 57 Kur

277 2113 1335 79 ſen erteden zn koͤnnen, in cigner Perſohn Fußzaͤllig angehalten, welche Er-

212 2148 1404 91 uͤds des Ehor⸗ Cutſt dozumahlen, wir kiunohus m ſamner Metroyoli Salis-

870 2210 65 67 2

1518 2209 100 67 dur-
