1991 2551
717 215 406 71 .692 CO) Leg--

209 273 1414 60 katte maͤſſen eingerichtet werden, ſo wurde doch der Nahmen, deren BENEDr.

202 321 1423 70 CTINER) oder BENEDICTINER-Ordens, damahls nicht gedraucht, ſon⸗

205 372 1408 67 dern alle Moͤnch lebten unter den Nahmen, MONACHORUM, (Moͤnch,)

205 423 1421 57 nnd nicht unter den Nahmen BENEDICIINER. (S) Die Reglen und Geſaͤtze

204 460 1416 60 anderer Heiligen, als Columbani, Cœlarii &c. waren mit der Regel S. Bene-

204 503 1418 68 dicti verainiget. Niemand nennte ſich weder einen COLUMBANER, noch ei⸗

202 548 1420 68 nen BENEDICTINER, ſondern Monachum, einen Moͤnchen. Es ware noch

204 595 1416 65 kein Haupt⸗Oberer, welcher diſen Orden regierte, kein Cloſter ware dem anderen

204 637 1414 64 unterworffen. Nach den Tod Caroli Magni verſammleten ſich zu Aachen Anno

202 680 1418 64 877. auf Befelch Ludovici Pii, Sohns Caroli M, die Aedbten aus Franckreich,

204 722 1416 63 und Teutſchland, (U) in welchen Synodo, Benedictus Anianenlis in allen Eloͤ⸗

202 765 1418 62 ſtern, ein gleiche Lebens⸗Arrh nach der Regel S. Benedicti eimnfuͤhren ſich bemͤ⸗

204 810 1414 57 hete; obſchon dieſelde in denen Cloͤſteren gehalten wurden, ſo waren doch in aini⸗

204 851 1416 65 gen noch allerhand verſchiedene Gebraͤuch aͤbrig. Diſem Benedicto Anianenli,

204 895 1421 64 als emnem beſonderen groſſen Eyfferer wurden viele Cloͤſter anvertraner, welche er

201 938 1421 65 als hoͤchſter Oderer, und Addt regierte. Aber nach deſſen Tod kamen gleich wie⸗

202 980 1420 64 dernm in denen Cloͤſtern eigene Aeboten hervor, und ſchleichten mehrmalen neue Ge⸗

201 1026 1421 56 wohnheiten ein, daß alſo das Amt eines neuen Oberens uͤder mehrere Eloͤſter erlo⸗

202 1067 1417 62 ſchen iſt. Es mußten auch zu Ende des neunten Sœculi, wegen den Einfall deren

202 1109 1416 64 Rortmaͤnner, die Cloͤſter ſehr vieles leyden, und verhergte der Feind in Franckreich

201 1155 1418 58 alles. Doch nach und nach dekamen die Cloͤſter wiedernmen ein gute Geſtalt. Odo

204 1197 1415 60 Anniacenſis erweckte den Enffer zur Benedictiniſchen Regel in dem zehenden

204 1234 1414 69 Seculo, alſo, daß ſich ſehr viele Cloͤſter dem Gewalt des Cluniacenſer⸗Aoͤbtens

204 1284 422 62 unterworffen haben. (n)

317 1323 1302 61 Die Ciſtercienſer im eylften Sœculo, machten gleich von Anfang eine Ver⸗

199 1369 1420 59 einigung mehrerer Eloͤſteren, ſie verglichen ſich wegen Haltung gewiſſer Geſaͤsz und

202 1411 1417 57 Reglen. Sie ſtellten unter ihnen ihre Viſitatores. Sie veroroneten zum deſten

201 1456 1418 50 des geiſtlichen Ledens, alljaͤhrliche Zuſammenkunfften; dahero ſie den Nahmen der

202 1490 1414 63 Ciſtercienſer⸗ Congregation, Ordinis Ciſtercienlis, das iſt, eines von mehreren

202 1537 1413 75 Cloͤſtern und Moͤnchen nach gewiſſen Geſaͤtzen eingerichteten Ordens uͤdertommen.

204 1590 1411 72 Nach diſen Erempel der Ciſtercienſer⸗Congregation, oder Ordens, har Pe-

207 1638 1411 65 trus Tenerabilis auch die Cluwiacenſer⸗ Congregation oder ORDINEM CLU-

205 1677 1411 86 NIACENSEM, angeſtelt, welcher in ſolchen Flor erwachlen, day die Weut da⸗

204 1727 317 64 rod erſtannrt. (w

314 1767 1296 62 Nach Einrichtung deren Ciſtereienſer und Cluniacenſer Ordnnna, (Ordri⸗)

205 1808 1413 96 Et eten gleich andere in durſen Enien Nrenlo, venig de Cenallalteꝛſer durs

876 1859 78 78 2-

1463 1872 155 86 Ere

233 2023 257 48 () Tbid. c. 1V.

233 2059 921 66 (0) Madril. ꝛd IV. Srcul. Dened. vrakat. S. V. nun. 28.

236 2096 420 61 (u) Lbid. S. IV. num. S2.

236 2125 955 75 cw) Nevnl. vratac. aa Sœeul. V. vencsier. 6. N. nun. ꝛr-
