1918 2545
356 216 92 66 180

875 226 390 77 a1i8 (0) Ehe-

896 343 320 127 Zu ſat

372 460 1380 99 ES wil noͤrhig ſeyn, daß ich von dieſen, was unter Carolo Magno, und Adnl.

367 510 1386 97 SO wino Biſchoffen, mit dem Cloſter S. Emmerami geſchehen, noch mehres,

353 561 1396 85 anfuͤge. Bey Henrico Caniſio (welcher der Erſte, der die Libros de Miracu

349 600 1404 87 lis S. Emmerami, ſo unſer Arnoldus in XI. Sœeculo geſchrreben, Anno 1602

349 644 1396 91 zu Ingolſiatt in Druck heraus gegeben) tom. I. pag. a5. Item bey ſacob.

347 685 1394 92 Basnage tom. III. Antiquarum Lectionum Henrici Caniſii pag. 109. ſeyn

346 732 1290 80 cap. V. lib. 1. de Miraculis S. Emmerami ſolgende Wort zu leſen-

357 774 1389 88 Carolus M.) ſcdem Ratisbanenlis Epilcopi à Ducibus Prioribus erur⸗

1712 747 30 56 i

345 817 1403 79 urbem translatam, ad Martrris videlicet S. Emmerami Baſilieam, intrs

350 859 1384 89 urbis ejusdem muros conſtirutz, Beati Petri Apoltoli ſub STMPERI.

345 902 1389 89 Epilcopo reſtitnit Eccleſiœ. Locum autem Marrrris in Patrocinium 1

343 943 1398 94 honeſtarit muniſicentia Regali, SUBDENS eum ili, qui ibi introniz

346 989 526 72 tus kuerat ſede Epiſcopali.

342 1037 1372 85 lichen Sitz des Negenſpurgeriſchen Biſchorfs, welcher von denen vorigen Bayriſ⸗

910 1008 825 72 Zn Teurſch: Carolus Magnus hat den Biſchs

343 1085 1337 72 Hertzogen, nach Sr. Emmerams⸗ Kirchen auſſer der Stadt verleger worden,

349 1122 1370 85 derum in die Stadt hinein nach St. Peters⸗Airch, unter SIMPERTO den-

342 1170 1376 75 ſchoffen, eingeſetzet. Den Orrh, vder Cloſter S. Emmerami har er mit Kon

345 1213 1384 76 cher Frengebigteit beehret, und dem Viſchoſſen unterthaͤnig gemachr. Dieſe Erz

340 1251 1394 83 lung, wie ſolche Henricus Canilius in ſeinem Mannicripto geleſen, und in Hen

340 1299 1395 72 rico Canitio Mabi llonins, hat dieſen gelehrten Hiſtoricum (Mabi lonium,

339 1334 1395 82 dahin verleitet, daß er tom. II. Annal. ſol. 117. behauptet, die Veraͤndernsͤ

339 1378 1354 83 des Biſchoͤfiichen Citzes ſeye unter Synperto, und nicht unter Adaluino Biſchs

335 1425 1349 85 geſchehen, weilen unſer Arnoldus, als ein dewaͤhrter Scribent, ſolches aiſoͤ

335 1469 1311 80 ſchrieden habe, ungeachtet in der Bulla und Diplomate gemelder wird, dat

333 1514 1357 85 unter Adalwino dewuͤrcket worden. Mabillonins hat ſich auch nicht mehr;

333 1553 1386 91 neret, was er turt zuvor in eden dieſen tomno II. Annal. kol. 10y. geſchrucdds

333 1594 1036 85 da er ſolches unter Adalwino geſchehen zu ſeyn angemercket.

444 1674 1259 91 Ich wil glauben, daß Henrieus Caniſius ein ſolches Manuſcriprum As

336 1727 1358 87 eraphum bekommen habe, wo dreſe Wort, wie oben zn leſen, eingeſchrieben.

328 1774 1391 79 den. Henricus Canilins ſaget zwar nicht, an welchen Orth er ſolches genun c

328 1816 1298 81 da er doch den velen anderen Manuſcriptis erinneret, woher er dieſeide,

328 1862 1355 80 men. Das Originale, de Vita S. Emmerami, und liber. 1. de Miracu,

325 1905 1383 82 ſo Arnoldus geſchrieben, wird in unſeren Archivo verwahret. Daß dieſes s,

328 1949 1297 84 Antograyhum ſeye, bezengen es die verſchiedene Monogrammata; der1

326 1987 1395 84 Arnoldi; der Charatter des Eyiſſten Seculi, in welchem Arnoldus geſohneor,

1640 1958 24 52 .

328 2034 1353 79 Dieſe Monogrammata, und andere Zichen, ſo am ernten Blat zu ſehen⸗ ne-

326 2078 1300 97 èV Elenris?. nad Ea vꝛEs nt Anias deies Aanoler ipui nch geſunden

1653 2149 81 69 Nun
