2064 2572
12 331 143 56 n leſen)

22 375 132 59 hriſtlich⸗

14 417 141 60 Eccard.

24 455 130 65 Bayern

34 504 117 56 crall;

27 547 121 55 tie Bay⸗

58 585 94 59 s bey

52 634 100 54 denen

62 673 89 58 diſen

45 715 105 68 wiede

21 804 129 57 urg ge⸗

40 845 105 62 vorher

24 891 126 52 wohnen

12 933 132 55 Lamber-

61 973 87 58 diſer

31 1015 110 55 che ben

35 1058 112 55 loben

51 1097 89 57 vben

51 1138 90 60 rheilt

34 1187 103 54 hume.

24 1231 117 63 dahero

25 1271 112 57 i, das

32 1314 106 56 Wanit

18 1357 117 63 ch ſelb-

41 1397 93 63 Holt

27 1450 107 48 en bey

20 1488 114 58 Regen⸗

22 1531 109 59 Zerten

15 1574 113 53 von de⸗

57 1611 65 76 che.

268 290 1414 100 ſchlecht deren Sraken zu Vohburg, und Marggrafen zu Cham, (Marehio) der⸗

854 257 26 81 3

941 258 235 76 0) 229

1606 284 69 50 21.

268 340 1407 88 ſen Anheri von Seithen des Vatters eben auch Arnoldus; von Ceithen aber der

267 374 1408 97 Mutter Bertholdus (a) ware,) kame ſchon in zarniſter Jugend in das Cloſter

264 420 1408 95 S. Emmerami, allwo er unter Abbten Burebardo (welcher Anno 1037. hinnach

265 464 1407 93 geſtorden) PREPOSTTUS- Probſt, oder Prior des Cloſters ware. Arnold ein

267 502 1402 98 beſonderer Verehrer des groſſen Heiligen Emmerami, wollte die Hiſtoriam deſſel⸗

263 542 1410 103 ben, ſo Aribo ( ſonſten Cvrinus, oder Hœres, Biſchof in Freyſing, im achten

261 584 1411 103 Sœculo verfaſſet) anf ein nenes beſchreiben. Allein die mibguͤnſtige Mit⸗Braͤder

258 627 1412 100 Arnoldi verhinderten diſes Vorhaben. (b) Dahero reiſete er mit Erlaubnuß des

260 667 1409 108 Abbtens auf eine Zeit in Sachſen, allwo Meginkredus zu Magdeburg, (Magi-

255 707 1413 113 ſter) ſich befunden. Diſen hoͤrte er oͤffters, machte mir ihme Betanntſchaift, und

252 757 1413 101 erſuchte denſelden, daß er (Megin kredus) die Hliltoriam S. Emmerami zier⸗

251 793 1415 102 licher, als Aribo gethan, beſchreiben moͤchte, welches Meginkredus nach langen

252 830 1406 114 Bitten Arnoldo verſprochen, und in Werck erfuͤllet. Da nun nach z. Jahren,

255 874 1408 117 Arnoldus ſolches Buch, vder Lebens⸗Beſchreibung, von Meginkredo bekommen⸗

254 915 1228 106 hat er ſelbes ſeinem Abbten Burchardo, mittels einer Epiſtel dediciret.

252 998 1414 113 Panonien, allwo dem heiligen Emmeramo viele Gtter eigen waren, deſchicket

368 964 1297 107 Schon zuvor, da Arnoldus von damahligen Abbten, Geſchaͤfften halber in

250 1045 1409 106 worden, hat er bey den Ertz⸗Biſchoffen alida (Analtalio) einige Hymnos,

250 1088 1408 119 Antiphonas, Reſponſoria, zu Ehren des heiligen Emmerami componiret⸗

250 1121 1200 112 Wie er ſelbſten in ſeiner Epiſtel an Abdten Bureharanm erzehlet. (e)

364 1177 1296 103 Diſe Lebens⸗ Beſchreibnng S. Emmerami iſt zn paden bey Henrico Cani-

248 1204 1414 122 ſio, Lection. Antig. tom. 2. Editionis Ingolſtadienſis, 1602. Und bey Balna-

251 1253 1409 114 ge: LECTIONES ANTTOUE HIENRICI CANISIL. Editionis Amſtelz-

248 1296 1410 111 dam, 1725. tom. III. Das Originale Manuſcriptum wird in unſerem Archi-

247 1338 1409 110 aufbehalten, und iſt darans klar zu erſehen, daß Henricus Canilius ein anderes

245 1377 1407 110 EFemplar maͤſſe gehabt haben; dann hin und wieder ein Ungleichheit in ſelben zu

244 1417 1402 117 uinden. Daß aber diſer Codeꝛ, ſo bey uns verwahret wird, das Originale ſeye,

242 1457 1413 120 erhellet aus diſen, weilen viele Monogramata, Verſos, und Zeichen, nebſt den

241 1501 1404 125 Nahmen Arnoldi am erſien Blat, ( vor der Epiſtel an Abbten Burchardum)

240 1548 1409 115 zn ſehen, welche in anderen Apographis, vder Abſchrifften nicht zu Anden; denn

240 1596 1142 97 weder Henricus Caniſius, noch Balnage von diſen etwas melden.

360 1640 1288 108 Nachdeme Meginkredus von Magdeburg, allwo er als Magiſter & ge⸗

238 1668 1410 122 lebt, die Hi ſtorie des Lebens, Marter, und Tvoͤs S. Emmerami verbeſfert, uns

240 1716 1405 118 Arnoldo nach Negenſpurg zugeſchickt, alsdann hat Arnoldus ſelbſten zwey Baͤchlein

237 1763 1409 115 von denen Wiracklen, und Verehrung S. Emmerami, ( de Mira-

234 1808 1414 116 cnlis S. Emmerami, & de Memoria Cultorum ejus) verfaſſet Das erſte-

235 1848 1413 122 re deſtehet aus 17. Capitlen. Das zweyte iſt ein Dialogus, Geſpraͤch, zwiſchen

278 1973 901 96 O) Henric. Canil. dey Palnage. tom. IIL. cap. 12. pag. 119.

1503 1956 139 54 Ammo-

273 2007 407 67 (9) Cit. tom. III. pag. 90.

274 2040 407 79 (e) Cit. tom. II1. 722. 97.

280 2084 1358 129 Aſdnnr Faon dsu in Eidliord bean nna Eon Aꝛgilrun (Her krzreſten ⸗Neese-

313 2121 210 65 bargeyſen.)

70 2081 47 52 11,
