1899 2559
982 216 59 71 e-

321 270 831 81 Do wardt bewegt GOt in ſeim Thron

322 325 649 61 Vnd ließ auch yber etlich gan

369 376 663 66 Die waren Purger dyſer Stat

375 425 599 69 In die der Jud gehoffet hat

324 473 627 72 Hez ich von in nit weyter ſag

311 526 770 71 Ein Bſcheyder das wol merken man

365 578 699 67 Den Lon man den Fuden pringt

365 628 738 68 Hezundt vergeb in GOt ir Gunde

310 682 744 60 Do ſich vierzig Jar hetten verloffen

305 729 719 65 GOt der wolt das Vbel ſtraffen

348 779 669 62 Als auch vormals geſchehen iſt

362 833 682 61 Ja nach dem Leyden FEſu Chriſt

302 878 541 68 Bey Tyto vnd Velpalian

300 929 735 69 Merkt wie GOt hab Gfallen dran

354 988 759 61 So man den Fuden Recht iſt geben

348 1033 623 67 Beſchuͤzen ir verſluchtes Leben

297 1087 762 57 Lang Peicht vnd Puß er warten iſt

300 1131 699 63 GOt, ſo der Gunder ſich vergiſt

352 1182 814 69 Erkenn wirs nit, hart ſtrafft Er onnß

344 1234 674 68 Als vnns das ſchreibt Valerius.

230 1286 768 71 S. Funzehn hundert Jar das was

293 1339 716 64 Darzu Newnzehen, do gſach das

345 1387 724 61 Welches gar bhendt ich ſagen wit

347 1435 758 69 Wann es iſt gar ein Goͤrlichs Spil

293 1488 654 71 Regenſpurg gar verdorben was

297 1536 751 70 Sy kam auch ſeer in GOttes HHaß

347 1589 746 64 So gpet erlangt was in GOt gunde

348 1640 717 64 Verderbet pald der Judiſch Hundt

293 1691 833 67 Die Prieſter huben gen GOt ir Hendt

297 1744 801 67 GOt bald der Stat ein Doctor ſendt

339 1795 663 68 Doctor Balthaſar iſt er genant

339 1848 695 59 Der lernet Regenſpurg zu Handr

297 1890 751 73 Wie man die Sach ſolt grevffen an

297 1944 724 70 Daß ſelig wurden Fraw vnd Man

351 1997 644 68 Aiſo macht er die Concion

349 2044 659 82 Das man im geb ein gurtn Lon

785 2111 160 85 2992

1456 221 91 73 121

1389 2109 114 87 WVnd
