1571 2270
620 133 46 57 a-

677 131 199 69 28 (0,

955 132 59 57 Zu-

1420 126 66 46 9!

129 162 1361 90 Parma an, bliebe aber nebſt vilen anderen Officiren auf den Plat,

128 219 1360 82 und ſeine Armee muſte ſich zuruckziehen. Graf Koͤnigseck ware gluͤck⸗

127 273 1360 80 ſeeliger. Er gienge in der Stille uͤber den Fluß Secchia, uͤberfiele deit

126 324 1359 71 Marechal Broglio, und jagte ſelben aus den Lager. Es kame zu einer

124 373 1363 69 blutigen Schlacht bey Guaſtalla, aber die Kayſerlichen hatten keinen

122 418 1361 78 beſondern Vortheil darbey. Indeſſen kame der Hertzog von Monte-

121 471 1366 66 mar mit einer Spaniſchen Armse nach Welſchland, fiele mit dem

119 517 1367 69 Inkant (Dom Carlos) in das Koͤnigreich Neapel, und nach der

118 559 1368 76 Schlacht bey Bitonto, bezwunge er das gantze Koͤnigreich. Dom

117 611 1366 73 Carlos hielte ſeinen Einzug, und wurde als Koͤnig ausgeruffen. Glei⸗

113 654 1368 79 ches Schickſaal hatte Sicilien, von welcher Inſul, Dom Carlos in

114 707 1364 74 Monath Mertz Anno 1725. vollkommener Meiſter ware. Die Ruſ⸗

112 756 1366 78 ſiſche Kayſerin, und Auguſtus III. Koͤnig in Pohlen, hatten begluͤck⸗

111 802 1361 70 ten Fortgang ihrer Waffen, aber ſie kunten dem Kayſer keine Huͤlft

109 849 1369 77 leiſten, weilen ſie ſelbſten viel zu thun bekommen. Die vereinigten

111 894 1365 80 Riederlanden blieben neutral, dahero ſelbe wider Franckreich kein Ge⸗

108 945 1368 79 legenheit hatten. Die Kayſerlichen wurden Anno 1725. aus dem

109 991 1363 80 Stato delli Preſidii und aus der gantzen Lombardie vertrieben, und

107 1047 800 76 verbliebe ihnen nichts uͤbrig, als Mantua.

238 1082 1234 89 Da indeſſen ein ſtarcker Secours deren Ruſſen, und Gachſen

104 1133 1368 86 zu der Armee an Rhein ſtoſſeten, und der Feld⸗Maͤrchal, Graff von

105 1180 1366 91 Seckendorff, an der Moſel einige Vortheil wider die Frantzoſen erhal⸗

102 1229 1369 87 ten, wurden auf einmahl die Feindſeeligkeiten eingeſtellt. Man ar⸗

102 1276 1370 82 beitete in der Stille zu Wienn zwiſchen Franckreich und dem Kayſer

103 1326 1367 87 an den Friedens⸗Geſchaͤfft, und den z. Octobris waren die Friedens⸗

103 1377 1367 80 Prœliminarien unterzeichnet. Auguſtus II. verbliebe vermoͤg dieſer

103 1423 1359 86 Friedens⸗Prœliminarien, Koͤnig von Pohlen. FHranislaus nebſt Bey⸗

102 1471 1357 91 behaltung des Koͤniglichen Titels, bekame den Beſitz deren Herszoa⸗

100 1524 1363 91 thumer Lothringen und Baar, welche nach den Todt Stanislai der Cron

104 1567 1357 93 Franckreich einverleibet ſolten werden. Dem Kayſer wurde das May⸗

100 1619 1362 88 laͤndiſche, Parma, und Placenz wieder eingeraumet, Tortona und

102 1663 1359 94 Novara nebſt einigen Lehen dem Koͤnig in Sardinien zugetheilet.

102 1715 1354 92 Franckreich garantirte die Pragmatiſche Sanction, und das Hertzon⸗

99 1764 1354 94 thum Toſcana wurde dem Hertzog von Lothringen, Franciſco Ste-

102 1813 1355 92 phano zugewidmet. Dom Carlos behielte Neupel und Gieilten als

102 1861 1354 97 Koͤnig, das Roͤmiſche Reich bekame auch das Geinige widerum.

102 1909 1355 122 Rachden Franckrend ſeine Trourper ans Welſichtand heranssezogen⸗

1327 1958 131 67 wurde
