1571 2270
611 109 32 53 .

676 105 79 72 ,

760 105 244 72 O FMge

1419 114 80 54 519

126 153 1364 82 ſchafft Burgund. Franckreich behielte die in Niderlanden eroberte

127 206 121 71 Hlaͤtz.

251 258 1243 68 Anno 1066. den 16. Auguſti ſtarbe auf ſeinem Vaͤtterlichen

118 311 1370 67 Stamm⸗ Schloß Dertenſtain, Adam Lorentz Biſchoff zu Regen⸗

116 358 1374 66 ſpurg, von Geſchlecht deren Grafen von Toͤrring. Der Leichnam

113 404 1377 67 wurde in die Toͤrringiſche Begraͤbnub zu Baͤmburg, das Hertz zu Re⸗

111 451 1381 64 Henſpurg in Domb zur Erden beſtattet. Nach dieſen wurde mittels

113 496 1373 67 Paͤpſtlicher Diſpenlation Guidobaldus Ertz⸗Biſchoff zu Saltzburg;

107 548 1375 56 den 12. Octobris 1666. auch zu einen Biſchoff in Regenſpurg erwaͤhlet.

104 591 1381 72 Gleich darauf machte ihn der Pabſt zum Cardinal. Starbe aber den 1. ſu-

103 644 1380 66 nii 1668. Er vermehrte die Heriſchafft VVoͤrrh mit Einwohnern, welche

102 688 1378 72 in denen Schwediſchen Zeiten entloffen; damit aber ſelbe Luſt beta⸗

95 742 1386 70 men, ſich allda anzuſetzen, befreuete er die neue Innwohner auf zehen

98 788 498 74 Jahr von allen Burden.

228 819 1245 80 Aerander VII. Roͤmiſcher Pabſt ſtirder den 21. Maij. Ce-

97 878 776 75 mens I. wird den 20. ſunu erwaͤblet.

228 914 1245 82 Durch den Tod duidotalst Ersz⸗Biſchoffens zu Salsburg

93 977 1379 67 wurde die Stell des Kayſerlichen Principal Commiſlarii auf den Reichs⸗

99 1024 1372 71 Tag zu Regenſpurg entlediget, dahero indeſſen ſolche Principal-Com-

94 1078 1376 63 miſlion dem Titl. David Grafen und Herꝛn von Weiſſenwolff ꝛc.

92 1123 1370 70 Kayſerlichen geheimen Rath aufgetragen worden, der aber Anno 1r669.

88 1169 1378 63 den 16. Auguſt wegen unpaͤßlichkeit nach Wienn abgangen. Nach

87 1215 1376 65 dieſen wurde den z1. Auguſt 1669. Marquardus Graf zu Caſtell, Bi⸗

88 1262 1373 72 ſchoff zu Eychſtaͤt, zum Kayſerlichen Principal-Commiſlario auf den

88 1311 1373 69 Reichs⸗Tag allhero erklaͤret. Kayſer Leopold begehrte vom Abbe

88 1367 1374 59 Cœleſtino, daß er dem neuen Principal-Commiſſario das Huartier in

87 1411 1372 70 dem Cſoſter ( S. Emmerami) geben ſolle. Es hatte von Zeit, des

87 1460 1367 72 Anno ro62. angefangenen Reichs⸗Tag, und nach Abreis Cuidobal-

88 1507 1365 76 di Ertz⸗Biſchoffens zu Saltzburg, deſſen Abgeſandter uͤber ſioben

83 1553 1370 78 Jahr, dieſes unſerige Ouartier bewohnet Abbt Cœleſtinus, damit

83 1602 1370 76 er dem Alergnaͤdigiſten Geſinnen des Kayſers nachkame, ſchriebe al⸗

82 1653 1370 70 ſogleich an Titt den neuen Ertz⸗Biſchoffen zu Galtzburg, und ver⸗

84 1705 1368 70 nachrichtete das Gerlangen Leopoldi des Kayſers. Nach bielen uber⸗

85 1750 1361 74 legten Umſtaͤnden, wollte Marquardus Ertz⸗Biſchoff zu Eychſtaͤt ſeloſt

83 1797 1360 82 nicht haben, daß der ſchon etlich Jahr in unſeren Anarrier wohnende

89 1848 1352 91 Halszburgeriſche DHer⸗ Geſondier das Orth raumen ſolte, ſondern de⸗

85 1906 847 95 telte ihne ein andere Fuͤrſiͤche Wodnung.

733 1963 93 74 8ꝛ1

1331 1930 110 85 Den
