2034 2583
409 295 61 68 16

905 292 405 72 .828 (O) Lg.

529 345 1272 62 Von der Ankunfft S. Ruperti in Banrn waren lange Zeit, derſehuͤedene Men⸗

406 396 1392 54 nungen. Die meiſten behaupteten, daß der heilige Auvertns unter CHIL,DE-

404 439 1396 64 BERTO dem Andern diſes Rahmens, Franckiſchen Koͤnigs Anno 520. in Bayeru

407 486 1390 65 getommen, Tbeodonen den Hertzogen getanffet habe, und nachdeme Er ſeinen Bi⸗

407 530 1388 62 ſchoͤflichen Sitz Anno 582. zu Saltburg angeordnet hatte, in dem 622. oder 629,

410 574 1387 58 Jahr geſtorden ſeye. Diſe Meynung hatte lange Zeit keinen Widerſpruch. Da

406 614 1391 61 aber Henricns Valelius ein beraͤhmter Frantzoͤſiſcher Hiſtoricus die Franckiſche

407 657 1390 63 Geſchichten, (mit welchen arch die Geſchichten deren Bayriſchen Hertzogen ver⸗

407 701 1391 59 knuͤpffet ſeynd,) mit Fleiß durchgangen, hat derſelbe diſe Hiſtorie von der Ankunſſt

407 743 1390 54 S. Ruperti in Bayrn zum erſten, nach den alten Documenten, bedachtſam uͤber-

406 793 1389 55 legt: welchen gleich der deruhmte Mabillon, und auſ diſen, Antonius Pagius,

407 827 1390 59 geſolget, die diſe hiſtoriam mnt groſſer Auſmerckſamkeit nach denen ſicheriſten Rea⸗

404 876 1391 52 len der Critiane, durchgangen, und mit unverwerflichen Proben gantz was ande⸗

400 912 1397 59 res gezeiget. Gcorgius ab Eckard der beraͤhmte Hiſtoricus hal in ſemem Buch

407 964 1388 56 (Hiſtoriæ Francie Orientalis) ton. 1. pag. 306. umſtaͤndig von diſer Hiſtorie ge-

401 1004 1396 56 handtet ꝛc. R. P. Marcus Hanlizius Soc. ſel. in ſeiner Hiſtoria Germanis

403 1041 1394 63 Facrœ. Tom. II. pag. 32. har gleichtalls, und zwar mit gantz beſondern Fleiß⸗

399 1086 1396 54 ans unverwerflichen Zengnuſſen diſe Geſchichten erklaͤret Dahero ich, biß mir da⸗

400 1135 1395 58 Widerſpihl mit noch kraͤfftigeren Proden gezeiget wuͤrdet, diſen gelehrten Maͤnnern

401 1172 882 66 nnd ihren Proden beyſtimmc. Nach diſer Erzehlnng

536 1232 1256 75 Ware der heilige Aupertus., in dem anderten Jahr der Regie⸗

393 1295 1401 62 rung Childe berti III. Biſchoff zu Wbormds, nemlich Anno S9S. Eben

397 1334 1397 75 in diſen Jahr kame er auf Begehren Theodonis II. des HHertzogens,

397 1386 1394 69 in Bayrn: Anno 716. ordnete er mit Paͤbſtlichem Gewalt Gregorti ll,

397 1435 1022 77 das Biſtumb zu Saltzburg, und ſtarde Anno 718.

512 1506 1272 75 Indeme ich zwar unnoͤchig erachte, die Proben diſer Hiſtorie alhero z ſe

391 1555 1396 56 tzen, theils, weilen ſelbe umſtaͤndig ben denen oben belobten Authoribus zu Anden

394 1597 1388 61 ſeynd; theils, weilen mein Haupt⸗Abſehen nt, die Hiſtorie unſeres Cloſters ꝛn c.

394 1634 1390 67 zehlen, ſo glaude ich doch, vernuͤnfftig zu thuen, wann ich dasjenige noch herder

394 1687 1388 60 ſere, was zu cinen ordentlichen, klaren und kurtzen Begriff diſer Erzehlung dien

394 1722 1385 71 lich iſt, devorab, da auch ſolche Hiſtorie mit denen Erſten Zeiten unſerer Funda

390 1765 474 61 non eine Verknuͤrfung har.

506 1826 1275 69 R. P. Marcus Hanſizius Soc. ſ. Tomo IT. Germaniæ ſacræ, vag. 51. he

391 1872 1384 69 ans denen aͤlnſten, und dewaͤhrnſten Scribenten folgenden Catalogum deren &,

393 1915 1381 68 nigen in Aultralien, und deren Hertzogen aus Bayern (dann diſe jenen unterch

393 1957 1386 82 nig ſern nuſten,) zu kaͤrern Begrin der Wahrheit vorgewiſen, welchen ih ar,

393 2000 519 77 AEhero in Feten nntzuich erachte-

1541 2138 237 113 REGE
