1923 2446
722 167 39 68 ..

785 163 326 84 3(6) kug-

1542 179 87 107 t2)

14 222 180 79 nn anderas

563 221 832 61 .do-.

40 285 147 53 Lundiusr

21 324 167 76 bochaffter,

23 387 114 51 hum zr

599 375 673 63 A A AE d⸗ -A- A- IT..

21 415 158 60 dieſes Mi

51 455 127 64 Tkundii

297 462 1335 74 Lonardus Pfenningmann der zyſte Abbt machte ſich bor ſeiner

27 498 141 68 der Falſs

247 520 45 53 1.

313 517 1319 71 Election bey dem Convent maͤchtig beliebt Sonderbar war er

35 546 126 62 lichens

323 568 1307 67 gar dienſtbar denen Krancken, und diente denſelben mit groſſer

21 589 140 63 dann er

243 587 70 80 Ab

316 621 1312 63 wormit er die Abbtey wol verdiente, die er Anno 1526. ange⸗

256 649 110 75 etten-

106 654 61 81 dal

251 716 1374 74 endo L zu Wienn den 10. Oetober Anno 15ꝛ7. und zugleich Con-

402 667 1224 73 Empfangt die Reichs⸗Lehen oder Regalien von Kayſer Ferdi-

77 721 83 61 ufaͤlt

255 767 1373 72 vationem Privilegiorum. (a) Er vermehrte die Probſtey kautter⸗

42 781 102 65 Leſer.

254 800 84 72 ach;

38 835 99 49 acht

337 822 1292 66 und brachte die nahend oben an der Thonau im Churfuͤrſtlichen

248 864 1377 74 and⸗Gericht Stadt am Hoff ligend, vorhero nach dem Cloſter Caſtt

28 871 121 63 pir Catt

27 921 126 65 deraleid

294 917 1328 68 er Obern Pfaltz gehoͤrig geweſt, und von demſelden am Pfaltzgrarf

57 977 55 57 Um

251 963 1378 72 tdderich und ſein Bruder Churfuͤrſt Ludwig durch Kauft kommene

292 1015 1338 69 imarch Rager von dieſen beeden Fuͤrſten durch Tauſch gegen An⸗

294 1065 1334 72 mg der auch in demelt Obern Pfaltz und Land⸗Gericht Dfaffenbof⸗

247 1087 39 68 er

303 1117 1325 67 ich defindenden Probſtey Lugenloe an das Cloſter 1537. relerva-

296 1163 1338 70 ure Patronatus, ſo bey unſerm Cloſter verbliben. (b) Bauete das

256 1209 1369 80 tobſthauß zu Vograreurh mit groſſer Spela. Regierte nur 5. Jahr⸗

259 1259 822 78 D 2. Monath, ſtarb Anno 1520..

353 1307 1277 73 In dieſem Jahr nach dem andern Oſter⸗Feyrtag wurde der

243 1350 1383 82 Eſte Abbt Eralmus II. TTirtenauer genannt, von Woͤrth, erwaͤhlt;

258 1406 1372 77 dfangte die Regalien Anno 1520. und 1552. (c) Der war

239 1441 51 63 ꝛr

323 1455 1306 71 Jugend auf ein zuchtiger, frommer, und dem Studiren

267 1504 1361 81 ferig ergebner Fuͤngling. Machte ſich mit ſeinen raren Qua⸗

260 1560 1368 73 aten im Cloſter alſo beliebt, daß er einhellig zum Praͤlaten er⸗

275 1608 1355 75 olt worden. In dieſem Stand hat er ſonderbahre Sorg fuͤr ſeine

250 1659 1376 74 ndertraute getragen, damit er ſelbe im Catholiſchen Glauben erhal⸗

312 1714 1316 70 den er auch mit groͤſtem Eyffer beſchlitzte und beſtritte. Dahero

244 1758 1385 75 ch deſto mehr zu befeſtigen, laſe er continnirlich auch in groſſen

250 1805 1376 79 Ochmertzen des Podagrams Theologos und SS. Patres. Damit auch

839 1863 187 73 Ktk ,.

1471 1865 154 82 GOit

266 1970 88 76 .o

403 1998 253 77 alta in Aredsa.

335 2055 1144 81 Hohn zus Larronnrlns ꝛbann atrtn tamn Hnchlaͤuchtokin Chue Huus Dayn.

66 2085 54 45 2-

267 2079 386 85 O Drꝛrorin in Archͤro.

53 1326 20 54 ,
