1978 2546
396 265 89 61 126

904 254 266 68 ZS (0)

1175 257 111 68 Eg-

391 302 1425 79 co T. ware ein Chriſt, Vatter Lanaderu, der den heiligen Emmeramum gr⸗

390 357 1047 70 toͤdtet ꝛc. Siehe was pag. 16. 17. 18. ꝛc. gemeldet worden.

513 407 1300 68 IV. Damt der Leſer einen gleichen und ordenrlichen Zuſammenhang der Hi-⸗

393 458 1420 56 ſtorie bekomme, als will ich kaͤrtzuich nach denen beſten und geiehrtiſten Authori-

391 499 1425 58 bus (Mabillon. Pagius. Georgius ab Eccard. R. P. Hanliz. Soc. jel. &c.)

393 541 1418 61 weliche von dieſen Hiſtorien gehandlet, einen leichten Begriff entwerffen. Die Po⸗

396 586 1420 61 ben ſeynd dey dieſen Authoribus umſtaͤndig zu ſinden. Ich wurde mich von den

398 630 1420 58 Hauptzweck (der Hiſtoria unſers Cloſters) in weit enrfernen, wann ich ſolche

396 671 1423 65 Proben weitſchichtig allhier vorzeigen ſollte. Es wird auch, mittels Goͤrrlicher Enad⸗

394 715 1422 65 von denen Regenſpurgerrſchen Biſchoͤffen in RATISBONA ECCLESIASTICA,

396 758 1419 66 rtwas mehrers zu handien, die Gelegenheit uich ergeben. Ich mache den Anfanus

397 807 603 62 von der Ankunfft S. Emmerami.

536 848 1276 72 Anno d2. ( nach ater Seribenten Zengnuß) kame der heuige Emme-

396 901 1417 65 ramus nach Regenſpurg, zu Theodonem L. Hertzogen in Bayrn, der dem Ea⸗

396 949 1415 58 kholiſchen Glanden ſchon zugethan geweſen, wie dann auch das Land in dieſen Glau⸗

396 987 1413 62 den ſchon unterwieſen ware, obwohlen von dem HHandenthum, und anderen Frꝛthu⸗

396 1031 1416 58 men noch einige boͤſe Gewohnheiten Ebrig verblreben, welche Emmeramug die 3.

403 1072 1410 69 Jahr hindurch in den Land herum reiſend, anszurotten ſich ſehr bemuͤhet. Nach der

397 1118 1416 70 Tod und Marter S. Emmerami, welchen er Anno 652. glorreich uͤberwunden⸗

397 1159 1414 67 machte Theodo L. den Anfang zur Unterhaltung deren Moͤnchen. Er harte abes

397 1206 1411 59 keinen Erden, ſo in der Regierung ihme folgen koͤnnte; maſſen er ſeinen Sohn Lam⸗

397 1250 1416 59 bertum, ſo den heiligen Emmeramum hinrichten laſſen, verſioſſen. Theodo 1.

398 1288 1413 74 ledir bis Anno 6Zo. Es ware damahls in Hayrn noch kein ordenrlicher Biſchol

394 1336 191 61 eingeſetzer.

529 1370 1279 82 V. Unter der Regierung TTTEODONIS 1. nach den Tod S Emmereml

401 1428 1400 64 wird Woiſaicus (Veligholegus,) inneriſter Freund S. Emmerami, deſſei

404 1476 1377 64 Nachfolger, als Biſchoff allhier geſetzet. Vide Hundium. tom. 1. Metrop. .

400 1521 1403 66 tis. vag 186. Ob nun LUPUS, der nach Zengnuß Arnoldi Vohburg. unde

400 1567 1395 68 Dietone CTheodone 1.) alhier als Biſchoffeinige Zeit geſtanden, Vor oder Naa

400 1613 1388 63 S. Emmeram in Negenſyurg ſich auigehalten, iſt keine Gewißheir. Schon vi

400 1657 1389 67 Theodonr L und waͤhrend ſeiner Rehierung reiſeten und ſtreicheten viele Frems

396 1702 1402 74 un den Land herum, derrn ſich einge als Biſchoͤff, andere als Prieſter ausgadel

403 1751 1391 69 (wie unſer Arnold lib. 1. de Nuraculis F. Emmerami ſchreiber, vide Bas

397 1796 1380 66 nage tom. III. pag. 105.) Das Volck in Barrn uebre die Prieſter. ( Ari.

398 1840 1390 66 in vita S. Corbiniani. vid. Hlanliz. tom. L. Germaniz Sacra pag. 110.

398 1884 1403 69 Dahero ſolche ſalſche Bſchuͤtf, und Prieſier das Voick leichtlichen vertuͤhreren, uulch

398 1927 1400 67 deſen Verſuͤhrern waren Manichœrr und Wieder⸗ Caͤuffer. (Hanliz. cit mo-

407 1971 1385 67 locd.) Da nan un dieſe Zeit kem Ert⸗Biſchonf, noch dewiſter Bſcorf in Baot

397 2015 1388 64 eingeſetet ware, harren ſolche fremde ſalſche Lehrer nichts zu deſorgen, und nama

398 2056 1388 68 das Ubel unmer meyhrrrs zu. Theodo 1. bemaͤhrte ſch zwar aͤuſeriſi ſolchen ast

398 2097 1386 81 helffen, ader, me ern gemelder worden, theils aus Mangel deren ordenrlich⸗

397 2145 1395 99 und beſtaͤndgen Biſthoͤgens dus nrnn dumn greſen unruher n Frꝛr.

1736 2179 66 72 chen
