1978 2545
853 209 403 73 -1ꝛ8 (0) Lig-

343 250 1411 90 Romualdum: Vallumbroſer, (Pallir Unbroſa) durch loannem Hualbertan, bey⸗

343 295 1408 88 de unter der Regel S. Benedicti. Es fangte auch in dieſem Sœculo an der Orden

345 343 281 50 Cartbuſianornm.

340 377 786 83 Dertum. Endlich in 13. Seculo mehr anderr.

649 352 1102 72 An zwoͤlfften Seculo der Premonſtratenſer Orden durch S. Nor-

465 429 1285 88 Von dieſer Zeit an wurde der vorhin allgemeine Orden deren Moͤnchen,

338 469 1413 86 MONACHORUM ORDO, in verſchiedene Gattungen, und Staͤnde getheilet.

339 518 1414 85 Ehe aber dieſe nachkommende Staͤnde ihren Anſang genommen, wurden die alte

340 559 1407 82 Moͤuch (oder diejenige ſo die Negel S. Benechicti halteten) MONACHI NIGRI,

339 606 1406 82 die ſchwartze Moͤnch, die CTSTERCTENSER aber, Griſei, die weiſſe oder

332 657 1416 86 araue Moͤnch benahmſet. Wer noch mehrers von dieſen zu wiſſen verlanget, der

333 704 1411 83 leſe Prufationes Mabillonii ad Acta SS. Ordinis S. Benedicti. Item Tho-

333 743 682 78 mallinum de Diſciplina veteri &e.

451 794 1293 76 Bey dieſer Gelegenheit kan ich ohnmoͤglich umgehen etwas zn melden von de⸗

332 835 1408 84 me, was die Feinde deren Moͤnchen gantz undeſonnen, und unvernuͤnfftig wider

332 875 1402 86 dieſelbe vordringen. Sie vermeynen, und ſagen, daß die Moͤnch dem Chriſtlichen

332 923 1405 80 und gemeinen Weſen unnut ſeyen, mithin dasjenige nit verdienen, was ſie genaͤſ⸗

328 961 1408 82 ſen. Dieſe Redens⸗Art machet auch bißweilen ben einigen, welche viram Mona-

331 1002 1402 82 chorum, oder die Regel deren Moͤnchen angenommen, ſolchen Eindruck, das

324 1051 1410 82 ſelbe ans Unluſt des ſtillen, einſamen Lebens, ſich einbilden, ſie waͤren verbunden,

329 1101 1405 83 vor das gemeine Weſen zu arbeiten, und ſich oſſentlich zu zeigen. Die einſame

326 1141 1407 84 Cella, und Stille des Eloſters will ſolchen nit gefallen, und raiſonniren, daß ſie

322 1182 1412 84 die Talenta, welche ihnen GOtt gegeben, zu Nutzen des Publici norhwendis an⸗

324 1227 1404 78 wenden muͤſſen. Allein die Vernuͤnfftige urtheilen gantz etwas anderes. Eugenius

319 1266 1408 81 III. Roͤmiſcher Pabſt ermahnet ſeine liebe Ciſtercienler in ſeiner Epiſtel an dero

322 1314 1405 73 General-Capitul: daß ſie denen Welt⸗Menſchen, welche ſie von der Einſamkeit zu

318 1353 1412 82 verſchiedenen Geſchaͤfften herauszulocken ſuchen, kein Gehor geden, ſondern deren

318 1398 1409 72 Vaͤttern Geſaͤs und Lebens⸗Arth betrachten ſollen, Propheticum habentes eꝛem-

314 1442 1410 90 Plum eligite abircti eſle in Domo Dei, quaͤm habitare in tentoriis pec-

314 1485 178 51 catorunꝛ.

438 1524 1293 69 Wer iſt dann ſo unbeſonnen, daͤß er ſage. der groſſe Pachomius, Anto-

314 1563 1412 75 nius, Balilius, habe ein unnuͤtze Lebens⸗Art eingefuͤhret? da Arhanalius, Chry-

312 1604 1411 85 Loſtomus ſolche ſo hoch geruͤhmet, und gelobet? mit Chryſoſtomo, Balilio,

314 1652 1412 77 Gregorius Nazianzenus, Martinus, Hieronymus, Auguſtinus, Ful-

312 1702 1414 71 gentius, Cœſarius, Gregorius Magnus, ( viler anderer nit zu gedencken) die-

309 1741 1415 71 ſelbe angenommen? Colte nohl di Carholiſche Kirchen dieſes, von denen Welt⸗na⸗

307 1785 1412 82 ſenwitzigen, als muͤßig⸗ unnutzes ausgeſchrienes Moͤnch⸗Leden jemahls gelobt:

304 1835 1409 69 die Concilia, und Patres ſelbes, als den vortrefflicheren Theil der Kirchen ante

302 1881 1414 71 geheiſfſen? die groſſe Kayſer, Koͤnig, Fuͤrſt⸗ und Dotentaten ſolchen Moͤnchen⸗

305 1928 1371 65 Srand alſo geliedt, ernaͤhret, und durch haͤuffige Srifftungen vermehrer haben⸗

421 1975 1296 65 Zn einen Uberſlus will ich ſolchen Welt⸗Geſcheiden jenes zu betrachten

304 2019 1410 58 uberlaſſen, was Kayſer ſuſtinianns in Novella 135. redet. Singularis virz

304 2061 1408 86 hujungzus contemnylatio ren elt ſacre, & en hos er ebeno animad da Deum⸗

1658 2105 56 58 &

1921 1487 18 54 n

1924 1618 27 57 d.

1919 1699 22 49 d
