2111 2572
1615 270 75 64 2

280 285 1390 86 furdat, auf das getreriſte auſgezeichner, und geſchrieben, was ſich ſeiner Zeit in

275 334 1392 84 allerley Laͤufften dey Welrlich⸗ und Griftlichen hier zu Negenſpurg zngetragen.

275 371 1392 103 NB. Fr. Hieremias Gruͤennewala meldet, daß diſe Beſchreibung ſehr

270 421 401 67 verfaͤlſchet worden.

384 471 1286 89 M. ANDREASRASEL7US von Amberg ans der Obern Pealtz gebaͤrtig,

271 510 1399 91 ein guter Muſicus, Prœceptor Quarte Clallis und Cantor auf dem Burgerli⸗

268 555 1402 90 chen Gymnaſio allhier ( in Regenſpurg) hat ein wentlaͤufftiges Buch von diſer

271 594 1398 94 Etadt, und ihren Ornamentis geſchriben, welches er E. Erb: Rath uͤberreicht.

268 638 1401 100 NB. R. Pr. Heremias Criiennewald beklager ſich, daß er ſolches Buch

268 688 1401 103 nit habe uͤberkommen moͤgen. Alleinig es iſt ſolches dermahlen in

265 735 1189 99 unſerem Sriffr, unter anderen Manuſcripten zu finden ꝛc.

711 895 545 139 APUTII.

441 1013 1035 137 Von Urſprung deren Bayern.

388 1111 1281 119 Emnach unſers Cloſters erſter Fundator Theodo IV. (a) ein

418 1170 1245 110 Hertzog aus Bayern geweſen, iſt fuͤr thunlich erachtet worden,

404 1217 1263 114 uͤber voriges von denen Bayern gemeldtes, einen andern Ent⸗

261 1263 898 95 wurff, woher dieſelbe kommen, vorzuſtellen.

403 1314 1263 113 b) Boij, oder Bayern ſollen ihren Urſprung aus Franckreich

258 1357 1409 120 haben, warvon ſie ſich der Urſachen halber ſeparirt, weilen ſelbiges

257 1407 1410 113 Land an Menſchen dermaſſen ſich vermehrt, daß wegen der Enge un⸗

258 1453 1411 121 ter ihnen einheimiſche Krieg zu beſorgen waren, dahero der Koͤnig Am-

260 1503 1407 123 bigarus ſeiner Schweſter Soͤhne Bellorelum, und Sigorelum mit

261 1558 1406 116 200000. Menſchen ans Franckreich entlaſſen, die ſich Anfangs in den

260 1607 1407 123 Schwartzwald nidergethan, welchen Waid die Celte Boij⸗ die Grie⸗

970 1681 31 73 2

1570 1716 100 68 chen

294 1808 1375 112 (a) Daß diſer Theodo, der Vierte dis Nahmens geweſen ſede, int gar nicht wahrſchenliche Adte

334 1851 1332 103 Cœleltinus hat ſein Erzehlung nach denen Meinungen einiger aͤlteren Bapriſchen Scridenten ge⸗

331 1887 1338 103 oronet; da ader von denen erſteren Hertogen ans Bapern anjetzo ſchon etwas mehrers, and nicht

330 1920 1337 100 shne Grund) von dem gelehrten ſoanne Ceorgio ab Eecard, in Hictoria Francia Orjenrli,-

330 1953 1336 103 dann von R. P. Hanlitio Soc. el. in Germnania Sacra tom. 11. erlaͤntert worden, als kan ich

330 1990 1337 109 von difer Seridenten ihren Memuingen, bis ich emes anderen Alberwiſen werde, mich nicht enrfernen,

331 2024 1122 109 ſondern behaugte) daß diſer TTTE0DO, ver Erſte ꝛiſes Nahmens geweſen ſeye.

307 2063 1358 116 9) Von Urdrung deren Depren delche auch andere Seriberten in Pidliodeea Hiſtories Steuvio-

321 2106 643 100 Eadr. teꝛ. wn e. 27. 29 vs ꝛer. ae.
