1566 2270
614 104 44 63 .

671 100 64 77 28

109 98 81 77 77⸗

777 100 229 72 0) Lhg--

238 150 1251 70 Den 1. Novembris 1700. ſetzte der Tod Caroli I. Koͤnigs in

105 199 1376 72 Spanien ſowohl dieſes Koͤnigreich, als gantz Europa in die groͤtt

102 249 1388 72 Betruͤbnuß Was aber auf deſſen Abſterben fuͤr Krieg enſtanden,

105 300 1375 85 iſt unndthig allhero zu ſetzen, maſſen dieſe Hiſtorie bey anderen Ser.

105 344 505 79 benten vieifaͤltig zu leſen.

235 375 1246 95 Anno 1yor. den ). Apra kame Chur⸗ Fuͤrn Marimilan Er

103 438 1378 84 mannel aus denen Niderlanden, ( allwo Philippus V, als Koͤnig. u,

1408 495 67 58 hen.

105 498 1271 69 Spanien, ſchon ausgeruffen worden,) wiederumen nach Ml

103 546 1292 66 Er namme hinnach an dieſen Succeſlions⸗ Krieg einen groſſen Ar

1417 529 58 75 ſeil

102 593 1306 70 retirirte ſich aber Anno 1702. mit ſemen Herꝛn Bruder Titl. G

1447 631 24 71 9

112 640 1311 70 Fuͤrſten zu Coͤlln ſoſepho Clemente nach Franckreich. Die &

105 692 1356 65 Regenſpurg wurde Anno 1702. zu Ende des Jahrs von dem Chu

99 735 1350 92 Bayriſchen General Titl. von Fantini, in Beſit genommen, al

99 785 540 67 bald wiederumen verlaſſen.

229 819 1201 89 Anno 1yor. ſetzte Fridericus Ehur⸗ Fuͤrſt in Brandenburg

98 880 1355 82 ſelbſten die Cron auf, als Koͤnig von Preuſſen, in welcher Koͤnig

98 931 1139 71 cher Wuͤrde er auch von vielen Maͤchten erkennet worden.

233 982 1230 73 Waͤhrend Spaniſchen Succellions⸗Krieg ſtarbe Kayſer Le.

99 1029 1368 71 voldus den 7. Maij Anno 1705. Iolephus 1, ein Sohn Leopold

95 1074 1365 77 bekame die Kayſerliche Cron. Das Hertzogthum Bayrn wurde inde

98 1128 1334 68 ſen durch eine Kayſerliche Adminiſtration regieret. Den 17. A,

97 1172 1363 90 Anno 1711. ſtarde Jolephus I. Roͤmiſcher Kayſer, ſeines Alters .

97 1227 607 70 Jahr, 8. Monath, 22. Taͤg.

230 1259 1241 84 Crolus VI, ein Sohn Leopold, und Bruder ſolepts 1,

94 1316 1366 73 Roͤmiſchen Kayſern, wurde erwaͤhlet den 12. Octobris 1777. gecro

97 1369 1363 80 net zu Franckfurth den 22. Decembris ſelbes Jahrs, hernach Koͤn

95 1418 1368 70 in Ungarn den 22. Maij 1712. vermaͤhlete ſich den 22. April 7708

93 1462 1373 75 mit Eliſabetba Chriſtina, Ludovici Rudolpbi Hertzogs zu Braanſchwelt

95 1512 1367 71 Wolfenbaͤttel Printzeßin Tochter, aus welcher Ehe er bekommen de.

97 1562 1370 77 12. April 1716. Leopold olephum &c. Ertz⸗Herbogen in Oeſterreis.

93 1607 1365 92 welcher aber noch in eben dieſem Jabr, den 2. Novendris verſto.

95 1660 95 76 den.

1365 1665 103 94 Eni

228 1689 1124 94 Anno TTro den 2o. OAobris ſtarbe Fhro Hochtkirſtuc

94 1747 1225 86 nenz Tirl. Cardinal Philipp de Lamderg, Biſchoff zu Paftau

1332 1739 133 74 waͤrck⸗

92 1803 1347 76 licher Kayſerlicher Principal-Commillarius auf den Reichs⸗Tag

95 1855 1367 70 Regenſpurg. Jedermann bedauerte den Tod diſes Hochen Furſten

95 1905 1362 95 nnd Lardndent, beden ſaden ſhnnreſ en nad angenedwſteb

1347 1939 111 80 ſchaft
