1934 2551
767 228 331 73 & (O) EMg-

1529 232 70 68 172

201 276 1402 82 den. Thalfilo zoge mit ſeiner Gemahlin gen Rom. Theodo VII.

197 333 1354 79 wurde allda gebohren, und vom Pabſt Adriano getaufft Anno 772.

324 388 1273 74 Anno 7y0. hat Carolus aus Anſtifftung ſeiner Frau Mutter lr-

198 436 1402 77 dengardem (g) Deſideri der Longobarder Koͤnigs Tochter zur Ehe

199 487 1401 77 genommen, das naͤchſte Jahr darauf um willen ſie unfruchtbar, wider

204 537 1396 78 on ſich geſchafft. Thatkilo gienge zu hoch mehriſt angetriben von

219 590 1377 70 dͤirpurga ſeiner Gemahlin. Carolus hielte gern Fried mit ihm, ge⸗

207 639 1395 75 raucht fuͤr einem Mediatorem den Benedictineriſchen Praͤlaten zu

205 690 1395 78 Fulda S. Sturmionem, der richtete alles nach beeder Wunſch. Die

224 742 1378 74 oſchaffung aber lrmengardis (Adelsreuter nennts Berram) (h) ver⸗

243 795 1359 75 aͤchte bey Luitpurga ein unverſoͤhnlichen Haß, der wachſete von Tag

267 846 1333 75 Lag. Carolus nach ſeines HHerrn Brudern Carolomanni Todt.

211 894 1395 76 durde der Teutſchen und Francken Koͤnig, belaͤgerte Deſiderium den

212 946 1400 77 ongobarder Koͤnig zu Papia, erobert die Stadt, bekame Deſiderium

205 975 61 69 nit

280 1000 1329 74 einer Gemahel und Kindern (Adelgilum ausgenommen, welcher

208 1023 28 59 r

259 1050 1346 75 orzriam gewichen,) gefangen, und machte dieſem Reich ein End⸗

239 1101 1368 72 iches Luirpurg⸗ zu groͤſſerer Rach Anlaß gabe. Thatlilo hatte

225 1150 1384 75 zrentwegen von ſeiner Gemahel keine Ruhe, biß er abermahl in die

225 1200 1385 78 Saffen wider Carolum ſich begeben. Muͤſte ihm doch foͤrchten mit

209 1251 1403 79 dem ſo maͤchtigen Koͤnig (der gleich vor diſer Zeit die Sachſen uͤber⸗

222 1303 1390 78 unden um Thaltilonis Vorhaben ſchon Wiſſenſchafft haͤtte, und vor⸗

219 1337 64 63 ero

297 1354 1317 73 ſchon ſich zu ſchwach gefunden) zu zerfallen, und in die aͤuſſeriſte

238 1404 1375 69 tfahr gaͤntzlicher Ruin und Untergang ſich zu ſtuͤrtzen, ſchickte Arno-

236 1445 50 51 .w.

296 1449 1318 75 Biſchoff zu Galtzburg und Heinricum Abbten zu Monſee zu dem

218 1495 1398 83 Sabſt Hadrian allerunterthaͤnigiſt dittend, daß Se. Heiligkeit den Uber⸗

215 1539 50 59 all

283 1553 1330 79 Caroli in Bayrn verhuten wollen. Zu ſolcher Zeit ware Carolus

218 1602 1401 87 andacht halder zu Rom, der Pabſt fieng an mit Carolo von Friden

207 1624 68 70 mir

300 1659 1312 78 hallilone zu reden, der beantwortete ſich kraͤfftig und beweglich⸗

209 1677 70 60 un

299 1713 1314 75 emonſtrirt, was er nit fuͤr Mittel gebraucht ihne zu einen Freund

215 1727 44 62 zu

258 1733 121 85 haben

208 1780 152 85 aehmen

416 1767 1198 66 Doch ſtelle er Gr. Heitigkeit alles anheimb, und wolle ver⸗

204 1823 66 80 der

360 1831 21 39 ⸗

387 1818 1230 65 was die von Thallilone Abgeordnete fuͤr Fridens⸗ Puneten

292 1845 73 78 ich

368 1865 1249 76 haͤtten, weil aber dieſelde mangleten und ſich nichts devoll⸗

881 1921 90 68 9 2

1481 1923 139 69 maͤch⸗

243 2052 1381 83 C) Nir dute Tochter Deliderli. des Longoburder⸗ AInigs, genernet wurde, u undetannt-

275 2090 779 81 Suhe Ercꝛrdum rom. L Francir Orient. vag. 610.

266 2125 1347 95 O Verta (Bertrala) ware du Hntter Croli, mide an LTochtar Delider.i, Lanrrdꝛr

267 2172 980 92 ct. Kongs, ver vdrrn Lrin Curolo aus Wenchzund hrans grfuͤhrn,

45 493 35 41 l.

21 938 59 63 er.

41 1003 31 38 r,
