1571 2270
128 248 1368 92 Folgen etlich beſondere Urſachen von deren wegen,

281 314 1072 84 neben andern mehr, ein ehrbarer Rath dieſes

673 382 301 79 furgenommen.

156 467 1338 89 SJe erſte und fuͤrnehmiſte Urſach int, daß ſolches die unwiderſprech⸗

126 529 1368 75 ꝛ liche Lehre, Ordnung, und ernſtlicher Befelch unſeres GOtte⸗

114 576 1376 78 und HErrn JElu Chriſti iſt, deme ein ſeder, nicht allein fuͤr ſich ſelbſt

113 628 1375 78 zu geleden, ſondern auch ſeine Unterthanen dahin zu weiſen und zu

112 677 1370 74 fordern ſchuldig iſt; (d) Zum andern daß ſolches auch keine Neuerung

111 723 1371 84 zu Regenipurg iſt, ſondern laͤnger, dann ſechzeben Jahr (e) daſelbſt ein

111 774 1371 77 Bruuch geweſen, und niemandes, der anders Prieſter hat bekommen

107 819 1371 80 moͤgen, die es ihme gereicht haben, jemahls gewehret worden, daſſel⸗

105 866 1371 81 bige, wie oben ſteher, in zweyerley Geſtalten zu empfangen, ohne al⸗

103 914 1369 81 lein, daß es in keiner gemeinen Kirchen, offentlich, ſonderlich in abge⸗

103 963 1369 81 ſonderten Capellen, und Burgers⸗Haͤuſern geſchehen iſt, welches ein

104 1010 1367 83 Ehrbahrer Rath von der gemelten Zeit her, der Widertaͤuffer, und

103 1058 1368 84 Zwingliſchen Secten und Irrthum zu huͤten, gedultet that, und nicht

99 1108 1366 79 umgehen koͤnnen. Zum dritten, nachdeme aber ein Ehrbarer Rath

97 1152 1364 88 bar befunden, daß gleichwohl durch dieſen Weeg, ſolche erſchroͤckliche

94 1203 1367 78 Secten und Frrthaͤmer (H nicht allerdings haben verhuͤtet werden

90 1251 1368 84 moͤgen, ſondern daß nichts deſtoweniger in ſolchen abgeſonderten Ver⸗

90 1301 1369 79 ſammlungen etliche Verfuͤhrer ihre falſche Lehren und Gifft unter den

94 1351 1360 87 Schein des Guten unvermerckt eingeſchleicht, daraus dann mehr⸗

759 1402 163 78 Sfkf2

1346 1408 111 64 dann

717 121 204 78 3(07

1432 110 78 57 797

112 1568 1337 77 7a)Ron dieſer Nateri⸗, Einſetzung, und Genſiſſung des Heiſigen erſtars. Cgeraments wir.

143 1607 1305 80 haͤuffig in denen Cchriſſten deren Cacholiſchen zehanduir, muhin M es ucht nitpig viel von dieſenn

147 1664 249 53 allhier zu melden.

118 1692 1325 76 (e) Seche und zehen Fahr ig gewisuch ein lange Zeit, um ewas zu behauten,

142 1734 1300 74 und Hand zu haben. Obwohlen man das W0iderſpi ſolches Unternehmens, vor deeſen Seche

140 1779 1053 73 und zehen Fahren, aſich hundert Jahr an ſolchen Orch ruhig ausgeubtet.

111 1816 1330 88 (T) Dueſe erſchrdeliche Sesten, uud In⸗Lehren, vereinten doch, daß ihre Aehr in den naren

142 1860 1293 78 Worr GOttes⸗ oder heiligen Echrifft enthalten waͤre. Wber hat tann aus dencn Herren Neu⸗

142 1899 1292 70 glanbdigen, oder Reformirten, Proteſtanten ꝛc. rechtr Ein jeger ſagt, die echnfft iſt tlar, unt

137 1933 1295 84 dannoch ſagen du Herrmn Kegenſpurger: ſolche erſchroͤckliche Sesten NE. Drßt aſoͤdenche

142 1997 630 68 Ate ten Eyno mu Lurheri Zntten guigetomnen,
