1938 2500
25 251 94 60 Kaͤlte

41 295 72 66 dar⸗

58 352 62 56 der

20 386 96 77 tris

23 454 85 64 Nar

47 504 48 59 ur

56 548 55 64 det

726 211 395 75 19S (O) Eel-

1539 226 93 67 227

233 255 1400 92 ter zu haſſen. Mit Krieg, das ein unbilrge Sach geweſen, haſt du

233 309 1399 89 vhn mein Befelch das Welſchland angefochten, hab dannoch wider

234 359 1398 91 sich nichts Boͤſes geurtheilt. Das Gluͤck hat dir miblungen mit groſ⸗

234 411 1398 94 ſen meinen Schmertzen. Ich lieſſe die Roͤmiſche Cron auf mein Haupt

234 463 1399 88 Etzen, damit ich ſie auf dein Haupt uͤberſetzte Meiner Glory waren

234 512 1394 92 genug die Reich uͤber Teurſchland, und Auſtraſien, wann ich nicht

233 562 1396 90 Ewunſchen haͤrte dich glorwuͤrdiger als mich zu ſehen. Du deklagſt

234 595 63 66 ic

312 622 1317 78 degen meiner HHochheit, und ſteheſt in Sorgen, es werde deines

233 663 1396 89 Hucks Enfferer gebohren. Aber im wenigiſten ſolle dich dis bekuͤm⸗

229 718 1397 86 geren, wann dn gedenckeſt daß ich dein Vatter bin, und warum foͤrch⸗

234 744 50 71 eſt

307 772 1319 82 ſenen, der noch das Tag⸗Liecht nicht hat angefehen? haſſeſt du

232 790 44 66 Nie

307 823 1319 81 Stieff⸗Mutter? aber auch dieſe begehrt nichts als dein Gluͤckſee⸗

232 866 1393 92 greit, und Wohl⸗Leben. Du ſolleſt ihre Engenden lieben, und

236 890 43 73 6.

297 925 1328 75 chlecht verehren. Um dero Gunſt dich bewerben, mit welchem ſie

230 945 85 81 chon

330 975 1296 80 vorhero das Reich uber Weiſchland dir wollen zubringen. Aber

232 997 97 73 dany

336 1025 1286 80 du weder ihre noch meine Verdienſt anſchaueſt, ſchaue an dich

227 1041 74 78 elde

340 1077 1285 78 damit du in deinem gottloſen Vornehmen nicht zu Grund ge⸗

230 1091 65 75 eſt

340 1127 1286 79 Schaue auf deinen guten Nahmen, welchen du einen ewigen

244 1172 1381 86 5chand⸗ Fleck anhenckeſt. Schane an das Vatterland, welches du

227 1198 77 75 dillt

315 1229 1309 80 nit Lands⸗Kinder⸗Blut bemacklen, ja ſchon laͤngſt mit der Ar⸗

226 1250 65 65 ner

313 1280 1309 81 lntergang gepreſſet. Endlich wann du verſtaͤndig, gehe in dich

225 1288 50 68 elt

345 1329 1276 82 und reiſſe es heraus von dem Ungewitter, daß du erwecker haſt.

275 1379 1346 77 ffaue an das offene Hertz deines Vatters, welches du, wann es

237 1420 1381 85 nteot, kanſt umfangen. Siehe die Vaͤtterliche Hand, deren kein

226 1469 1392 90 Anere wirſt beruͤdren. Wer wollte nicht gedencken, Lvdolph ſollte

219 1488 54 74 ic

295 1526 1324 82 das Beſſers beſonnen und erklaͤret haben7 Er bliebe aber in ſei⸗

218 1547 69 69 uen

298 1577 1319 85 oſen Vorhaben, zog ohn allen Abſchied von ſeinem HHerꝛn Vat⸗

218 1590 50 68 er

280 1613 60 73 ey

219 1641 51 65 ꝛ

344 1633 1274 83 naͤchtlicher Weil davon, und degab ſich zu Hertzog Arnolphen

262 1666 427 89 ſers auf Regenſpurg.

218 1741 115 86 zenſyo

340 1731 1278 78 Der Kayſer Orto folgt ihm auf dem Fuß nach, beiaͤgert Re⸗

327 1786 1291 75 (s mit Ernſt; die Belaͤgerte fielen offt aus, lieſſen aber viel vor

213 1795 55 59 der

308 1830 1307 83 stadt ſitzen. Den Kayſer gedunckte der Hunger ſeye das beſte

213 1840 139 90 Nirtel,

223 1893 50 68 iel

370 1873 62 68 die

450 1887 1164 76 Stadt zu eroberen, beſonders weil er wußtzte daß nicht

298 1929 1316 90 ſoriges in der Stadt mehr ware; verhietete derentwegen alle Zu⸗

211 1937 75 78 nhr

298 1965 57 58 dee

222 2023 1393 97 Holſen einen Haupt⸗ Ausfall zu Waſſer und Land zu tbun, und

376 1988 1238 81 Hroviants. Die Burger des Hungerleydens verdruͤßig, be⸗

225 2069 1382 137 vn i d demds⸗ Edger i holen enn gewdiſer Dioctene gzzt

854 2144 122 76 Ff 2

1469 2148 139 85 mußte

55 755 49 54 pas

55 845 49 67 ge

73 902 21 52 e

59 955 34 54 r.

48 1052 53 57 des

52 1395 31 63 e

43 1595 47 64 die
