1991 2551
46 313 73 88 e

758 265 34 45 uu

828 255 333 76 8(0) Log-

246 290 1424 95 ſchen Reich, da die Koͤnigliche Hoff⸗Prelidenten, Richter, oder, ATaſfees do Pa-

1596 277 56 61 27

245 344 1425 91 farr Royal Sc. Majores Domuͤs Sc. den groͤßten Gewalt ſich zneigneten, und viele

251 388 1409 93 Verwuͤrrungen entſtanden; auch der Eyffer vor die Religion dardurch erloſchen,

249 433 1414 85 us knunte dirſen Udlen nicht vorgebogen werden. Wie in Actis Sanctorum Bollan-

249 473 1415 92 cran. ad dhiem. 11. ſulii zn leſen, (wo von S. Hidulko gehandlet wird, da auch

248 517 1412 90 Neldung von ſeinem Bruder dem heiligen Erhardo geſchieher/) ſo kan nicht vhne

249 542 101 67 Grnnd

361 568 1302 78 geſagt werden, daß der heilige ERHARDUS nach Mutre des Siebenden

245 586 125 70 Seculi

378 612 1286 75 allhter in Regenſpurg das Biſchoͤfliche Amt verrichret habe, wie er dann

248 647 1412 88 ach mit ſeinen Bruder Hidulko allhier in denen Srndiis ( nach ſeiber Zeit Ge⸗

245 670 95 72 drauch

245 721 108 65 narios

382 697 1278 82 unterwieſen worden Dahero B. Erhardus unter die Epiſcopos Regio-

248 779 1408 86 aͤchr ordentuich und deſtaͤndig eingeſetet waren. Befiehr die Leden S. Hildutki aa

364 746 1292 81 zu zehlen, welche in Regenſpurg zu ihrer Zeit ſich eingefunden, odwohlen ſie

246 802 84 63 liem

350 830 1309 75 11. fulii, und S. Erhardi ad diem 2. lannarii bey denen PP. Bol-

249 846 184 80 landianis.

357 909 1300 91 VL. Unter Theodone II. welcher nach Tbeodonen T Anno S8o. zur Re⸗

245 952 1409 93 gidang kommen ware, daurete noch deſtaͤnduo ſolches Udel einiger falſchen hernm⸗

243 975 34 51 n

302 1000 1347 89 lerenden Verfuͤhrern, wie ſelde unſer Arnoldus beſchrieden. Vermurhlich wa⸗

317 1045 1336 87 umahl auch kein fremder Biſchoti zn Regenſpurg; maſſen Theodo I. den hei⸗

242 1055 67 68 igen

320 1089 1327 83 Aupertun zu ſich geladen, welcher auch in anderten Fahr der Regierung cdnt-

241 1099 44 63 lel

287 1118 66 54 erti

347 1136 1302 79 IIl Anno 696. den Theodone II. in Regenſpurg angekommen, demſel⸗

239 1139 51 65 den

238 1184 54 61 den

330 1176 1326 86 dann getauffet. (Siehe was von dieſem Tauff oden pag. 12. gemeldet wor⸗

245 1230 72 66 Dor⸗

368 1218 1282 92 Rupertus vol des Eyfſers verreiſete alsdann in Pannonien, predigte das

341 1261 1305 89 BDetes, von dannen er wiederum zuruck gekehrer, bis er enduich nach groſſer

245 1298 1394 100 adr, und Apoſtoliſchen Eyffer zn Salsourg (Anno 716.) als ordentlicher Bi⸗

242 1318 44 56 che

239 1357 84 71 rraa

326 1350 1317 89 nngeſtanden, uno dieſem Birum den Anfang gemacht, welches, wie bey Han-

330 1390 1312 88 tom. I. German Saerz. pag. 110. zu leſen, auf nachfolgende Arrh ge⸗

268 1421 1364 98 ehen. TIIEODOII. harte drey SCoͤhn, Tncodebertum, Theodebaldum-

289 1465 1353 101 moaldum. Er theilte das Land in vier Theil, daroor er einen vor ſich behal⸗

236 1485 50 65 en

320 1507 1323 102 Asdaun, vermuthlich auf Anrathen Ruperti, verreiſte Theodo 11 nach

236 1529 83 72 Aom⸗

235 1570 55 62 ar⸗

344 1551 1296 105 ſcin Andacht allda zu verrichten. Allwo er auch die Gclegenheit gehabt mit

311 1598 1329 106 orio I Roͤmiſchen Papſten zn ſprechen, welcher noch dieſes Jahr (Anno

255 1626 42 51 6

233 1655 60 58 Sar

354 1642 1286 104 Martinianum Biſchorſen, Gcorgium einen Prieſter, und Dororheum

333 1686 1300 109 Niaconum, als Paͤpſrliche Geſandte in Bayrn adgeſchicker, mit Befelch,

226 1704 64 54 dai

297 1714 36 61 .

346 1723 60 65 dre,

229 1746 75 53 aen,

425 1744 1212 88 oder vier Biſtuͤmer, nach eines jeden Hertzogen Gediet und kand anord⸗

326 1760 54 58 das

233 1781 195 82 uncten G.

418 1785 1218 89 ne ader vor einen Ertz⸗Biſchorfen beſtimmen ſolten. Die Betelchs⸗

228 1833 180 74 urrio tom,

453 1828 1182 85 orii II, die er ſeinen Geſandten zngeſtelet, ſennd zu leſen den Han-

232 1870 197 94 durdig dieſe⸗

473 1869 1163 93 serman. Sacrœ. pag.. 110. & ſegg. RUPERTUS iſt alſo glaub⸗

228 1918 61 57 den.

328 1950 1301 104 Auf welchen Carbinianus baid nach Freyſingen ankommen. Warumen ader

455 1913 1180 92 jahr ( Anno 716.) zu einen Biſchoffen in Caltourg deſtellet wor-

235 1957 42 59 n

280 1988 1352 110 wderrn Orthen vor dieſesmall kein Biſtum auſgerichtet worden? darvon in keine

235 1999 82 68 Aſas

229 2042 57 59 das

343 2028 126 68 etannt.

503 2052 1127 89 Es kan zwar geſchehen ſeyn day einige Biſchoͤff deſtellet worden,

232 2086 55 56 und

343 2086 1287 97 Hoͤſluhe Amt zu verrichten, aber denenſelden wurde noch kein gewiſſer Orrh⸗

304 2121 1326 126 wtd. ne dnn ancd noh lad Erd. Daͤtdot in dnnn d nade

235 2131 206 94 rdeter wvare

979 2239 39 63 S

1530 2243 102 78 VIL.

35 412 78 47 Hi-

22 447 94 56 hori-

25 493 92 59 &c.)

51 537 56 59 o

48 575 71 59 den

31 619 89 62 ſolche

19 667 102 54 Snad⸗

46 708 71 54 2A,

70 755 49 54 n

28 861 88 44 ame-

42 888 71 61 Ca⸗

24 932 93 61 Glau⸗

29 982 83 55 ꝛtyu⸗

21 1018 95 64 die 3.

68 1065 46 60 en

56 1111 58 55 n⸗

38 1150 79 60 aber

22 1200 94 57 am.

42 1242 72 47 0 1.

59 1282 54 68 zol

43 1378 71 53 ami

22 1414 91 76 dege.

32 1463 71 56 Sa

28 1500 86 64 untel

25 1543 81 71 Lac

28 1598 75 61 ꝛ voi

21 1638 76 61 cemo

35 1690 67 58 abet

32 1740 74 55 Bas-

43 1775 54 63 ib.

24 1816 80 66 zo.

24 1862 85 66 unter

24 1904 83 61 mo-

19 1950 84 61 zanrs

29 1989 75 64 mt

26 2036 69 58 abtit

26 2076 74 72 chet

42 2121 44 68 a

36 2174 73 68 ſchen
