1918 2545
359 229 87 63 158

876 231 389 72 .1às (0) 2et,

359 281 1406 72 nnd die Cleriley nach den Kirchen⸗Gebrauch, ſecundaͤn moren Eesleſaſtiers.

363 328 1400 73 a.ro der Erwaͤhlte wurde dem Kayſer vorgeſtellt, die Biſchoͤff approbirten den heit

359 376 1404 63 ligen Woltgangum zu den Biſtumd. Aiſerunt ad Inperatorem: & deato viro ab

352 415 1410 72 Epiſcopis probato. 5.ioͤ Orto der Kayſer gabe ihme alsdann den Biſchoff⸗Stal

359 459 1403 68 und die Wuͤrde eines Viſchoffens Imperialis potenia per pedtiam (peduin Pa-

360 501 1400 73 ſoralem, bonorem dedit ei Pontificalrm. Aiſo nemlichen wucden in Teurſchland un-

357 545 1405 72 ter denen Erſten vier oder fuͤnif Kayſern Ottonibus, Henrico die Erwaͤhlungen

355 593 1403 71 deren Biſchoͤſſen verrichtet Und odwohlen auch bißweilen dieſe Erſte fromn⸗

359 643 1399 65 Lanſer, das Volck und die Cleritey in Beſtellung des neuen Biſchoffens ni zulal⸗

357 684 1399 69 ſeten, ſo beſtellten ſie doch ſolche fromme und gottsfoͤrchtige Maͤnner, welche vo

356 728 1397 68 denen gegenwaͤrugen Biſchoͤfſen, ſo zu Hoff ſich einninderen, und von denen Fuͤl

353 773 1395 66 nehmſten des Hoffs darzu wuͤrdig geſchaͤtzet wurden, und thaten ſolches nit ans vi

356 817 1390 63 ren cignen Willen und Anthoritet. NB. Von dieſen iſt viles zu leſen bey Thoͤ

355 859 1400 57 mallino cit. loco. Parte IL. Lib. IL. cap. 38. Wie wir aus uneren Arnoldor

355 900 1394 68 nnd anch ans denen Chronicis vernehmen, ſo pflegten dirſe Kayſer denen nen el

350 944 1399 71 waͤhlten Biſchoͤſten, auch dir Inveſtituram zugeben, per pedian (pedum) pe

346 988 1402 69 ſtoralem: Dieſe fromme und gottsſoͤrchtige Kayſer, weiche vilmehr vor die Eachoi⸗

350 1032 1395 66 ſche Kirchen, durch Srinſtnng deren Biſtumer, und reichuiche von ihnen gemach

349 1075 1397 67 Donationen, ſich eyfrig dezeugten, als dan ſie deroſelben Gewait, und Herrnu

350 1118 1385 68 keit ſchmaͤhlern wolten, gaben zwar dieſe Inveſtituras, um denen Biſchoͤfſen à

349 1165 1396 65 zeitliche Herrſchafft deren zum Biſtumb gehoͤrigen Guͤtern zu deſtaͤrigen, nie ſuchts

349 1207 1397 65 aber keineswegs den Gewalt uͤber die Geiftlichkeit ſelbſten, oder dero Beſtenuns.

346 1251 1393 56 hochmuͤthig ſich zuzueignen, obwohlen ſie dreſe Inveitituren durch ubergebuna geiſt

345 1296 1399 66 licher Deichen, (als durch den Biſchoft⸗Srab, und Ring) verrichretr⸗

345 1343 1396 65 Dahero auch damahls die Kirchen dieſen Inveſtituren, ſo die Erſtere zromme Ko

345 1385 1359 69 ſer machten, ſo heffnig ſich nit widerſetzte, odwohlen die Paͤbſte und Biſchoͤge es

343 1430 1378 70 etwas der Geifilichen Frenheit zuwider lauffendes angeſehen; doch, wegen den e-

345 1476 1369 66 fer dieſer frommen Kayſer, weilen ſelbe viele Biſtumer errichter, große Ennrund

347 1522 1351 61 gemacht, vicle fromme uud geiſtreiche Maͤnner in Biſchoͤnfen denahmdſer, die

346 1560 1372 70 veſtituren ans Eyiſer und Vornchtigteit, (das Zeuliche denen Burumern zu eri

343 1603 1345 72 ten, vorgrnommen, ſolches lange Zeit ( um der Kirchen nit zu ſchaden,) und

342 1644 665 69 andern vernuͤnfugen Adychten erdulter.

462 1723 1272 85 V. Da aber hernach einige Koͤnig und Kayſer die Biſchoͤfuͤche Wahls

336 1782 1395 77 allein zueigneten, die Viſtumder gleichlam vertaufften, viele Unwnuͤrdige und Enal

339 1835 1382 72 maͤtige, als Hirten dem Volck anfdrungen: Aledann wurden die Roͤmiſche Paͤbt

342 1884 1303 71 und Concilia demuͤßiget vor die Ehre und Gewalt der Kirchen zu ſorgen, u

340 1925 1306 72 ſen Inveſtitnren, welche von dem weltlichen Gewalr nunmehro ſehr ubel und

339 1966 1296 74 laͤßig ausgetheiler wurden, ſich zn widerſetzen. NB. Leſe Capitulum XXN

340 2009 1370 76 den Thomailino de veteri Dilciplina. Parte 17. Lid. I. per torum. Esi

338 2054 1381 75 den ſich noch verſchiedene Verwirrnna⸗ und Uneimgkeiten wegen denen Flectionen

342 2098 1358 80 (Biſchoͤßichen D ablen) und Inreſtirurrn hnnach ꝛtriener Vide Thon

1603 2137 107 68 Anunt
