1571 2270
639 105 55 66 nst

709 105 178 72 8 (0,

133 150 138 61 Aſam.

962 109 75 62 Zar

1428 119 79 57 177

300 158 1210 74 DDie audere Mahlerey im Nacht⸗Chor, und in denen zweyen

132 206 1372 72 Gaͤngen, nebſt der mitteren Kirchen wurde von HHermn Gebhard,

129 253 1376 74 Mahlern in Pruͤfling verfertiget. Die Kirchen kame innerhalb zwey

128 300 1373 72 Jahren in ihren gegenwaͤrtigen Stand, alſo daß Anno 1752. am 28.

132 350 1370 73 Junii, und am Feſt deren heiligen Apoſtlen Petri und Pauli der ſo-

126 393 1375 79 lenne GOttes⸗ Dienſt wiederum darinn gehalten worden, welcher in⸗

124 442 1378 75 deſſen in der naͤchſt⸗ſtehenden S. Ruperti-Pfarꝛ⸗ Kirch verſehen wur⸗

123 490 1377 74 de. Neben dieſen koſtbaren Kirchen⸗Gebaͤu fuͤhrte er noch andere

121 542 1379 69 mehr: als (Anno 1726.) Anfangs den dritten Stock, oberhalb den

118 588 1378 69 Loͤwen⸗Saal: hernach die Zimmer, oder drittes Stockwerck, gleich

118 641 1376 63 an das Convent ſtoſſend, gegen Aufgang der Sonnen, welche zu beſ⸗

118 686 1374 71 ſerer Beqnemlichkeit des allhier bey S. Emmeram reſidirenden Titl.

119 731 1376 77 Principal. Commiſlarii aufgefuͤhret worden. Zu gleicher Zeit, da

117 789 1375 57 man die Kirchen erneuerte, wurde auch das alte Dormitorium, oder

119 831 1373 66 ſogenannte Schlaff⸗ HHaus abgebrochen, und ein gantz neues Gebaͤu

117 882 1375 61 von Fundament aus aufgefuͤhret, nemlichen, das neue alſo genannte

118 929 1369 63 Capitulum, die darauf ſtehende ſchoͤne Bibliothec, nebſt anderen Zim⸗

114 977 1371 64 mern, und Infirmaria Anno 1727. banete er das Schloͤſſel zu Ho⸗

116 1025 1369 60 chen⸗Gebraching. Anno 1728. das Gebaͤu in dem Abbtey⸗Garten,

114 1075 1371 65 und naͤchſt des Cantzlers Wohnung. Anno 1732. das neue Prieſter⸗

117 1122 1365 60 HHaus zu HHaindling Damit auch die Reſidenz deren Titl. Titl.

118 1170 1364 58 Hrn. Hrn. Kayſerlichen Principal-Commiſlaͤrien, ſo bishero bey S.

114 1220 1369 54 Emmeram reſidiret hatten, ein beſſeres Anſehen bekommete, lieſſe er

114 1264 1367 62 Anno 1720. das dritte Gaden darauf ſetzen, und den neuen Thurn

111 1311 1370 66 am Ecke gegen Mittag auffuhren. Die Bibliothec vermehrte Anlel-

111 1362 1369 64 mus mit vielen nutzlichen und koſtbaren Buͤcheren. Er ware unermu⸗

113 1411 1364 67 det in Durchgehung deren alten Documenten und Manuſcripten, aus

107 1461 1369 76 welchen er ſein Buch⸗ Ratisbonan Eoliticam, das Stadtiſche Re⸗

111 1520 1367 74 genſpurg, oder Hiſtorie von der Stadt Regenſpurg zuſamm getra⸗

113 1570 1364 73 gen, und den erſten Theil Anno 1729. heraus gegeben. Er verfer⸗

108 1618 1368 73 tigte auch die Hiſtorie von Leben und Marter S. Emmerami in einen

107 1667 1369 72 rleinen Tractat, unter den Titul: Siegreiche Unſchuld F Emmera-

109 1716 1366 72 mi Sc. Zu Befoͤrderung der Chre GOttes beſchriebe er die Hiſtoriam

111 1763 1354 70 von S. Walburg, der Wunderthaͤtigen und glorreichen heiligen Zung⸗

108 1810 1360 75 krauen und Abbtißin, Dero heilige Gebein zu Eychſtaͤt, in dem koͤbli⸗

111 1857 1360 95 dden Jungfraͤulichen Cloſter dieſes Nahmens aufbehalten werden⸗

1370 1903 105 69 Der
