1918 2545
1173 236 74 62 In

917 231 58 72 18

346 248 89 63 176

339 291 1407 82 Zeitlich erfuhre ſolches Carolus, hielte deswegen ein Reichs⸗Convent

340 340 1404 81 zu Inglhaim, und auf geſchehene Propoſition und erwiſenes Criminis

338 388 1408 84 abermahl Lrle Majeſtatis ware niemand, der nit Thallilonem zum

346 443 1390 77 Todt verdammete, worzu die Bayrn ſeine Unterthanen als gar zu ofi⸗

339 494 1402 78 betrangte und verderbte, zumlichen Fortſchub gaben. Doch erhielten ſt

339 542 1399 85 gern die Agilofingiſche Lini und Succellion. Thallilo warffe ſich zu de⸗

338 596 1401 85 Koͤnigs Fufſen, wuſte zu ſeiner Entſchuldigung nichts vorzubringen

338 646 1400 77 ſondern erwartete das Urtheil. Der wurde nach dem Saal⸗BBuch oder

338 699 1396 74 Legem Salicam zwar zum Todt verurtheilt, aber die gewohnliche Guͤtt

339 750 1393 78 Koͤnigs Caroli ſchenckte ihme das Leben, welches er doch in dem El⸗

338 801 1397 81 ſter Laurisheim vder Lorſch dey Wormbs ſambt ſeinen Sohn Theodo

338 852 1396 74 ne Anno 788. zubringen und enden muſſen. Von dieſem Cloſte

339 899 1399 76 ſchreibet Marhœus Merian in Topographia Palarinarus ſoi. 22. untel

336 951 1398 78 dem Titl Heppenhaim, ſo Anno 761. Cancor Graf von Rinckon.

336 1002 1393 79 und ſein andaͤchtige Mutter Wilisvvinda Graff Ruprechts Wittib,

338 1050 1396 86 der Inſul Altenmunſter auferbaut, daͤß gedachter Thaſlilo allda geſto.

335 1105 1397 81 ben, und zu unſern Zeiten ſein Grab⸗ Stein (vor Aiters har mal

339 1156 1392 83 groſſe lange Quaterſtuct ausychauen, und vornehme Leichnamb darel

338 1208 1383 77 gelegt) dem Bericht nach zu emnem Sau⸗Lrog applicirt. Das Er

336 1269 502 68 raphium ſoll alſo lauten:

493 1351 1122 79 Tbaſſilo Dur primum, poſt Rer, Monachus ſed ad imum

490 1422 784 73 Uibus internis deceſſerat iſte Decembris.

1666 1510 70 60 das

466 1518 1186 72 Er lebte als ein Convers oder Lanbruder darinn ſo fromm

329 1576 1328 72 er nach ſeinen Todt fuͤr heilig geſchaͤtzt worden. Theodo der E

330 1625 1365 71 wurde Prieſter. P. Andre: ad S. Magnum ſchreibt: er ſey undekai

326 1676 1345 74 in das Cloſter Lorſch kommen, und allda erhalten worden. Nad

333 1729 1286 75 lich Jahren, als Kayſer Carl in dieſes Cloſter kommen, und zu

328 1777 1362 79 in der Kirchen ſein Gebert verrichtet, habe er dem blnden Thadi

328 1833 1356 75 nem, von einem Engel von einem Altar zu dem andern fuͤhren g

328 1887 1333 69 hen. Niemand wuſte, wer der Blinde ware. Die andere Nach

1596 1925 78 64 hal

330 1938 1247 69 ſchahe, wie zuvor, ſo auch der Abbt geſehen. Hierauf bekan

325 1987 1320 68 dald ein Fieber, erzehlte ſein gantzes Leben⸗ und mit den heiligen

325 2036 1325 70 eramenten wohl verſehen beſchloß er ſeelig ſein Leden. Litopyrgi

1656 2065 61 64 ve.

326 2085 1314 72 Leutpurg die Gemahel Thaſlilonis iſt in ein Cloſter am Kocheiſet

330 2134 1305 85 wiſen worden, hat ſich in dem geiſtlichen Stand, mit Willen

1640 2167 84 79 en,

1860 344 53 57 ſin

1862 550 40 46 ni

1861 639 31 53 ac

1861 746 31 50 A

1865 858 13 42 .

1860 886 26 54 r

1857 1183 51 64 ns

1861 1227 49 78 de

1858 1302 21 42 .
