1915 2468
45 290 41 59 ge⸗

31 335 62 63 ſteu

32 378 62 67 un

30 430 64 63 por

20 479 65 69 nli⸗

26 529 61 71 pon

24 586 58 59 po

24 636 51 57 er

52 681 19 52 t

683 250 39 54 a.

758 241 32 79 ,

865 245 100 68 0)

196 286 1393 95 tain, Woͤrtt, Schoͤnberg, Signſtain, Gaulderg, Podenſtain,

200 346 970 80 Neukirch, Voderketzting, Deckendorff, Camb.

197 411 78 104 nen

322 404 1262 86 Folgendes Jahr 1a20. da das Concilium zu Baſel angieng, ka⸗

278 464 1309 73 hieher gen Regenſpurg die Hußiten aus Boͤhmen, mir Johann Ro⸗

212 512 1376 95 enzahn. Biſchoff Conrad degleitet ſelde⸗ dis nach Baſel, allwo ſie

198 552 467 97 lh verantworten ſolten,

316 617 1271 85 Anno 1221. gegen End des Septembr. ſtreifften die Hußiten

270 678 1313 71 auf Camb, verwuſteten alles. Die dieſes wolten verwehren,

208 726 1377 77 ourden zuruck geſchlagen. Nach dieſer Victori wageten ſie bald wider

203 756 38 57 ur

277 778 1307 74 Otraiff gegen Bayrn bitz gen Ohrnſchwang Eralmo Sattlboger

203 825 1382 75 Horig⸗ ſeynd aber mit groſſen Verlurſt, und zwar nur von denen

209 874 1376 74 Hauern zuruckgetriben worden. Um das Feſt S. Leonardi wolte zwar

212 900 47 65 de

260 926 1323 74 tos Wilhelm mit einer Armee in Boͤhmen gehen; die Seinige

237 955 68 81 ſen

305 976 1282 83 ihn nit. Die Armee aber, nachdem ſie denen Boͤhmen groſſen

219 1021 768 85 haden gethan, kame gluͤcklich zuruck.

197 1106 95 80 denrr

312 1085 1276 69 Anno 1232. hat Pfaltzgraff Hoannes und ſein Sohn Chriſtoph

312 1138 1275 74 Hußiten das Schloß Reichenſtain eingenommen. Das ver⸗

204 1161 60 67 ro

297 1181 1292 83 dieſelbe, und kamen gar ſtarck wider in das Bayriſche, hauſeten

201 1228 1383 84 dler als vorhero niemahlen. Pfaltzgraff ſoannes mit 200. Reuter⸗

203 1262 54 66 n

271 1283 1320 78 etlich hundert Bauern, auf GOttes Beyſtand hoffend, griffe den

198 1329 1394 81 Antzen Hauffen des Feinds behertzthafft an; erlegt ihnen mehr als

230 1377 1358 83 00. Mann. Verluhr der ſeinigen nur 10. In dieſem Treffen haben

230 1425 1351 80 s deſte gethan, Heinrich Oflueg, ſohann Senger, und TOilbelm

230 1472 1351 85 zuulſtorffer. Man hielte detzwegen allhie ein groß Danck⸗Feſt in

237 1521 1343 90 nſeyn beeder Hertzogen, Fridrichen Marggraff von Brandendurg,

193 1567 883 83 eines Sohns, und des Paͤbſtlichen Legaten.

303 1635 1278 84 Anno 122a. hielt Pfaltzgraff Hannß von Amberg, ſein Sohn

212 1638 59 89 -

187 1709 79 77 ner

312 1686 1268 95 Chriſtopb, und Hertog Atbrecht aus Bavrn allhter ein Tur⸗

330 1755 224 48 .,.-,.

311 1792 1269 67 Anno 1125. celebrirt der Biſchoff allhie ein Svnodam, und

209 1804 80 73 kor

290 1837 575 66 nirte ſeinen Clerum.

315 1879 1258 85 Anno 1156. waren erſtgedachter Hertzog Hannß von Amberg,

196 1898 57 72 n

277 1929 1297 86 riedrich Marggraff von Brandenburg, Unterhandler, und Frie⸗

219 1955 49 74 ne

320 1983 1256 84 Stiffter, zwiſchen Hertzog Seinrichen von Landshut, Ludwig

227 2008 25 61 1

293 2037 1281 78 zungern von Ingolſtatt, Albrecht von Muͤnchen, und ibren

203 2074 1375 101 Punds⸗ Genoſſen. Hierzu ſchickte auch allhero das Conciliumn, ſo in⸗

902 2148 118 73 99 2

1437 2143 136 68 Daſel
