1934 2551
777 204 38 72 3

874 206 78 80 )

1517 215 72 55 179

197 256 1396 84 biagnus Anno 792. (8) allbie halten laſſen, von gedachten Carolo,

205 310 1387 81 ind Hochen anweſenden Adel dahin beredt, daß er denen Geiſtlichen

201 359 1392 81 Rechten gemaͤß, und zu Vollziehung Papſt Leonis II. allergnaͤdigi⸗

197 410 1398 73 ſten Willen, das Cloſter S. Emmeram denen Moͤnchen laſſe, und ſei⸗

199 459 1397 83 een Biſchoͤflichen Sitz, der bishero in unſerem Cloſter war, in die

198 510 1399 79 untere Stadt zu S. Srephan transferirte Worauf dann ermeldter

207 559 1388 81 Carolus das Cloſter nicht allein befreyt, und zu einem Reichs⸗Stand

207 612 1389 81 chebt, ſonder auch im geiſtlichen Weeſen dem Roͤmiſchen Stull im-

202 663 1393 81 dediate (h) unterworffen, und deſſen Conkirmation von Leone III.

205 714 1391 83 chalten. Deren Tenor bey dem Hundio in Metrop. Salisb. zu fin⸗

207 765 477 69 en. ()

303 838 1293 81 In ob⸗ angezogenem Svnodo iſt von denen anweſenden Biſchoͤf⸗

199 887 1397 86 ſen die Keterey Feliciani, eines Spaniſchen Biſchoffs, verworffen

208 941 1388 79 sorden. B. Engelbertus, ſo vorhero Berrham, Caroli Magni Toch⸗

208 992 1391 80 k, zur Ehe gehabt, nach deren Tod aber Geiſtlich, und ein Abbt

211 1043 1385 92 orden, hat dreſen Keter nacher Rom begleitet, und dem Paoſten

229 1085 267 89 ergeden. ()

29 436 46 43 2n,

49 539 20 37 1,

229 1445 1364 72 H Vermoͤg der Dulla Lconis IH, nnd Diglemaris Carou M. (wie ſelde hernach zu uſen) in

249 1490 1346 66 dueſes geſchehen Anno 798. Es ſoll auch i dieſem Jahr ein Synodus zu Regenſourg gehalten

253 1523 1336 72 worden ſeone wir tom. U. Concil. edit. Vener. pag. 222. zu ſchen. Siehe was oden pag.ꝛ5. (m)

253 1558 1343 83 von dem Synodo, welcher unter Arnone zu Reispach Anno 198. grhalten worden, gemeldr.

253 1600 672 66 tcorden, bey welchen Adalwinus zgegm ware.

266 1659 1320 87 ) In noſtran ( Leonir II) ſcceſſerungue innunitaten recepinur.....

303 1704 381 63 Tenor Bullz Lconis III.

259 1787 51 46 ce

344 1765 1249 63 u hrrnach die Dellam Leonis, und Diploma Cœoll Magni, welche aus dem alten Coa.

362 1811 1234 52 alcripto, ſo m eylfften Sœculo geſchrieben worden, heraus genommen worden, und an

265 1839 1325 64 ende Neſes Theuts in leſen ſeynd. Dte Originalia ſeond nichr mehr zu anden, Henrieus Biſcher

258 1857 63 54 m 9.

337 1879 1255 59 enſturg, ſo um das Jahr 1150. gelebt, hat am ſtmnrn Tod-Dech renmuͤrhig dekennet, das

258 1906 1334 72 r die Lirterar, Lurtag. Diplomata, ſo die EXemprion unſeres Cloſters detraͤfftiget, dem Eloc⸗

256 1943 1337 73 ſer adgenommen, und ſelde rumtrer hade. Wue deſſen Socceilor, Harrricus Bilchos, met dem

262 1968 27 47 a

354 1985 1236 67 gen Cꝛpirulo, n rteis enes andenriſchen, und noch m Originali mur zweo Sigiltis, ꝛ.s

262 2019 1327 79 oucoſens und Layuead, grſertigten Zeugnuß bekennet, lo an ſemrn Onh hmnnach nnrer ꝛnnn

258 2039 253 78 covien zn leſen iſt.

228 2096 774 90 E Entr Ercord. ꝛon. L. Franc. Orien. vag. 118.

839 1220 139 96 8 2

1393 1230 202 95 Zuſatz.
