1959 2500
722 233 36 62 a-

786 233 293 69 3 (0) Et

1532 238 90 57 291

220 284 1409 78 Stton entzohen. Damahls auch die Bayriſche Biſtlimer, ſamt ande⸗

222 343 1406 69 ten mehr Herꝛſchafften von der Hertzogen lurisdidtion ausgeriſſen und

225 393 1401 70 erimiret, und dem Heil. Roͤm. Reich ohne Mittel zugethan worden,

225 441 1400 75 naſſen vorhero die Ertz⸗ und Biſchoͤff Galtzburg, Frenſing, Regen⸗

222 495 1407 71 purg, Paſſau, Item Aichſtaͤrt und Augſpurg ad placita, und denen

225 545 1403 67 tand⸗Taͤgen nacher erſagten Regenſpurg, als deren alten Koͤnigen

223 581 54 69 ant

305 597 1317 66 Fuͤrſten in Bayrn HHaupt⸗ und Reſidentz⸗ Stadt beſchrieben wor⸗

227 647 1401 69 en, und noch auf heuntigen Tag, theils Hoch⸗gedachter Hochfuͤrſt⸗

226 697 1402 72 ſcher Hoch⸗ Sriffter ihre beſondere Hoͤf und Behauſung allhie in Re⸗

227 750 1402 68 ſenſpurg haben, oder doch nicht unlaͤngſten daſelbſten gehabt haben.

229 798 1396 72 Die dann SGaltzburgeriſch⸗ Augſpurgeriſch⸗ Frerſingiſch⸗ und

248 852 1373 68 rirniſche Hoͤf allhie noch vorhanden, und derjenige, dermahlen gantz

234 901 1392 69 Ruin am Eck der Schaͤffner⸗Straß, naͤchſt der Probſtey und De⸗

230 954 1391 66 aney zur alten Capellen aberligend, mittels eines Gaͤſſels von der,

226 987 75 74 uch

318 1004 1308 68 dem Cloſter Reichenbach gehoͤrig geweſt, und dermahlen von

232 1054 1393 66 enen Vemmingeriſchen innhabender Behauſung abgeſoͤnderter HHof

236 1093 52 59 ene

302 1102 1323 67 Fuͤrſtlichen Hoch⸗Stifft Aichſtaͤtt, zuſtaͤndig geweſen (von den⸗

230 1152 1396 71 den ſolcher an das allhieſig Fuͤrſtliche Hoch⸗Stifft kommen) und

237 1204 1388 75 o wvenig Jahren ein Biſchoͤfl. Aichſtaͤrtiſch Wappen daran zu ſehen

229 1238 82 74 dar.

336 1305 1289 72 Das Hoch⸗Stifft Paſſau hat ſeinen HHof in der Oſten⸗Gaſſen,

290 1363 1338 66 E Febaldi-Capellen, wo nun das Catholiſch Krancken⸗ Haus ſte⸗

229 1386 68 77 rt.

308 1409 171 72 gehabt.

334 1458 1290 83 Nicht weniger haben auch die Biſchoͤff zu Bamberg einen Hof

233 1488 87 89 Aie

326 1522 1295 69 gehabt, nemlich den letzten, alſo genannten Gurtenſteiner⸗Hof,

227 1551 84 71 ubgt

326 1572 1299 69 den Kornmarckt, welchen auch das allhieſige Hoch⸗ Stifft be⸗

238 1622 1386 72 ommen, und von Weyland Biſchoff Alberto von Coͤrring Lobewuͤr⸗

251 1663 64 59 gen

333 1679 1293 62 Angedenckens ad magnam inſtantiam Perdinandi HI. & ejusdem

241 1722 1384 71 snͤngis Marie, denen Patribus Carmenris Dilcalcearis zu Erdauung

232 1750 51 76 es

297 1775 882 73 Ahie habenden Cloſters uberlaſſen worden.

337 1838 1289 73 Obgedachter Hertzog Otto muͤßte dieſe Befreyung der Stadt

244 1859 47 70 &

290 1891 1331 70 enſpurg, und anderes, wegen neu⸗empfangener Gnad von dem

240 1912 57 69 tar

366 1943 1259 76 geſchehen laſſen, hierauf bauete er Hertzog Otto ein ſchoͤnes

245 1983 733 83 ſhiob zu Landshut. EX MS. Ratisd.

347 2048 1275 74 Anno 1127. hielte der Kayſer allhie einen Reichs⸗Fag, dar⸗

248 2081 45 70 9

293 2101 1332 103 E wonſundod de Bwolcde Baͤn, nnd vnnde tez de

843 2162 144 76 Do 2

1457 2148 167 83 Oeſter⸗

29 505 98 63 tten⸗

72 544 53 62 ein

25 597 101 73 Hen⸗

26 647 92 66 n 18

70 693 50 63 as

72 1061 41 51 re.

50 1248 68 68 gdes

83 1368 15 38 ,

45 1502 57 66 rer

23 1604 57 65 lc
