1566 2270
85 126 94 55 618

575 121 144 69 lts

730 123 239 66 O) Lhz..

84 168 1373 76 Prient wieder nach dero Biſtum angetretten, allwo ſie den 2. No

87 227 1283 63 wembris zu Breſcia gluͤcklich angekommen ſeynd. DDieſes

1383 218 80 65 fuͤr⸗

85 272 1381 68 nehmen und gelehrtiſten Cardinals Namen, Seine Gelehrtheit, und

84 322 1381 67 Eiffer vor die Kirchen⸗Diſciplin iſt theils durch deſſen vielfaͤltige her⸗

84 370 1381 68 ausgegebene gelehrtiſte Schrifften, als andere fuͤrtrrefftiche Beyſpie.

85 422 1381 64 eines eifrigen Geelen⸗ Hirtens ſowohl bey denen Catholiſchen als bei

87 472 1380 62 denen Herren Glaubens⸗ Gegnern allbekannt. Er ware in dem 69.

87 518 1380 68 Jahr ſeines Alters, da er dieſe Reiß, meiſtentheils zu Pferd, verrichtete.

217 567 1245 71 Anno 1729. Flogen gantze Schwarm groſſer HHeuſchreckel

87 615 1378 68 durch Bayern, welche in vorgehenden Jahr, von Oriente her,

87 667 1375 64 an verſchiedenen Orthen groſſen Schaden an denen Wißmatheri

94 717 1355 62 (wie dte Zeitungen gaben) verurſacht ſollen haben. Die Menge de

94 762 1366 65 rerſelben, (maſſen ſie in ihren Flug, wegen der Viele, einer dunckler

93 812 1330 64 Wolck gleichten) ware erſtaunlich. Man brauchte verſchiedene M

88 865 1374 63 tel dieſelbe (dann ſie bey ihren Lager einen groſſen Platz einnahmen⸗

90 909 1366 65 und dick auf einander lagen) zu toͤdten, und allen Schaden vorzubie

92 957 1371 67 gen. GOtt ſeye unendlicher Danck. Es iſt noch nicht bekannt, dat

93 1007 1099 64 ſelbe einen groſſen Schaden in Bayern gemacht haͤtten.

227 1054 1226 67 In dem 1750ſtem Jahr wurde von Benedicto XIV. das al-

93 1104 1360 66 gemeine Heil. Jubel⸗ Jahr zu Rom begangen, allwo ein ungemein

89 1153 1365 65 Anzahl deren Wallfahrtern erſchienen iſt, aiſo, daß die Menge dere⸗

90 1203 1334 59 buͤſſenden und wallfahrtenden Pilgrimmen, oder Fremdlingen, die Z

93 1252 1356 64 deren, bey andern allgemeinen Fubel⸗ Jahren, zu Rom angekomme

92 1298 1335 65 nen Fremden, ungemein uͤbertroffen hat. Benedickus XTV. hat(

94 1348 1364 64 ches allgemeines Fubel⸗ Jahr und Gewinnung deren Indulgenzien

94 1398 1360 63 der geſammten Chriſtenheit (ohne daß es noͤthig nach Rom zu verrel

98 1443 1359 69 ſen,) promulgiret, und verwilliget, dahero ſolches auch in dieſem Re

98 1493 1356 68 genſpurgeriſchen Biſtum den 7. May 1757. ſeinen Anfang genommet

228 1541 1229 66 Den 20. Jenner 1750. verſchiede Firl. Titl. Frau Frau Lud⸗

100 1590 1358 64 vica Antonia verwittibte Furſtin von Thurn und Taris, gebogrn

103 1638 1355 67 Fuͤrſtin von Lobkowiz &c. welche den 22. JFenner Abends nach 7. Ub

97 1686 1360 68 in der Grufft S. Wolfkgangi, bey S. Emmeram zur Erden beſtartet wot

100 1736 1363 64 den. Die Gottesdienſt vor die Verſtorbene wurden den 1. 6. und7

104 1784 1363 67 Februaril in unſerer Stiffts⸗Kirchen bey S. Emmeram, in Gegenwar

103 1832 1359 65 Titl. Titl, Fuͤrſtens von Thurn und Taris ꝛc. Kayſerlichen Principal

103 1881 1353 69 Commiſlariͤ adihier, (der Verſtorbenen, Herrn Sohns) mit mogl-

104 1928 492 99 pper dolennit⸗t pehalzey

1391 1977 82 69 Der
