1978 2545
382 226 70 49 62

892 220 396 68 .tàs (0)E9ß-

374 274 1422 73 gieng, wuchſe mit dem Glauben und Andacht der taͤglich zunehmenden

374 330 1420 67 wahren Kirchen auch ſein Eyffer, daß er mit Zuverſicht umgurtet,

372 380 1420 69 nicht nachließ, den wahren GOtt, und unſern HHErꝛn ZEſum Chriſt⸗

374 429 1420 71 den er gantz innbruͤnſtig liebte, den HHayden mit je groͤfſerer Innbrunſt

376 484 1418 67 zu verkundigen; ſetzet ihnen allen deſſelben Barmhertzigkeit, und das

377 535 1417 67 kuͤnfftige Gericht vor Augen. Arbeitete haͤftig mit allen Ermahnun⸗

376 589 1418 58 gen und Wunder⸗ Zeichen dahin, daß er alle, die er den haydniſchen

377 636 1419 63 Irꝛthum entzohen, des Himmels wuͤrdig machen moͤchte; dann der

373 685 1421 70 Allerhoͤchſte hat ſo groſſe Wunder⸗Werck und Zeichen durch ihn ge⸗

370 738 1424 69 wuͤrcket, daß er die harte Hertzen der Widerſpennigen nicht weniger

370 790 1421 66 mit Wunderthaten als mit Predigen gewonnen. Alſo, daß ofter⸗

370 846 1422 61 mahls groſſe Unruhe und Unwillen unter den Goͤtzen⸗Pfaffen und Un⸗

373 890 1418 70 glaubigen entſtanden, die ſich zuſammen gerothet, und den heiligen

373 943 1415 67 Mann das Leden nehmen wollen, ſobald ſie ader ſeiner anſichtig wor⸗

372 991 1417 62 den, iſt ihr Zorn und Wuͤtterey gefallen: und ſennd durch die ſonder⸗

370 1046 1421 59 bare Gnad GOttes auch zum Glauben bewegt, und wunderlich be⸗

373 1098 287 68 kehrt worden.

502 1141 1284 67 Gleichwie nun diſer Seelen⸗Fang dem Feuffel mißſiele, alſo

367 1197 1418 68 iſt er auch ſeinem Knecht Hadriano dem Roͤmiſchen Kayſer zuwider

372 1249 1414 63 geweſt, welcher, als er von ſo ſtarcker Veraͤnderung des Glandens in

372 1295 1414 70 Franckreich Bericht erlanget, iſt ſein HHertz gantz ergrimmet, und hat

369 1350 1416 66 nichts anders gedacht, als durch ſchwaͤre und ernſtliche Verfolgung

367 1399 1414 72 das Chriſtliche Glaubens⸗Gebaͤu wieder zu grund zu werffen, dit

366 1452 1415 69 Chriſten alle wieder zum Goͤtzen⸗Dienſt zu bringen, oder aller Or⸗

370 1504 1408 62 then niedermachen zu laſſen. Beſonder aber verordnete er dem Pfie⸗

369 1552 1412 62 ger Feſcennium Siſinnium mit etlich auserwaͤhlten Gerichts⸗ Knechtell

365 1599 1413 70 in die Occidentaliſche Land, mit abſonderlichen gemeſſenem Befelch,

365 1654 1407 66 vor allen anderen Macarium Diony hium zu ergreiffen, und wofere.

363 1705 1408 69 nicht von ſeiner Religion abſtehen wollte, aufs grauſamiſt zu peynigen

365 1756 1397 69 und hinzurichten. Felcennius Siſinnius kommt mit ſeiner Moͤrderiſche.

365 1805 1402 69 Rott in Franckreich, erreicht Paris, und nihmt alſobald den altei

369 1857 1393 72 Vatter Dionykium ( der ſich ſchon zum Kampf gericht hatte, und ſerl

365 1907 1402 75 End wuͤnſchete, camit er von der Buͤrd des Fleiſches aufgeloͤſt, dal

366 1959 1389 71 Angeſicht GOttes ſehen, und ewig genieſſen kunte) ſamt dem Er,

367 2011 1350 66 Prieſter Ruſtico, und Ertz⸗ Diacon Eleurherio gefangen, fuͤhrt

363 2054 1407 82 fuͤr Gericht, ſetzet ihnen mit ſcharffen Fragen zu, ſoricht ſte ſchuldi

350 2112 1412 106 on verlezier gbnincher nnd Radſeriicden Mnteſtaͤ, ertidrer ſe ſuͤr E

1658 2163 52 66 ruͤͤ

1917 270 55 59 ru.

1921 366 51 65 vo

1918 479 26 44 lo

1922 547 16 28 .

1918 574 41 52 m

1918 637 30 38 ſt

1918 821 26 57 n

1917 878 46 55 eit

1917 927 52 61 ar

1917 974 51 63 nic

1905 1674 43 67 in

1903 1828 56 66 ſa

1905 1881 51 65 nl

1905 1938 39 54 b

1907 1999 46 46 .2.

1903 2088 60 62 ſelr

1922 311 22 55 n

1922 411 36 62 de

1921 773 23 55 r

1922 1025 31 59 e

1914 1070 47 62 ſer

1908 1379 33 63 al

1905 1432 37 58 u

1911 1525 35 68 aͤ

1908 1625 41 60 da

1908 1729 50 62 un

1912 2028 37 63 e
