1935 2499
377 233 93 54 200.

880 238 393 64 -22S (0) Ees-

370 273 1395 94 Mordehat ſedermann inißfiele, aiſo war auch die gemeine Gag, Far⸗

368 337 1397 80 ſer Friorich oder ſein Sohn, Koͤnig Heinrich, habs angeſtedlet. Et

369 388 1396 85 regierte 18. Jahr, 2. Monath, 6. Tag, verlieſſe einen eintzigen

372 437 1389 85 Sohn Ottonem, herrſchete Bayrn gar wohl, vermehrte das Fuͤrſtuche

370 490 1389 77 Einkommen mit viel Gutern, bauete etliche Staͤdt, wie nit wenige.

370 538 1384 95 das Spital zu Munchen; gab dem Cloſter Prunfening den Hoff Ao

368 585 930 86 nigswiſen, fuͤr den Schloß⸗Berg zu Abbach.

500 638 1251 86 Otto Lndovici Sohn trart nach ſeinem Batter in das Reg⸗

365 691 1393 85 ment, fiengs mit guter Vernunfft und Beſcheidenheit an; eroͤffnel,

361 741 1393 85 weils ein theure Zeit war, alle Traid⸗Kaͤſten, und halff denen armel

362 791 1389 82 Unterthanen. Den Land⸗Frieden zu befoͤrderen, ſetzt er Anno 1225

361 844 1380 80 auf das Feſt der heiligen drey Koͤnigen ein Land⸗Tag an, und berufft

361 891 1385 87 die im Land, und benachbarte Biſchoͤff allhero gen Regenſpurg. Koͤ

358 944 1388 84 nig Heinrich aber verdotte denen Burgern dieſe Gaͤſt einzulaffei

359 994 1384 83 Kamen deßwegen zu Landshur zuſammen, und ſchwuren zu einemge

356 1046 1372 85 meinen Land⸗Frieden. Kayſer Fridrich den Argwohn von ſich

355 1098 1389 83 ſchieben, als haͤtte er Hertzog Ludwigen umbringen laſſen, condolit

352 1145 1384 105 te Otton, priſe ſeinen Herrn Vatter, ihme ader ſagte er alen a,

352 1192 161 65 fed zu.

487 1239 1254 91 Anno 1251. Koͤnig Zeinrich war nit allein Hertzog Deren al

352 1298 1378 82 hold, ſondern ſeinem eigenem Vatter dem Kayſer Er macher heiut

350 1350 1390 81 lich ein Bund mit den Longobarden, und anderen teutſchen Faͤrſten

348 1399 1381 82 bekame deren etliche mit Bitten, Verſprechen, und Trohen wior

350 1452 1382 83 denſelden. Beſorate, der Hertzog Orro wiſſe um ſeme Vorſchlas

348 1503 1373 83 und werde ſie ſeinem Herrn Vattern entdecken; dahero er im gedach

352 1554 1316 78 ten Jahr mit S000. Mann in Bayrn gefallen, und groſſen &

351 1599 1377 87 den gethan. Diele Unbefugnuß zu beſchoͤnigen, hat er vorgewandt

345 1652 1355 80 Otto haͤtte ſich unterfangen wollen zu Regenſpurg als in einer Reick

347 1703 1379 81 Stadt ein Landtag zu halten. Eberhard Ertz⸗Biſchoff zu Gallt

350 1753 1380 85 burg ſtellt den Lauff der feindlichen Waffen, vergleicht den Handel

351 1807 1379 82 und nachdeme Otto, ſein 2. jaͤhriges Soͤhnlein zur Gaißl gegeben

345 1857 1366 83 wurde Ottoni erlaubt den zu Landshur angefangenen Landtag allhie

344 1906 1249 84 continniren, wie dann derſelb auch zu guten Schluß kommen-

484 1956 1210 84 Kayſer Fridrich, als er alles in Ftalien erfahren, hat ers

341 2007 1310 81 nig Geinrichen gebotten, Bayrn zu quitiren, und dem Hertot

1671 1990 61 74 ein

344 2057 1309 81 Soͤhnlein wider zu geben. Eylete wider in das Feutſchland, mi

1679 2043 49 65 ich

340 2108 1272 88 dringend ſein Sohn Cnradum Koͤnig in Syrien und Zeruſalem.

1696 2142 36 79 6

1850 288 57 63 ſie

1854 340 62 61 Koͤt

1851 394 64 75 uns

1853 478 61 69 len

1866 541 43 71 ig

1857 592 62 71 den

1859 644 57 64 allr

1859 690 60 99 2

1862 776 50 113 2

1868 1291 43 94 d
