1554 2270
645 85 398 72 u1z (0) Ehza

1440 90 78 46 512

146 187 1373 75 Mittel den Arieg zu enden, und ſich mit dem Kayſer zu vergleichen.

287 128 1234 88 Her Fricͤ ⸗ſtebende Churrguͤrſt von Gaͤchfen ſͤͤchre abermahl

143 227 94 71 Beri

147 288 1366 68 denenſelben deßwegen zu conkeriren. Folgende Fuͤrſten Weinmar,

269 242 1249 69 t gleich zu Anfang dis Fahrs nach Dresden ſeine Staͤnd, mit

143 335 1374 69 Altenburg, Zeſſen, Anhalr, Luͤneburg, ſchickten dahin ihre Ge⸗

140 383 1377 65 ſandte, des Char⸗Fuͤrſten lntention zu verneinien. Nach des Chur⸗

140 430 1378 71 Fuͤrſten Erempel hielte der Chur⸗Fuͤrſt von Brandenburg auch einen

138 483 1376 63 Land⸗Faor'Andere Proteſttrende Staͤnd ein Convent zu Worms.

137 527 1379 69 Den ro. Mertzen iſt zwiſchen dem Kayſer, und Chur⸗Fuͤrſten von

138 580 1378 61 Sachſen ein Armiltitium auf 20. Fag beliebet worden, immittelſt

134 625 1380 68 wolle man von Frieden handlen, darzu abes nicht admittiren die im

133 675 1378 67 Schwediſchen und Frantzoͤſiſchen Bund verlirten, ausgenommen Chur⸗

133 727 1381 64 Brandenburg, und Hertzog Withelmen von Weinmar.Den 28.

132 774 1380 65 Jaͤnti iſt folcher Fried zu Draͤt geſchloſſen, unterſchrieben, und her⸗

131 822 1381 64 nach promnulgirer worden. Die Staot FTuͤrnberg foͤrchtete Ferdi-

131 872 1381 61 nandum Ut⸗ aeigte ſich auch zum FFrieden, und ſchaffte die Schwedi⸗

132 916 1380 71 ſche Beſatzung ab. Erfurth, Franckfurth am Mahn, neben anderen

131 966 1380 69 Fuͤrſten, und Staͤdt ingleichen.. Der Kayſer erfucht ſogar den Pabſt

136 1016 1375 64 Crbanuin VIII. daß er Franckreich von Schweden leparire. DDie

138 1064 1370 68 Verbundnuß war aber unter ihnen zu groß; dahero es dis Jahr noch

134 1113 1372 69 otel Fechtens gegeben, und haben bald die Catholiſche, bald der Ge⸗

129 1160 1375 69 gentheil victoriliret. Dhilipsburg hat der Kayſerliche Obriſte, Ca⸗

127 1206 1381 74 hpar Bamberger, mit Liſt eingenommen, darinn ein unglaublichen

132 1254 1369 68 Schatz erobert. Des Catholiſchen Koͤnigs Gubernaror zu Lurenburg,

131 1302 1375 71 Graͤf von Embden, per Stratagema die Stadt Frier, da auch der

132 1355 1374 85 Chur⸗Fuͤrſt gefangen, und nacher Wienn endlich gefuͤpret worden⸗

132 1406 638 65 Allwo er 10. Fahr ſitzen muͤſſen.

253 1441 1249 82 Die Stadt Augſpurg wurde ſchon in die 2. Jahr bloquiet,

134 1494 1367 79 und hielte ſich ſo lang bey der Cron Schweden wider ihr rechtmaͤßige

131 1546 1372 78 Obrigkeit, den Roͤmiſchen Kayſer, bis der bitreriſte Hunger ( der

134 1594 1370 78 ncht wohl groͤſſer und erbaͤrmlicher haͤrre ſeyn koͤnnen) ſie zur Uber⸗

128 1640 1374 78 gab bezwingte haben alſo den 17. Februarii ihr Reſolution dem Ge⸗

133 1692 1369 74 Heral Gallas uͤberſchrieben, und noch ein beſſern Accord, als ſie ver⸗

133 1740 1365 78 ſtenet, und vorhero denen Catholiſchen concediret, erhalten. In

133 1789 1362 81 Majo ſeynd uͤber 5o0. groſſe Schiff aus Oeſterreich mit allerhand Pro⸗

136 1841 1358 130 EReAEAAinsnn ne922

133 1885 184 117 E.

1397 1926 101 81 Der
