1991 2551
680 255 46 61 an

743 255 351 78 1s (0) c2s-

180 297 1418 106 roli Principis, qui hanc reſtituit in civitatem, ubi prins erat.) Der

180 352 1415 101 Biſchoͤfliche Sitz aber ware bey Sr. Emmeram biß auſ die Seiten

180 399 1411 108 Chroli (Magni) welcher ſelben widerum in die Sradr, wo er zu⸗

180 452 1408 109 vor geweſen, uͤberſetzer har. Aus dieſen und vorhergehenden Worten fol⸗

180 503 1406 95 get gantz klar, daß ſchon vor der Ankunffſt S. Bonitacii, welcher Ganbaldum,

178 549 1410 97 als ordentiichen Biſchoffen zu Regenſpurg (739. oder 710.) (1) eingeſetzet hat,

178 590 1411 103 Moͤnch bey St. Emmeram geweſen ſeven; dann von dieſer Zeit an NB. Er eo

177 644 1412 90 guippe tempore, guo PRLAUI2 à Beato Boniſacio &c. Die Biſchoͤff zugleich

178 680 1408 95 Aebbte deren Moͤnchen waren Aber weder der heilige Boniſaciu., noch R. Gan-

177 718 1409 105 Baldas, haben diſe Moͤnch in dieſes Orth eingefuͤhret, ſondern der Biſchoͤſliche

177 763 1408 108 Sitz wurde in dem Cioſter zu Ct. Emmeram alſobald genommen, mit Vorwiſen

175 812 1407 96 des Bayriſchen Hertzogens; weilen ein Biſchoff allda leichter koͤnte unterhalten wer⸗

177 854 1405 96 den; Wie dann auch die Biſtumer in diſer Zeiten meiſtens ihren Anfang in denen

177 897 1411 99 Cloͤſtern genommen haben. Nachdeme aber CAROLUS (Magnus) Tbaſfilonem

175 942 1411 105 den Bayriſchen Hertzogen abgeſetzt, und die Regierung in Baurn angetretten, hat

175 983 1409 102 er dirſes von denen Bayriſchen Hertzogen lang zuvor, ſchon angefangene, und von

175 1026 1409 104 ſeinem Vatter Pipino beguͤterte Cloſter S. Emmerami, wegen Heiligkeit des Orts,

177 1067 1405 103 und vielen Wunderwercken des groſſen heiligen Emmerami, in ſeinen Koͤniglichen

180 1112 1399 103 Echus genommen, denen Moͤnchen das Fhrige deſtaͤttiget, und Adalorinon, wel⸗

175 1157 1404 108 cher der dritte (oder vierte) ordentliche Biſchoff allhier wareggemaͤß denen geiſtlichen

177 1204 1401 104 Geſaͤtzen, und Con cilii, ſo zu Regenſpurg Anno 799. gehalten worden, (m) an die Bi⸗

173 1248 1403 104 ſchoͤfliche Kirchen, (ubi priur erat,) allno die Epilcopi Adventitii, oder Frembd⸗

174 1293 1405 104 uingen zuvor, das Biſchoffs⸗Ambt verrichtet,) mit Gutheiſſen und Auctoritet

170 1332 1408 107 Lconis III. auch mit Conſens Adalwini, angewieſen, (n) und dem Biſtumd

167 1384 1408 94 iu Regenſpurg nene Schanckungen, und Stiffeungen (o) gemacht. Wo aber der

170 1420 1402 104 Biſchoͤfliche Sitz deren fremdden Biſchoͤffen m der Stadt Regenſpurg vorhero ge⸗

821 1489 66 65 22

1471 1515 110 63 weſen

194 1615 747 78 C) Hundius in Metrop. Salisb. tom. L. pag. 187.

198 1652 1377 101 (m) Tom. IX. Concil. Nicolai Coleri. pag. 22. R. P. Marcus Hanſirius Soc. Fer tom. 11.

235 1699 1337 99 Germanie Sacra. vag. 110. melder nach Zeugnus, altrrer Seribenten, das z Ende r21.

238 1743 1327 96 oder Anfangs des r27. Jahrs ein Synodus zn Kuspach, (Regenſpurger Biſtumds)

233 1788 1333 89 gehalten ſeye worden, vileicht wird derſelbe darumen von anderen Syrodur Ratisbonenſis,

231 1823 1340 88 denahmſet. In dem Codie. TTraditionum Frilingenlium geſchteher von duſem Synodo one⸗

231 1863 1337 89 dung, ader ohne Denahmſung der Zeit. Auda wird geleſen der Nahmen. ADALVINUS

228 1896 1347 96 Epilcopus ( Rarigbonentis.) R. P. Hanſizius beſchreidet auch, cit. loco, die Sraruta, welche

226 1934 1345 92 in dieſem Synodo ſollen andetohlen ſern worden. Unter andern, lantet das Starurum XTL. alſo-

222 1969 1344 95 UEPISCOPT NE STBI ARROGENT ABRATIAS &c.) Chriſtorhorus ſordanur-

228 2006 1340 92 Caltzburgiſcher Cantter, handlet m ſemnem Chronico, ſo diß auf das 1520. ſe Jaͤhr reicher,

224 2045 1342 106 von duſem Smnodo. Lten D. Le Dctor m Eemer Hiſttrrie. Deſahr Arenrinum. vꝛc. n,

221 2073 76 51 251.

199 2108 42 64 2

253 2120 485 88 Fids Dollen Larnis HL. indn-

192 2154 226 78 9) Sis borna.
