1959 2500
54 295 75 60 obet

80 340 42 65 t

55 394 68 54 und

65 443 54 61 en

90 490 29 60 t

90 548 25 56 n

41 593 82 69 deine

41 643 68 69 ani

66 690 45 72 u

787 227 39 71 3

1021 227 91 77 &-

1528 236 83 69 287

211 331 1403 84 Cderhardus Canonicus zu Augſpurg, regierte nur 2. Jahr, ſtarb mit

330 280 1278 85 Nuch Ableiben Biſchoffs Hartrvici wurde erwaͤhlt Anno 1165-

213 381 1397 87 plel andern Biſchoͤffen zu Rom an der Peſt, die ſich in den unrecht⸗

213 433 1179 86 daͤßigen Krieg wider den Pabſt Alerandrum eingetunden.

333 536 1280 77 Cbuno H. Thumb⸗Herr allhie, Sigbotri Graffens von Falcken⸗

212 584 1399 84 ſtein und Luitgarde Sohn, wird nach Eberharden, Biſchoff allhier

215 640 1399 76 Anno 1167. den 10. Oetobr. Er ſtunde mit ſeiner groſſen Gefahr

213 676 63 69 auf

284 694 1324 72 der Seiten Alerandri des Papſten wider den Kayſer Friedrich,

227 744 1387 76 chert 18. Jahr. Unter dieſem Biſchoff verglichen ſich beede Cloͤſter

236 775 43 65 r

300 794 1308 78 Emmeram und Prunfening wegen des Wein⸗ Zehends zu

225 844 1386 83 ?derndorft, Zehends zu Bruckdorſt, Widenhoffs zu Abach, und

222 886 497 90 Moid zu Graſolfing. (0)

319 1001 1291 69 Heinricus Leo iſt wegen ſeiner ritterlichen Thaten, Kriegs⸗Er⸗

220 1047 1393 79 Krenheit und Dienſt, die er dem Kayſer Friderich in Welſchland⸗

225 1100 1386 73 crar onien, und endlich Anno 1172. in Palaltina (allwo er mit we⸗

222 1148 1391 82 drn, viel der Feind erlegt, verjagt, und von der Mutter GOttes

223 1198 1391 85 chtdarlichen Beyſtand in einem ſchwaͤren Schiffbruch dey dem Leben

247 1255 1363 76 zaͤlten worden) gethan, nicht genug zu loben, der ſogar von dem

255 1304 1358 76 lrckiſchen Sultan nicht allein groſſen Ruhm, ſonder auch anſehnliche

269 1358 1337 71 lenr bekommen. Aber die Tugend begleitet der Haß. Es wur⸗

230 1381 47 60 en

298 1408 1312 69 ome die Reichs⸗ Fuͤrſten abhold, und vermehrten nach Vermoͤ⸗

220 1420 56 70 zen

290 1455 1316 72 ſte vorhero bey dem Kayſer concipirte Ungnad, die daher kam,

232 1500 1381 81 Nen er dem nothleydenden, und lapplicirenden Friderico in ſeinem

230 1554 1374 80 aurrantwortlichen Krieg wider dem Paͤpſtlichen Stuhl Anno 1157.

219 1576 74 69 uch

315 1606 1296 81 elffen wollte. Leo betrachtete die Viele ſeiner Feind, und des

232 1623 41 70 a

308 1662 1299 72 es offenbahre Ungnad, wollte deßwegen auf verſchiedenen ange⸗

333 1712 1274 75 Reichs⸗Taͤgen ſpecialiter citiret, niemahl erſcheinen; wurde

252 1730 59 68 n

312 1768 1292 68 gen Anno 1180. allhier nicht allein in die Aacht erkiaͤret, und

225 1781 82 67 eme.

333 1816 1275 72 kands entſetzt, ſondern von Udalrico, Biſchoffen zu Halber⸗

216 1822 77 72 ſtar.

326 1868 1281 68 gar eꝛcommuniciret. Er hat aber die Eꝛcommunication bald

257 1911 1351 82 zedetten; bemuhete ſich auch durch Fuß⸗Faͤll, und ſolch Hert⸗

255 1961 1352 93 venden Worten, die dem Kayſer ſelbſt die Zaͤher aus denen Au⸗

1521 2029 85 76 gen

33 897 78 66 Fride

65 1043 51 70 g

70 1087 13 31 .

73 1143 42 68 ne

38 1198 31 75 ⸗

65 1900 36 59 la

241 2130 124 79 H) Pon

425 2173 347 75 um PruͤRnine Pꝛt. 98.
