1935 2499
380 226 89 64 214

945 227 316 71 15 (0) 22

502 280 1271 82 Anno 1276. kam allhero Kayſer Rudolphus L. ſchlug ſein Lages

368 329 1400 79 vor der Stadt, wurd vom Biſchoff Leo empfangen, und mit herili⸗

361 380 1403 82 cher Proceſlion ſowohl von der Cleriſey, als Magiſtrat und Burger⸗

362 433 1404 79 ſchafft herein begleitet. Nach empfangenem Geſchaͤnck begab er ſuaͤ

366 485 1392 70 auf das Waſſer, und zohe in Oeſterreich, wider Ottocarum, der Foͤh

358 533 1400 84 men Koͤnig zu kriegen; dann dieſer Koͤnig wollte in ſein Wahl ga

355 583 1398 86 nicht conlentiren, und dunckt ſich zu gut, jenem nachzugeben, u

359 635 1205 75 fuͤr einen HHern zu halten, der vorhero ihme gedienet haͤrte.

494 687 1257 80 Diß Jahr geſchah von dem Biſchoff unſerm Cloſter ſo ungbt

354 735 1399 81 lich, daß man an hochen Orthen hat klagen muͤſſen. (g) Ancheru

354 787 1394 80 ein Cardinal, weil weder admonitiones, interdickum, und luſpenli

350 841 1376 76 haben helffen wollen, brauchte er gar Fulmen Excommunicationis.

491 889 1255 81 Anno 1277. hat Biſchoff Leo allhie die Schuld der Narur b

347 934 1394 87 zahlt, an St. Margarethen⸗ Tag. Dieſer Biſchoff hat in Lebt

350 989 1391 81 Zeiten das gegenwaͤrtig anſehlig und koſtbahre, Structurs Gorhica. ol

352 1039 1385 84 fuͤhrte Domb⸗Gebaͤu ſo weit gebracht, daß er die Domb⸗Kirche

350 1091 1394 82 ſelbſten noch geweyhet. In ſein Grab iſt Anno 1619. Albertur 1l.

347 1139 1353 85 Biſchoff von Coͤring gelegt, und des Leonis Grab⸗ Siein auf dieC

345 1196 1399 77 then gethan, welcher hinnach von Herm Cardinal von TDartenbers

344 1239 1352 85 denen PP. Carthuſianis in dero Capitel⸗HHaus zu einen Altar⸗G

345 1288 1384 87 geſchencket, dahin auch reponiret worden. Worauf gleich Heine

344 1341 1357 86 cus II. ein Graf von RAorrenegg erwaͤhlet worden; der war Are

338 1386 1342 95 Diacon. und Canonicus allhie. Dieſer Biſchoff hat alſobald ſein⸗

347 1443 1349 85 terlich Erb⸗Gut, Lndorico Hertzogen in Bayrn verkaufft. Als⸗

343 1492 1322 87 das baare Geld nicht verhanden ware, iſt dem Biſchoff das Bai

341 1543 1353 88 Recht, Frid⸗Gericht, Schultheiß⸗ und Kammer⸗Amt allhie ver

338 1595 1237 86 worden, ſeynd alſo beede Gerechtigkeiten zuſammen kommen.

338 1645 1377 87 mehrte deren Domb⸗ Herren Einkommen, und vollendete Anno 128

343 1697 1339 85 das von ſeinen Vorfahrer Leone angefangene Domb⸗Gebaͤu mitg

338 1747 1326 86 ſer Spela, ſo weit, als noch zu ſehen. In die Kirchen⸗Thuͤrnen

336 1800 1353 83 ordnete er 2. groſſe Glocken; und damit der GOttes⸗Dienſt vos

334 1850 1394 89 reichen Pfriendten gebuͤhrend gehalten werde, hat er 2. Religioſen po

344 1899 1354 90 Saylobronn beruffen, die im Kirchen⸗Geſang die Unwiſſende inte

338 1949 1262 105 mirten, worzn er auch die gehoͤrige Ducher verordnet. 2

1658 1946 68 64 den

1871 294 52 65 De

1864 349 64 57 ſtut

1869 397 52 65 erh

1872 560 44 43 Ar

1875 655 39 57 de.

1875 698 33 58 ꝛs

1872 930 37 50 er

1876 963 31 62 e

1883 1063 26 64 9

359 2160 580 66 &) Vids lineras Ancheri Cœrdiwlis

1883 745 21 64 h

1879 1124 32 63 ze
