1978 2545
304 254 63 61 68

807 254 131 69 19

1007 254 187 61 0) Lag-

295 306 1418 71 dis ſeye auch der Leib, der ſich bemuͤhet hat das abgeſchlagene Haupt

297 367 1416 61 von der Erden aufzuheben, und zu dem Orth ſeines erſtens Ruhe⸗

295 414 1418 68 Bethleins zu tragen; diſes ſeye nicht weniger der Leib, zu welchem das

298 465 1245 66 Haupt ſich geſellet, ſammentlich die ewige Glory zu erwarten.

434 520 1278 56 Diſes Goͤttliche Werck und groſſe Wunder kunte niemand von

297 562 1416 71 denen Umſtehenden ohne ſonderbare Andacht, und Vergieffung von

299 616 1413 62 Hertzen ſlieſſender Thraͤnen anſehen, maſſen dann als Papft Leo

299 665 1414 68 durch allerhand ihme aufgewiſene alte Bucher, Schrifften, Kayſerli⸗

297 716 1416 61 che Brief, geſchnittene Bildnuſſen, Gemaͤhl, und viel andere Lehr⸗

298 769 1416 65 und Kenn⸗Zeichen die Wahrheit und den Grund diſer Geſchicht er⸗

299 818 1415 68 kennt, hat er ſolche vor denen damahls anweſenden Frantzoͤſiſchen Ab⸗

299 868 1415 70 geſandten beſtaͤttiget, ihnen auch einen Paͤpſtlichen Brief, oder Bul⸗

301 926 1413 60 len an ihren Koͤnig, und geſamte Geiſtlichkeit ſelben Reichs unterm

299 967 1414 70 Dato III. Octob. Nil II. ertheilt, ſie benebens mit dem getroͤſt, daß ib⸗

298 1022 1419 63 nen gleichwohl Ruſticus und Eleutherius als des heiligen Dionvſii Ge⸗

301 1071 1419 72 ſellen neben heylſamer Lehr auch ſeyn Marter⸗Platz geblieben, wie

299 1126 1073 67 mit mehrerem aus hernach folgender Bulla zu erſehen.

425 1176 1292 58 In Salvatoris noſtri (Elu Chriſti Nomine Amen. Teo Eviſco-

299 1223 1417 63 pus Servus ſervorum DEl charidimo Filio inelyto Regi francorum,

301 1273 1419 63 ac venerabilibus ſrarribus Archi- Epiſcopis, Epiſcopis, & dilectis in

301 1324 1418 58 Chriſto Eliis Abbatibus, Prioribus, Prepolitis & Decanis, univer-

302 1375 1417 67 sisque tam ſubditis, quaͤm Prœlatis ejusdem Regni Salutem & Apo-

301 1429 1418 62 ſtolicam Benedictionem. DEus Omnipotens qui non immerito per

299 1480 1421 65 Prophetam in Sanctis ſuis eſle mirabilis predicatur, mira qurdam in-

299 1528 1424 66 ſcrutabilis Conlilii ſui profunditate dilponit; qur dum conſiderare

302 1580 1421 61 non ſufficir mens humana ipla luimet infirmitate deficiens in quen-

302 1624 1419 65 dam lui eꝛceſlum rapi cogitur, & ſtuporem. Quod ipſi nos nuper

304 1674 1415 66 erperti & vobis in Chriſto chariffimis, & univerſitati Aͤdelium pro-

301 1727 1420 65 mulgare compellimur: ut & DEl opera pariter admiremur. Nam

302 1774 1414 69 cuͤm per inſtantiam Serenillimi Imperatoris Henrici ad partes Ger-

302 1830 1418 66 maniæ vilitandas, ac prœcipuè ad urdem, quæ dicirur Rarisbona

309 1879 1407 69 (vel Regenſpurg) evocati ellemus, ad venerabile Corpus B. Woifgan-

307 1931 1405 66 gi ejusdem urbis Epiſcopi transferendum, hoc eà qua decuit reve-

302 1979 1407 65 rentià & derotione peracta. Tui Erancorum Reꝛ in Chriſto Fili cha-

301 2030 1412 58 riſtime, nos legati tua tuoruͤmque omnium vice ſollicire rogzverunt,

302 2081 1402 63 anatenus litem, qur inter vos & urdem vrœdictam ſapra lacrolan-

299 2129 1405 82 Ltis oblidur Beatiltirni Diony lii Arevpagitæ fuerat diuritlime venrila⸗

1655 2181 52 54 ta

1886 303 70 64 ta.

1888 353 81 61 r0s

1886 405 86 61 tibu

1881 452 91 59 cleli

1881 507 92 54 cont

1881 551 91 65 turit

1887 606 85 67 Apo

1888 654 82 62 ice.

1886 712 87 57 Poſt

1883 762 87 55 leu i

1883 804 86 62 dus

1883 851 89 72 ſtani

1883 904 89 68 clin.

1888 965 81 58 cali,

1884 1009 88 64 toru

1895 1061 50 61 zu

1894 1112 55 51 &

1886 1156 59 55 &

1886 1201 86 71 tien

1891 1256 79 64 tine

1888 1309 81 56 teri

1887 1360 82 56 &l

1886 1402 84 65 indr

1883 1459 90 60 rabi

1888 1512 81 67 Spu

1888 1552 78 68 Ere

1891 1600 75 64 Diy

1890 1655 80 61 pen

1895 1703 60 53 vol

1895 1741 57 64 Eo

1894 1795 76 69 ded

1894 1859 78 58 etia

1893 1905 79 63 rani

1898 1948 57 66 dis

1898 2000 48 74 to

1901 2058 28 57 ..

1917 2113 18 55 e
