1935 2499
400 226 94 66 321

989 233 326 76 8 (0) 629.

525 279 1265 101 Balduinus ſich und ſeine Succeſlores zu verſichern, reiſete nas

393 329 1396 105 cher Avinion, allwo ſich Pabſt OANNES XXII. befunden, liefſe ſiaͤ

394 385 1384 98 confirmiren, und ſollicitirte die von dem Gegentheil hefftig und eot

393 431 1391 102 ferig deſtrittene alte, und wohlhergebrachte Enemptions⸗Beſtaͤrrigung.

395 478 1384 110 Er erlebte aber das End nit, ſonder ſtarb nach 5. Fahren, waͤhren

387 531 1392 106 dem agiren zu gedachtem Arinion Anno 1322. und wurde in ſeldiͤ

388 585 1388 103 Thumb⸗Kirchen begraben, nachdem er dem Cloſter ein getreuen Val

386 641 1390 97 ter, und Beſchutzer abgeben 12. Jahr, r. Monath, und 26. Taͤg. e

384 685 1225 104 lieſſe Anno 1213. die ſilberne Bildnuß S. Emmerami machen.

525 784 1251 101 Es kame die traurige Bottſchafft des abgeleibten Herrn Priͤ

379 828 1389 109 latens, kaum allhero, vereinigte ſich das Convent alsbaid, und e.

380 881 1391 107 waͤhlte einhellig Albertum von Schmidmuͤblen, den zsſten an d

381 935 1388 104 Zahl, worbey die Recommendation Vitalis Cardinalis viel gechan,

377 985 1391 106 weil er ſeinem Vorkahren embſig halffe in der Sach zu Arinio⸗

381 1037 1372 104 Der Pabſt ſoannes lieſſe ihm die Wahl gefallen, und conkirmirteA

377 1095 184 48 bertum.

569 1095 1188 97 Dieſer ſetzte die angefangene Action fort, und bringt ſel⸗

377 1138 1371 103 Anno 1226. zu gutem End: daß nemlichen unſer Cloſter dem Paͤdſtt

372 1191 1376 98 chen Stuhl immediate unterworffen, und von Biſchoͤfflicher ſuris⸗

375 1239 1328 102 ction erempt und frey ſeye; doch jaͤhrlich dem Biſchoff z0. libras

372 1291 1372 104 ronenlium Parvorum (ſo unſer Muͤntz nach, trifft 10. Pfund Rege.

369 1339 1377 100 ſpurger Pfenning) reichen. (U Der Biſchoff entgegen die Eꝛpens

373 1389 1357 106 die ſich auf 5o0o. Ducaten beloffen, dem Cloſter bezahlen ſoll, ſo al

365 1443 1346 104 nit geſchehen. Hochwart hat ſich erfreut, das unſer Cloſter ſo viel-

361 1495 1364 104 koſten angewendt, die doch unbezahlt verblieben Er haͤtte aber⸗,

362 1549 1335 96 ein Doctor ſollen wiſſen, was nit dezahlt iſt, muß hie, oder dori

362 1595 1375 104 zahlt werden. Und demnach der Pabſt beſorgte, der Biſchoff wert

361 1646 1321 104 nit acquielciren, oder in ander Weg das Cloſter importuniren,

359 1700 1321 99 er pro Conlervaroribus & udicibus noltris, den Biſchoff von7

1700 1657 53 74 ai

363 1752 1381 97 berg und andere beſtellt Anno 1526. (8) Dieſer Abbt heß ihme aus

1690 1717 46 61 ꝛtt

356 1804 1322 95 Anno 1352. von Carolo Roͤmiſchen und Boͤhmiſchen Koͤnig unterſe

356 1849 1330 105 uche Pririlegia conkirmiren. () Ingleichen gabe ihme jetzt gedar

1639 1920 54 77 c⸗

1886 771 14 43 .

391 2076 541 59 (D Vide Bullam ſohannis XXI.

381 2117 421 73 ſo) Originale in Arenivo.

837 2133 90 56 2

383 2179 515 60 C) Nidle Conairingtionen Coro..
