1959 2500
29 295 91 64 loſter

16 345 103 66 Anno

700 244 46 57 mn.

751 244 346 72 2 (0) Log-

1503 244 91 61 269

197 290 1392 78 lem Kayſer getreue Stadt ware. Der Koͤnig belaͤgerte ſelbe a. Mo⸗

198 348 1390 71 lath, und wurd nit eingelaſſen, bib ſein Herr Vatter der Kayſer ſol⸗

197 395 1389 77 hhes bewiligte. Nach Eroberung, und Ausblunderung der Stadt,

195 450 1393 70 Hleng der Marſch auf Regenſpurg, der Kayſer zoge von WVuͤrnburgz

202 498 1387 72 ſus, dem Sohn auf dem Fubſtapfen nach. Der Koͤnig ſchlagte ſein

202 551 1387 68 Lager, weilen die Burger ihn nit einlaſſen wolten, jenſeits der Tho⸗

198 601 1388 71 zan, ein Meil Weegs von der Stadt, ſo ſeinet halber heutigs Tags

205 651 1387 71 daingzacker (das iſt Hainrichs⸗Acker genannt wird.) Der Kayſer

207 701 1381 71 erdlieb diſſeits der Thonau zwiſchen Regenſpurg und Prifung, und

207 754 1376 68 deracht wegen des Waſſers man zu keinen Treffen kommen kunte,

238 806 1345 60 gab es doch verſchiedene Gcharmuͤtzel, in den einem auch Hartwig,

202 837 57 63 er

263 855 1323 68 alte Burggraff allhie, des obigen Sigehardi Vatter bliebe. Man

211 905 1378 71 ſarigte zwar zu beyden Theilen, und hatte niemand Luſt zu dieſem

209 955 1377 72 ued. Doch weilen der junge Koͤnig vil durch Verſprechen, und

241 1006 1344 67 chanckung von ſeines HHerrn Vattern Volck an ſich braͤchte, abſon⸗

215 1058 1373 68 clich Leopoldum aus Oeſterreich, und ſeinen Schwager Borivojum

202 1080 50 74 ar

273 1106 1313 71 ſeſer die Stadt und Lager heimlich verlaſſen, der Sohn aber Re⸗

262 1156 1324 69 purg eingenommen. Der Kayſer wurd Anno 110c. in den Reichs⸗

295 1212 1291 71 zu Mayntz abgeſetzt und ſtard den 7. Auguſt. Anno 1106. ſeines

209 1247 381 84 Aters im 6. Jahr.

309 1308 1279 69 Er hat Bayrn und dieſe Stadt Regenſpurg allein, in drey ab⸗

211 1359 1374 72 hellten Friſten 22. Jahr geherrſchet: iſt Koͤnig und Kayſer (diß er

205 1388 54 59 ꝛor

283 1415 1303 57 einem Sohn alles Gewalts entſetzt worden,) 51. Jahr geweſen.

207 1434 88 77 Anter

311 1463 1275 66 dieſer Zeit iſt hieſige Stadt, wegen des im Reich allgemeinen

209 1477 34 68 8

273 1509 1310 66 palts und Uneinigkeit halder, im welt⸗ und geiſtlichen Regiment,

208 1537 32 58 e

293 1562 1289 72 ſſer Gefahr und Zerruͤttung geſtanden. Der Kayſer wurde nach

209 1586 54 65 th⸗

294 1616 1209 64 Jahren ſeines Todts, als Anno 1111. zu Speuer begraben.

313 1668 1272 63 Heinricn, V. celebrirt dieſes Jahr die Weyhnacht⸗Ferien allhie-

238 1688 37 64 a

304 1715 1281 69 ſachſte Jahr darauf Anno 1107. belaͤgert, erobert und ſtrafft er

201 1725 47 73 Ne

287 1765 1299 71 rtadt Toͤlln, um willen ſelbe ſich ihme zur Delenſion wider ſeinen

202 1781 55 64 N

291 1812 1292 74 cayſerthum abgeſetzten Vatter widerſetzt. Die Oſtern hielt er zu

207 1830 152 93 Nayntz.

364 1865 1217 64 Begab ſich hernach in die Graͤnitzen gegen Franckreich, zu

247 1913 1332 73 rhren, was zu TTrecis der Pabſt Palchalis mit anderen Geiſtlichen

211 1937 148 82 andlete.

204 1979 43 66 ie

395 1968 1187 69 Welches Concilir m in Alcenſione Domini anfienge. In

255 1994 58 69 m

330 2018 1249 69 Concilio wurden heylſame Geſatz wegen der Geiſtlichen Aemb⸗

209 2037 32 51 1

255 2063 1324 77 ſmacht. Dieweil aber der Kanſer wider ſelbe ſich beſchwert, als

218 2112 1358 79 uens Ihme vrajudicirlich, und dem Herkommen zuwider, it auf

872 2176 103 72 E1 2

1456 2159 125 86 deſſen

30 447 86 66 Fas

30 498 79 63 oͤnig.

27 544 81 67 ehaͤtt

65 650 41 59 le

27 794 68 69 obl

18 852 82 67 Kar⸗

52 897 49 62 er

16 948 86 65 eunti

62 1000 40 54 6.

26 1205 71 61 choll

38 1354 59 57 mil

26 1709 51 49 en.

61 1851 14 53 ,
