<?xml version="1.0" encoding="UTF-8"?>
<alto xmlns:xsi="http://www.w3.org/2001/XMLSchema-instance"
      xmlns="http://www.loc.gov/standards/alto/ns-v4#"
      xsi:schemaLocation="http://www.loc.gov/standards/alto/ns-v4# http://www.loc.gov/standards/alto/v4/alto-4-2.xsd">
  <Description>
    <MeasurementUnit>pixel</MeasurementUnit>
    <sourceImageInformation>
      <fileName>image060.jpg</fileName>
      <fileIdentifier>https://archiv.ub.uni-marburg.de/eb/2010/0168</fileIdentifier>
    </sourceImageInformation>
  </Description>
  <Tags>
    <OtherTag ID="BT1" LABEL="Title" DESCRIPTION="block type Title"/><OtherTag ID="BT2" LABEL="Main" DESCRIPTION="block type Main"/><OtherTag ID="BT3" LABEL="Commentary" DESCRIPTION="block type Commentary"/><OtherTag ID="BT4" LABEL="Illustration" DESCRIPTION="block type Illustration"/><OtherTag ID="BT42" LABEL="text" DESCRIPTION="block type text"/>
    <OtherTag ID="LT33" LABEL="default" DESCRIPTION="line type default"/>
  </Tags>
  <Layout>
    <Page WIDTH="1978"
          HEIGHT="2545"
          PHYSICAL_IMG_NR="60"
          ID="eSc_dummypage_">
      <PrintSpace HPOS="0"
                  VPOS="0"
                  WIDTH="1978"
                  HEIGHT="2545">
        <TextBlock HPOS="322"
                   VPOS="237"
                   WIDTH="78"
                   HEIGHT="61"
                   ID="eSc_textblock_7a626da0"
                   TAGREFS="BT42">
          <Shape><Polygon POINTS="352 237 400 248 400 298 328 298 322 254 352 237"/></Shape>
          <TextLine ID="eSc_line_6daf4205"
                    TAGREFS="LT33"
                    BASELINE="357 285 387 284" 
                    HPOS="355"
                    VPOS="237"
                    WIDTH="32"
                    HEIGHT="75">
            <Shape><Polygon POINTS="383 244 369 241 355 237 357 285 357 312 387 306 387 284 383 244 383 244"/></Shape>
            <String CONTENT="2"
                    HPOS="355"
                    VPOS="237"
                    WIDTH="32"
                    HEIGHT="75"
                    WC="0.999826967716217"></String>
          </TextLine>
        </TextBlock>
        <TextBlock HPOS="322"
                   VPOS="226"
                   WIDTH="1469"
                   HEIGHT="1825"
                   ID="eSc_textblock_db6a582d"
                   TAGREFS="BT42">
          <Shape><Polygon POINTS="919 226 1253 237 1242 292 1085 309 1072 326 1366 344 1383 367 1379 463 1762 486 1762 581 1683 632 1696 667 1774 689 1779 735 1791 2034 1774 2051 1668 2051 1649 2028 1581 2017 356 2023 339 2000 322 711 339 661 322 486 345 469 717 458 724 350 921 322 921 298 837 287 843 237 919 226"/></Shape>
          <TextLine ID="eSc_line_0b7db8f6"
                    TAGREFS="LT33"
                    BASELINE="848 271 1075 275" 
                    HPOS="847"
                    VPOS="226"
                    WIDTH="228"
                    HEIGHT="75">
            <Shape><Polygon POINTS="1018 229 1017 229 983 240 929 226 919 226 916 226 902 237 894 230 892 230 891 230 889 230 888 230 887 230 871 241 848 241 848 271 847 287 885 299 887 299 888 299 889 299 912 292 921 301 922 301 923 301 925 301 983 289 997 299 998 299 1000 299 1001 299 1003 299 1004 299 1021 289 1073 289 1075 275 1075 246 1030 229 1018 229"/></Shape>
            <String CONTENT="2222 (0"
                    HPOS="847"
                    VPOS="226"
                    WIDTH="228"
                    HEIGHT="75"
                    WC="0.9973818148885455"></String>
          </TextLine>
          <TextLine ID="eSc_line_6d1b8271"
                    TAGREFS="LT33"
                    BASELINE="1171 270 1245 262" 
                    HPOS="1167"
                    VPOS="233"
                    WIDTH="79"
                    HEIGHT="56">
            <Shape><Polygon POINTS="1238 236 1223 236 1209 236 1195 234 1181 234 1167 233 1171 270 1172 289 1246 287 1245 262 1239 236 1238 236"/></Shape>
            <String CONTENT="Z-"
                    HPOS="1167"
                    VPOS="233"
                    WIDTH="79"
                    HEIGHT="56"
                    WC="0.9999380111694336"></String>
          </TextLine>
          <TextLine ID="eSc_line_934cc7fa"
                    TAGREFS="LT33"
                    BASELINE="744 432 1368 429" 
                    HPOS="742"
                    VPOS="333"
                    WIDTH="626"
                    HEIGHT="110">
            <Shape><Polygon POINTS="1337 342 1322 342 1308 340 1294 339 1280 339 1271 337 1222 347 1168 347 1150 333 1148 333 1147 333 1146 333 1010 344 994 339 993 339 991 339 990 339 989 339 989 340 981 347 950 335 949 335 947 335 946 335 915 347 881 337 880 337 878 337 877 337 844 347 800 337 799 339 785 340 771 343 756 344 742 346 744 432 744 442 1365 443 1368 429 1365 347 1339 342 1337 342"/></Shape>
            <String CONTENT="CAPUT VI."
                    HPOS="742"
                    VPOS="333"
                    WIDTH="626"
                    HEIGHT="110"
                    WC="0.9823064936531914"></String>
          </TextLine>
          <TextLine ID="eSc_line_3d397b38"
                    TAGREFS="LT33"
                    BASELINE="332 562 723 552 1743 547" 
                    HPOS="331"
                    VPOS="472"
                    WIDTH="1412"
                    HEIGHT="111">
            <Shape><Polygon POINTS="1731 483 1717 483 1703 482 1689 482 1675 480 1668 479 1659 484 1605 484 1574 473 1562 473 1547 473 1545 472 1520 486 1412 486 1386 472 1385 472 1383 472 1382 472 1354 487 1249 487 1211 476 1209 476 1208 476 1206 476 1188 482 1170 473 1168 473 1039 473 1038 473 1037 473 1005 490 904 490 874 476 872 476 871 476 870 476 840 486 814 477 813 477 812 477 810 477 764 490 684 490 653 477 652 477 650 477 592 486 571 477 570 477 568 477 513 486 472 480 471 480 469 480 444 489 372 479 370 479 331 484 332 562 332 569 379 583 380 583 382 583 383 583 404 576 476 582 478 582 479 582 496 574 540 581 541 581 590 571 621 579 622 579 623 579 691 568 854 581 856 581 857 581 905 568 973 574 974 574 1035 565 1085 574 1086 574 1088 574 1110 565 1178 569 1204 583 1205 583 1206 583 1317 582 1444 562 1471 571 1472 571 1474 571 1501 566 1540 581 1542 581 1543 581 1743 578 1743 547 1740 483 1731 483"/></Shape>
            <String CONTENT="Von S. Emmerams Todt, und was ſon⸗"
                    HPOS="331"
                    VPOS="472"
                    WIDTH="1412"
                    HEIGHT="111"
                    WC="0.9835615158081055"></String>
          </TextLine>
          <TextLine ID="eSc_line_b9905fd3"
                    TAGREFS="LT33"
                    BASELINE="524 639 1587 624" 
                    HPOS="523"
                    VPOS="569"
                    WIDTH="1064"
                    HEIGHT="92">
            <Shape><Polygon POINTS="524 639 524 661 747 647 796 656 797 656 799 656 800 656 814 647 901 653 902 653 945 646 986 656 987 656 989 656 1056 643 1133 643 1147 651 1148 651 1150 651 1151 651 1189 643 1204 653 1205 653 1206 653 1208 653 1252 643 1276 651 1277 651 1279 651 1280 651 1281 651 1296 643 1328 651 1329 651 1331 651 1438 644 1478 650 1479 650 1587 634 1587 624 1583 579 1484 579 1446 569 1444 569 1443 569 1441 569 1412 581 1386 574 1385 574 1383 574 1382 574 1380 574 1369 583 1254 583 1161 571 1160 571 1158 571 1114 585 1076 574 1075 574 1073 574 1072 574 1071 574 1052 586 1018 579 1017 579 1015 579 997 586 953 574 952 574 950 574 858 575 857 575 839 585 781 576 779 576 706 589 691 578 690 578 689 578 649 578 648 578 646 578 619 592 547 579 546 579 544 579 543 579 523 591 524 639"/></Shape>
            <String CONTENT="ſten Denckwuͤrdiges darbey vorgangen."
                    HPOS="523"
                    VPOS="569"
                    WIDTH="1064"
                    HEIGHT="92"
                    WC="0.9901265791944556"></String>
          </TextLine>
          <TextLine ID="eSc_line_e347c8cc"
                    TAGREFS="LT33"
                    BASELINE="573 736 1758 723" 
                    HPOS="571"
                    VPOS="674"
                    WIDTH="1187"
                    HEIGHT="79">
            <Shape><Polygon POINTS="1751 682 1646 674 1645 674 1359 687 834 682 833 682 831 682 810 694 741 694 725 684 724 684 723 684 721 684 720 684 691 695 619 695 571 687 573 736 573 753 1100 742 1337 746 1338 746 1373 739 1611 743 1612 743 1614 743 1637 736 1743 742 1744 742 1745 742 1747 742 1758 735 1758 723 1755 684 1751 682"/></Shape>
            <String CONTENT="ze grauſame That Landberti verurſachte biel Zulauffens der"
                    HPOS="571"
                    VPOS="674"
                    WIDTH="1187"
                    HEIGHT="79"
                    WC="0.9971662256224402"></String>
          </TextLine>
          <TextLine ID="eSc_line_4d5339ed"
                    TAGREFS="LT33"
                    BASELINE="580 790 1764 773" 
                    HPOS="578"
                    VPOS="732"
                    WIDTH="1186"
                    HEIGHT="75">
            <Shape><Polygon POINTS="580 790 580 807 823 807 823 805 882 797 969 803 970 803 972 803 973 803 984 796 1088 801 1089 801 1090 801 1110 794 1233 800 1235 800 1236 800 1238 800 1249 793 1366 798 1368 798 1369 798 1393 791 1464 797 1465 797 1467 797 1502 788 1542 796 1543 796 1597 787 1611 794 1612 794 1614 794 1668 787 1762 791 1764 773 1760 732 578 746 580 790"/></Shape>
            <String CONTENT="Innwohner, und Benachbarten, die alle mit dem heiligen"
                    HPOS="578"
                    VPOS="732"
                    WIDTH="1186"
                    HEIGHT="75"
                    WC="0.9983624120553335"></String>
          </TextLine>
          <TextLine ID="eSc_line_ae90e35b"
                    TAGREFS="LT33"
                    BASELINE="455 838 482 838" 
                    HPOS="455"
                    VPOS="817"
                    WIDTH="27"
                    HEIGHT="36">
            <Shape><Polygon POINTS="455 838 455 851 481 853 482 838 482 821 455 817 455 838"/></Shape>
            <String CONTENT=""
                    HPOS="455"
                    VPOS="817"
                    WIDTH="27"
                    HEIGHT="36"
                    WC="0.925531268119812"></String>
          </TextLine>
          <TextLine ID="eSc_line_2272cda9"
                    TAGREFS="LT33"
                    BASELINE="527 838 1761 824" 
                    HPOS="526"
                    VPOS="780"
                    WIDTH="1235"
                    HEIGHT="76">
            <Shape><Polygon POINTS="527 838 527 856 1760 837 1761 824 1758 788 1653 780 1652 780 1651 780 1634 788 1528 781 1526 781 1387 793 1286 784 1284 784 1283 784 1254 796 526 796 527 838"/></Shape>
            <String CONTENT=" Mann groß Mitleyden trugen, und damit die abgehaute"
                    HPOS="526"
                    VPOS="780"
                    WIDTH="1235"
                    HEIGHT="76"
                    WC="0.9924868815220319"></String>
          </TextLine>
          <TextLine ID="eSc_line_2a42cb82"
                    TAGREFS="LT33"
                    BASELINE="339 894 1765 875" 
                    HPOS="338"
                    VPOS="834"
                    WIDTH="1427"
                    HEIGHT="79">
            <Shape><Polygon POINTS="339 894 339 906 428 913 430 913 543 904 621 910 622 910 623 910 653 903 1254 903 1254 902 1765 886 1765 875 1762 835 1267 834 1266 834 1264 834 1263 834 1252 842 1228 835 1226 835 1225 835 946 846 870 839 868 839 867 839 841 848 703 842 701 842 700 842 698 842 687 849 648 842 646 842 645 842 621 851 541 844 540 844 489 852 362 846 360 846 359 846 338 853 339 894"/></Shape>
            <String CONTENT="Glieder nicht zum Verlurſt giengen, haben ſie ſelbe zuſammen geklaubt,"
                    HPOS="338"
                    VPOS="834"
                    WIDTH="1427"
                    HEIGHT="79"
                    WC="0.9942488133907318"></String>
          </TextLine>
          <TextLine ID="eSc_line_e348e5b9"
                    TAGREFS="LT33"
                    BASELINE="342 941 1765 926" 
                    HPOS="340"
                    VPOS="883"
                    WIDTH="1425"
                    HEIGHT="78">
            <Shape><Polygon POINTS="342 941 342 961 605 951 672 957 673 957 732 950 830 955 831 955 921 948 980 954 981 954 983 954 1003 947 1114 952 1116 952 1601 941 1618 947 1620 947 1621 947 1622 947 1641 940 1762 944 1765 926 1761 883 1372 894 1123 889 1121 889 1120 889 1095 897 1005 890 1004 890 1003 890 983 899 963 892 962 892 960 892 857 900 793 893 792 893 725 902 629 894 628 894 626 894 597 903 531 896 530 896 468 904 445 897 444 897 442 897 340 906 342 941"/></Shape>
            <String CONTENT="und in einen Baum ( ſo man den weiſſen Dorn nennet) verwahrlich"
                    HPOS="340"
                    VPOS="883"
                    WIDTH="1425"
                    HEIGHT="78"
                    WC="0.9830622994710528"></String>
          </TextLine>
          <TextLine ID="eSc_line_4e6341be"
                    TAGREFS="LT33"
                    BASELINE="340 992 1760 975" 
                    HPOS="339"
                    VPOS="937"
                    WIDTH="1421"
                    HEIGHT="76">
            <Shape><Polygon POINTS="340 992 340 1013 458 1003 499 1010 500 1010 578 1002 679 1009 680 1009 681 1009 706 1001 812 1008 813 1008 864 999 918 1006 919 1006 921 1006 942 998 1028 998 1047 1005 1048 1005 1049 1005 1093 996 1402 1001 1403 1001 1404 1001 1427 992 1520 999 1522 999 1730 996 1731 996 1760 988 1760 975 1755 937 339 948 340 992"/></Shape>
            <String CONTENT="hinterlegt: es kamen aber alſobalo zween unbekannte, und treſtich ſchoͤ⸗"
                    HPOS="339"
                    VPOS="937"
                    WIDTH="1421"
                    HEIGHT="76"
                    WC="0.9869145014219813"></String>
          </TextLine>
          <TextLine ID="eSc_line_4ab7197f"
                    TAGREFS="LT33"
                    BASELINE="340 1044 1768 1027" 
                    HPOS="339"
                    VPOS="986"
                    WIDTH="1429"
                    HEIGHT="75">
            <Shape><Polygon POINTS="340 1044 340 1056 444 1061 445 1061 612 1051 694 1059 696 1059 762 1050 781 1057 782 1057 783 1057 785 1057 816 1049 932 1056 933 1056 1056 1046 1170 1053 1171 1053 1508 1042 1646 1047 1648 1047 1767 1037 1768 1027 1765 992 1293 986 1291 986 1171 998 1080 989 1079 989 1031 999 935 991 933 991 813 1002 710 993 708 993 522 1005 471 996 469 996 339 1008 340 1044"/></Shape>
            <String CONTENT="ne Maͤnner reittend, welche bey denen auf dem Feld arbeitenden"
                    HPOS="339"
                    VPOS="986"
                    WIDTH="1429"
                    HEIGHT="75"
                    WC="0.982234054034756"></String>
          </TextLine>
          <TextLine ID="eSc_line_b865be9c"
                    TAGREFS="LT33"
                    BASELINE="340 1095 1764 1077" 
                    HPOS="339"
                    VPOS="1033"
                    WIDTH="1425"
                    HEIGHT="76">
            <Shape><Polygon POINTS="340 1095 340 1109 1762 1092 1764 1077 1761 1040 1673 1033 1672 1033 1610 1040 1576 1033 1574 1033 1573 1033 1571 1033 1560 1040 1512 1034 1511 1034 1430 1043 1341 1036 1339 1036 1338 1036 1321 1044 1281 1037 1280 1037 1279 1037 1263 1046 1105 1047 1032 1040 1031 1040 1030 1040 994 1049 912 1042 911 1042 909 1042 894 1049 789 1043 788 1043 666 1053 640 1046 639 1046 638 1046 570 1053 488 1047 486 1047 444 1056 339 1050 340 1095"/></Shape>
            <String CONTENT="Bauers⸗Leuthen nach des heiligen Martyrers abgehauten Gliedern frag⸗"
                    HPOS="339"
                    VPOS="1033"
                    WIDTH="1425"
                    HEIGHT="76"
                    WC="0.9999431257738787"></String>
          </TextLine>
          <TextLine ID="eSc_line_e2d61020"
                    TAGREFS="LT33"
                    BASELINE="340 1146 1765 1126" 
                    HPOS="339"
                    VPOS="1083"
                    WIDTH="1426"
                    HEIGHT="82">
            <Shape><Polygon POINTS="340 1146 340 1165 1764 1141 1765 1126 1760 1083 1733 1091 1700 1083 1699 1083 1697 1083 1624 1092 1436 1088 1434 1088 1433 1088 1413 1097 1252 1098 1138 1091 1137 1091 963 1100 889 1094 888 1094 887 1094 863 1102 843 1095 841 1095 840 1095 643 1097 540 1108 515 1100 513 1100 512 1100 510 1100 479 1109 339 1111 340 1146"/></Shape>
            <String CONTENT="ten, und als ſie ſelbe erkundiget mit ſich genommen, doch unverſehens"
                    HPOS="339"
                    VPOS="1083"
                    WIDTH="1426"
                    HEIGHT="82"
                    WC="0.9991197387377421"></String>
          </TextLine>
          <TextLine ID="eSc_line_e47b2096"
                    TAGREFS="LT33"
                    BASELINE="340 1198 1768 1177" 
                    HPOS="339"
                    VPOS="1133"
                    WIDTH="1429"
                    HEIGHT="85">
            <Shape><Polygon POINTS="340 1198 340 1211 441 1218 442 1218 568 1208 604 1217 605 1217 606 1217 724 1207 773 1214 775 1214 836 1204 872 1213 874 1213 875 1213 1007 1201 1061 1210 1062 1210 1110 1201 1195 1208 1196 1208 1321 1198 1335 1206 1337 1206 1338 1206 1576 1196 1608 1201 1610 1201 1611 1201 1612 1201 1628 1191 1713 1191 1733 1198 1734 1198 1736 1198 1737 1198 1768 1190 1768 1177 1764 1133 1669 1143 1535 1138 1533 1138 1499 1145 1485 1136 1484 1136 1482 1136 1481 1136 1303 1139 1301 1139 1281 1146 1252 1141 1250 1141 1191 1150 1022 1143 1021 1143 1020 1143 1018 1143 1001 1153 875 1146 874 1146 872 1146 856 1155 735 1148 734 1148 732 1148 706 1159 584 1159 570 1150 568 1150 567 1150 565 1150 517 1159 445 1152 444 1152 442 1152 441 1152 425 1162 339 1156 340 1198"/></Shape>
            <String CONTENT="vor aller Augen verſchwanden. Alſo dewahret GOTE ſeiner treuer"
                    HPOS="339"
                    VPOS="1133"
                    WIDTH="1429"
                    HEIGHT="85"
                    WC="0.9839181140545876"></String>
          </TextLine>
          <TextLine ID="eSc_line_b8abe254"
                    TAGREFS="LT33"
                    BASELINE="343 1249 1770 1228" 
                    HPOS="342"
                    VPOS="1186"
                    WIDTH="1428"
                    HEIGHT="78">
            <Shape><Polygon POINTS="343 1249 343 1264 1475 1252 1515 1245 1576 1251 1577 1251 1579 1251 1595 1242 1770 1239 1770 1228 1767 1194 1707 1186 1706 1186 1704 1186 1668 1196 1579 1187 1577 1187 1481 1198 1393 1191 1392 1191 1290 1203 1141 1203 1117 1194 1116 1194 1114 1194 1113 1194 1072 1204 987 1197 986 1197 984 1197 983 1197 969 1206 819 1198 817 1198 768 1208 724 1200 723 1200 721 1200 684 1210 628 1201 626 1201 625 1201 623 1201 611 1211 592 1203 591 1203 590 1203 342 1206 343 1249"/></Shape>
            <String CONTENT="Diener Gebein, damit davon keines vertretten, oder geunehrt werde."
                    HPOS="342"
                    VPOS="1186"
                    WIDTH="1428"
                    HEIGHT="78"
                    WC="0.9991207872376298"></String>
          </TextLine>
          <TextLine ID="eSc_line_35d708b3"
                    TAGREFS="LT33"
                    BASELINE="482 1295 1188 1289 1770 1275" 
                    HPOS="481"
                    VPOS="1234"
                    WIDTH="1289"
                    HEIGHT="76">
            <Shape><Polygon POINTS="482 1295 482 1310 1768 1290 1770 1275 1765 1234 1254 1248 1078 1242 1076 1242 1037 1251 964 1245 963 1245 962 1245 947 1252 698 1248 697 1248 696 1248 672 1256 481 1252 482 1295"/></Shape>
            <String CONTENT="Nachdem ſolches Wunder⸗ Werck denen Landſeſſen daſelbſt be⸗"
                    HPOS="481"
                    VPOS="1234"
                    WIDTH="1289"
                    HEIGHT="76"
                    WC="0.9897822070929964"></String>
          </TextLine>
          <TextLine ID="eSc_line_851299f5"
                    TAGREFS="LT33"
                    BASELINE="345 1348 1771 1327" 
                    HPOS="343"
                    VPOS="1289"
                    WIDTH="1428"
                    HEIGHT="72">
            <Shape><Polygon POINTS="345 1348 345 1361 1770 1346 1771 1327 1767 1289 1013 1295 1011 1295 1010 1295 1000 1302 926 1295 925 1295 923 1295 905 1303 847 1297 846 1297 844 1297 816 1305 724 1297 723 1297 625 1307 539 1300 537 1300 536 1300 506 1309 343 1303 345 1348"/></Shape>
            <String CONTENT="kant worden, iſt ihnen ein Forcht zuegangen, und wiewohl ſie ihre"
                    HPOS="343"
                    VPOS="1289"
                    WIDTH="1428"
                    HEIGHT="72"
                    WC="0.9986742349771353"></String>
          </TextLine>
          <TextLine ID="eSc_line_7c96dc8d"
                    TAGREFS="LT33"
                    BASELINE="343 1401 1771 1377" 
                    HPOS="342"
                    VPOS="1337"
                    WIDTH="1429"
                    HEIGHT="79">
            <Shape><Polygon POINTS="343 1401 343 1416 1770 1389 1771 1377 1767 1337 342 1355 343 1401"/></Shape>
            <String CONTENT="Augen nicht gar aufgethan, haben ſie doch die Heiligkeit diſes Manns"
                    HPOS="342"
                    VPOS="1337"
                    WIDTH="1429"
                    HEIGHT="79"
                    WC="0.9993199627189076"></String>
          </TextLine>
          <TextLine ID="eSc_line_1585fabc"
                    TAGREFS="LT33"
                    BASELINE="345 1453 1770 1428" 
                    HPOS="343"
                    VPOS="1381"
                    WIDTH="1427"
                    HEIGHT="89">
            <Shape><Polygon POINTS="345 1453 345 1470 1768 1444 1770 1428 1767 1391 1714 1381 1713 1381 1673 1389 1615 1382 1614 1382 1612 1382 1587 1392 1475 1385 1474 1385 1472 1385 1447 1395 1372 1387 1371 1387 1291 1398 1254 1389 1253 1389 1252 1389 1250 1389 1212 1399 952 1395 950 1395 895 1405 848 1396 847 1396 796 1406 660 1399 659 1399 421 1413 386 1405 384 1405 383 1405 382 1405 343 1415 345 1453"/></Shape>
            <String CONTENT="erkennt; die Maͤnner aber, ſo bey ihm waren anſtart ſemes HHof⸗Ge⸗"
                    HPOS="343"
                    VPOS="1381"
                    WIDTH="1427"
                    HEIGHT="89"
                    WC="0.998085309158672"></String>
          </TextLine>
          <TextLine ID="eSc_line_b8a9e24b"
                    TAGREFS="LT33"
                    BASELINE="345 1504 1774 1481" 
                    HPOS="343"
                    VPOS="1436"
                    WIDTH="1431"
                    HEIGHT="85">
            <Shape><Polygon POINTS="345 1504 345 1521 704 1511 870 1515 871 1515 872 1515 895 1508 1137 1511 1138 1511 1250 1502 1311 1508 1313 1508 1314 1508 1328 1501 1489 1505 1491 1505 1492 1505 1516 1498 1682 1502 1683 1502 1774 1493 1774 1481 1770 1436 1593 1444 1506 1437 1505 1437 1458 1446 1416 1439 1414 1439 1413 1439 1412 1439 1399 1447 1293 1442 1291 1442 1232 1450 1164 1444 1163 1444 1161 1444 1146 1452 1071 1446 1069 1446 1068 1446 1054 1453 1018 1446 1017 1446 943 1453 792 1449 790 1449 789 1449 768 1457 711 1450 710 1450 708 1450 707 1450 694 1459 530 1453 529 1453 527 1453 496 1461 437 1456 435 1456 343 1464 345 1504"/></Shape>
            <String CONTENT="ſinds, haben den ſieghafften Martyrer vom Kampf⸗ Platz (das iſt,"
                    HPOS="343"
                    VPOS="1436"
                    WIDTH="1431"
                    HEIGHT="85"
                    WC="0.9929916141554713"></String>
          </TextLine>
          <TextLine ID="eSc_line_92e598a0"
                    TAGREFS="LT33"
                    BASELINE="348 1552 1772 1528" 
                    HPOS="346"
                    VPOS="1487"
                    WIDTH="1426"
                    HEIGHT="83">
            <Shape><Polygon POINTS="348 1552 348 1566 554 1563 597 1570 598 1570 683 1560 761 1568 762 1568 764 1568 790 1559 1013 1563 1014 1563 1771 1546 1772 1528 1770 1490 1644 1487 1642 1487 1590 1500 1482 1500 1437 1490 1436 1490 1434 1490 1404 1501 1331 1493 1329 1493 1146 1501 1102 1495 1100 1495 1099 1495 1097 1495 1079 1508 1024 1508 1004 1498 1003 1498 1001 1498 847 1511 690 1502 689 1502 609 1514 530 1505 529 1505 471 1515 451 1507 449 1507 448 1507 346 1519 348 1552"/></Shape>
            <String CONTENT="aus der Trayd⸗ Scheurn, welche mit des heiligen Martyrers Blut,"
                    HPOS="346"
                    VPOS="1487"
                    WIDTH="1426"
                    HEIGHT="83"
                    WC="0.9936411560527862"></String>
          </TextLine>
          <TextLine ID="eSc_line_606dc5f6"
                    TAGREFS="LT33"
                    BASELINE="346 1600 1774 1577" 
                    HPOS="345"
                    VPOS="1535"
                    WIDTH="1429"
                    HEIGHT="82">
            <Shape><Polygon POINTS="346 1600 346 1617 1774 1596 1774 1577 1770 1535 1727 1542 1683 1535 1682 1535 1406 1549 345 1559 346 1600"/></Shape>
            <String CONTENT="haͤuffig beſprengt, wohl recht mit gereinigten Waitzen, und koͤſtlicher,"
                    HPOS="345"
                    VPOS="1535"
                    WIDTH="1429"
                    HEIGHT="82"
                    WC="0.9979404773977067"></String>
          </TextLine>
          <TextLine ID="eSc_line_e471c04e"
                    TAGREFS="LT33"
                    BASELINE="348 1650 1772 1625" 
                    HPOS="346"
                    VPOS="1582"
                    WIDTH="1426"
                    HEIGHT="86">
            <Shape><Polygon POINTS="348 1650 348 1668 602 1657 902 1658 904 1658 905 1658 935 1650 1771 1644 1772 1625 1770 1592 1689 1582 1687 1582 1686 1582 1655 1593 1587 1593 1520 1584 1519 1584 1518 1584 1498 1594 1406 1587 1404 1587 1332 1597 1310 1589 1308 1589 1307 1589 1305 1589 1288 1597 1168 1593 1167 1593 1037 1601 984 1594 983 1594 905 1604 851 1596 850 1596 848 1596 809 1606 526 1601 524 1601 427 1613 357 1607 356 1607 355 1607 353 1607 346 1611 348 1650"/></Shape>
            <String CONTENT="dann mit Edelgeſtein gefuͤllet waͤre) ausgetragen, und auf einen Wa⸗"
                    HPOS="346"
                    VPOS="1582"
                    WIDTH="1426"
                    HEIGHT="86"
                    WC="0.9969458553720923"></String>
          </TextLine>
          <TextLine ID="eSc_line_e02abbf4"
                    TAGREFS="LT33"
                    BASELINE="349 1698 1775 1678" 
                    HPOS="348"
                    VPOS="1633"
                    WIDTH="1427"
                    HEIGHT="86">
            <Shape><Polygon POINTS="349 1698 349 1719 400 1710 448 1717 449 1717 451 1717 473 1707 546 1716 547 1716 765 1703 812 1709 813 1709 974 1700 1031 1709 1032 1709 1092 1699 1161 1707 1163 1707 1164 1707 1187 1698 1363 1705 1365 1705 1471 1695 1492 1702 1494 1702 1495 1702 1496 1702 1522 1695 1741 1699 1743 1699 1744 1699 1775 1689 1775 1678 1772 1641 1723 1633 1721 1633 1635 1641 1580 1634 1579 1634 1577 1634 1542 1642 1519 1635 1518 1635 1516 1635 1421 1644 1369 1637 1368 1637 1324 1645 1308 1638 1307 1638 1305 1638 1263 1647 960 1642 959 1642 348 1659 349 1698"/></Shape>
            <String CONTENT="gen gelegt, ihne in den Flecken Aſchaim, ſo von Helffendorf etlich Stund"
                    HPOS="348"
                    VPOS="1633"
                    WIDTH="1427"
                    HEIGHT="86"
                    WC="0.9996257879667811"></String>
          </TextLine>
          <TextLine ID="eSc_line_60173b46"
                    TAGREFS="LT33"
                    BASELINE="350 1753 768 1740 1777 1729" 
                    HPOS="349"
                    VPOS="1683"
                    WIDTH="1428"
                    HEIGHT="82">
            <Shape><Polygon POINTS="350 1753 350 1765 581 1757 625 1764 626 1764 628 1764 662 1756 731 1761 732 1761 734 1761 761 1754 850 1760 851 1760 885 1753 906 1760 908 1760 909 1760 986 1751 1048 1758 1049 1758 1092 1750 1143 1757 1144 1757 1146 1757 1175 1748 1226 1756 1228 1756 1489 1744 1546 1751 1547 1751 1597 1743 1628 1750 1629 1750 1631 1750 1777 1746 1777 1729 1774 1692 1690 1683 1689 1683 1687 1683 1669 1693 1593 1693 1569 1685 1567 1685 1566 1685 1505 1693 1478 1686 1477 1686 1475 1686 1474 1686 1450 1696 1229 1691 1228 1691 1226 1691 1206 1699 1168 1693 1167 1693 1165 1693 1136 1700 955 1693 953 1693 952 1693 950 1693 936 1703 861 1695 860 1695 735 1706 652 1698 650 1698 649 1698 615 1706 571 1700 570 1700 568 1700 548 1709 382 1702 380 1702 379 1702 349 1712 350 1753"/></Shape>
            <String CONTENT="Weegs, ( damit er allda in St. Peters⸗ Kirchen, und nicht in ihren"
                    HPOS="349"
                    VPOS="1683"
                    WIDTH="1428"
                    HEIGHT="82"
                    WC="0.9903422395388285"></String>
          </TextLine>
          <TextLine ID="eSc_line_4f9e76c5"
                    TAGREFS="LT33"
                    BASELINE="353 1802 837 1789 1774 1781" 
                    HPOS="352"
                    VPOS="1743"
                    WIDTH="1422"
                    HEIGHT="75">
            <Shape><Polygon POINTS="353 1802 353 1818 687 1805 761 1812 762 1812 813 1804 884 1809 885 1809 887 1809 911 1802 1030 1808 1031 1808 1032 1808 1055 1801 1198 1806 1199 1806 1201 1806 1202 1806 1215 1799 1335 1805 1337 1805 1338 1805 1358 1797 1397 1804 1399 1804 1772 1795 1774 1781 1771 1743 1021 1743 1020 1743 949 1753 797 1746 796 1746 673 1757 578 1748 577 1748 575 1748 574 1748 558 1758 377 1754 376 1754 374 1754 352 1761 353 1802"/></Shape>
            <String CONTENT="ſchlechten Baurn⸗⸗Haͤuslein, weil ſie ſich deſſen unwuͤrdig ſchaͤtzten,"
                    HPOS="352"
                    VPOS="1743"
                    WIDTH="1422"
                    HEIGHT="75"
                    WC="0.997706909414748"></String>
          </TextLine>
          <TextLine ID="eSc_line_3ffe5da7"
                    TAGREFS="LT33"
                    BASELINE="353 1850 1777 1829" 
                    HPOS="352"
                    VPOS="1788"
                    WIDTH="1425"
                    HEIGHT="83">
            <Shape><Polygon POINTS="353 1850 353 1871 472 1862 898 1863 899 1863 955 1855 1395 1856 1396 1856 1475 1849 1676 1852 1678 1852 1679 1852 1702 1845 1764 1850 1765 1850 1767 1850 1768 1850 1777 1843 1777 1829 1772 1788 1496 1795 1481 1788 1479 1788 1478 1788 1393 1798 1314 1789 1313 1789 1311 1789 1280 1799 1266 1792 1264 1792 1263 1792 1215 1799 1171 1792 1170 1792 1168 1792 1141 1801 1066 1794 1065 1794 1063 1794 1042 1802 1018 1794 1017 1794 1015 1794 1014 1794 990 1804 943 1795 942 1795 831 1797 771 1806 745 1798 744 1798 742 1798 693 1805 656 1799 655 1799 653 1799 652 1799 640 1806 561 1801 560 1801 558 1801 539 1809 500 1802 499 1802 444 1812 377 1805 376 1805 374 1805 352 1814 353 1850"/></Shape>
            <String CONTENT="ſeinen Geiſt aufgabe,) zu fuͤhren. (b) Den Waagen begleiteten von"
                    HPOS="352"
                    VPOS="1788"
                    WIDTH="1425"
                    HEIGHT="83"
                    WC="0.9901440932200505"></String>
          </TextLine>
          <TextLine ID="eSc_line_0fb7a6d9"
                    TAGREFS="LT33"
                    BASELINE="353 1900 1610 1886 1768 1877" 
                    HPOS="352"
                    VPOS="1840"
                    WIDTH="1416"
                    HEIGHT="74">
            <Shape><Polygon POINTS="353 1900 353 1914 1767 1896 1768 1877 1764 1840 1419 1850 1184 1843 1182 1843 1113 1853 1065 1845 1063 1845 942 1857 867 1857 846 1847 844 1847 843 1847 799 1857 762 1849 761 1849 759 1849 606 1850 605 1850 585 1860 492 1853 490 1853 489 1853 468 1862 352 1856 353 1900"/></Shape>
            <String CONTENT="Mann und Weib in die zwey hundert Perſohnen, mit groſſen Mit⸗"
                    HPOS="352"
                    VPOS="1840"
                    WIDTH="1416"
                    HEIGHT="74"
                    WC="0.9881239816790721"></String>
          </TextLine>
          <TextLine ID="eSc_line_2c981847"
                    TAGREFS="LT33"
                    BASELINE="352 1951 1777 1928" 
                    HPOS="350"
                    VPOS="1884"
                    WIDTH="1427"
                    HEIGHT="88">
            <Shape><Polygon POINTS="352 1951 352 1963 406 1972 407 1972 408 1972 442 1962 679 1961 704 1968 706 1968 707 1968 797 1958 882 1965 884 1965 885 1965 905 1956 922 1963 923 1963 925 1963 977 1955 1059 1962 1061 1962 1062 1962 1096 1953 1240 1959 1242 1959 1329 1951 1412 1956 1413 1956 1414 1956 1441 1949 1502 1955 1504 1955 1505 1955 1523 1946 1595 1953 1597 1953 1777 1944 1777 1928 1774 1893 1736 1884 1734 1884 1733 1884 1709 1894 1665 1887 1663 1887 1591 1897 1453 1893 1451 1893 1382 1900 1348 1893 1346 1893 1345 1893 1322 1903 1259 1903 1243 1893 1242 1893 1240 1893 1239 1893 1188 1903 1093 1894 1092 1894 1090 1894 1059 1905 1017 1896 1015 1896 1014 1896 970 1907 947 1897 946 1897 945 1897 943 1897 919 1907 813 1898 812 1898 810 1898 788 1910 710 1900 708 1900 707 1900 686 1911 642 1901 640 1901 570 1910 550 1904 548 1904 547 1904 546 1904 522 1914 350 1905 352 1951"/></Shape>
            <String CONTENT="leyden und Andacht. Wie ſie aber in das Feld kommen, noch ſaſt ein"
                    HPOS="350"
                    VPOS="1884"
                    WIDTH="1427"
                    HEIGHT="88"
                    WC="0.9986447059746945"></String>
          </TextLine>
          <TextLine ID="eSc_line_add4b786"
                    TAGREFS="LT33"
                    BASELINE="352 2002 1770 1980" 
                    HPOS="350"
                    VPOS="1935"
                    WIDTH="1420"
                    HEIGHT="96">
            <Shape><Polygon POINTS="352 2002 352 2028 444 2031 445 2031 512 2021 567 2028 568 2028 570 2028 595 2019 724 2023 725 2023 765 2016 837 2024 839 2024 1155 2014 1201 2020 1202 2020 1254 2011 1280 2019 1281 2019 1283 2019 1284 2019 1307 2009 1355 2017 1356 2019 1356 2017 1399 2010 1573 2014 1574 2014 1576 2014 1612 2002 1768 2000 1770 1980 1767 1944 1713 1935 1712 1935 1710 1935 1670 1946 1543 1946 1518 1938 1516 1938 1515 1938 1387 1949 1171 1945 1170 1945 1168 1945 1141 1953 998 1955 972 1948 970 1948 969 1948 967 1948 966 1948 953 1956 834 1956 751 1949 749 1949 748 1949 725 1959 638 1951 636 1951 635 1951 598 1961 540 1952 539 1952 350 1962 352 2002"/></Shape>
            <String CONTENT="viertel Stund von Aſchaim, fangt der Hochwuͤrdige Biſchof mir klaͤs⸗"
                    HPOS="350"
                    VPOS="1935"
                    WIDTH="1420"
                    HEIGHT="96"
                    WC="0.990257541046423"></String>
          </TextLine>
          <TextLine ID="eSc_line_6174b031"
                    TAGREFS="LT33"
                    BASELINE="1666 2033 1779 2030" 
                    HPOS="1665"
                    VPOS="1990"
                    WIDTH="114"
                    HEIGHT="71">
            <Shape><Polygon POINTS="1666 2033 1666 2050 1687 2060 1689 2060 1690 2061 1765 2061 1765 2060 1767 2060 1768 2060 1768 2058 1779 2047 1779 2030 1775 1990 1665 1993 1666 2033"/></Shape>
            <String CONTENT="uicher"
                    HPOS="1665"
                    VPOS="1990"
                    WIDTH="114"
                    HEIGHT="71"
                    WC="0.9988300402959188"></String>
          </TextLine>
        </TextBlock>
        <TextBlock HPOS="379"
                   VPOS="2166"
                   WIDTH="366"
                   HEIGHT="94"
                   ID="eSc_textblock_1c4f308e"
                   TAGREFS="BT42">
          <Shape><Polygon POINTS="404 2166 723 2166 745 2232 706 2255 390 2260 379 2177 404 2166"/></Shape>
          <TextLine ID="eSc_line_84a8954f"
                    TAGREFS="LT33"
                    BASELINE="404 2202 717 2194" 
                    HPOS="403"
                    VPOS="2166"
                    WIDTH="314"
                    HEIGHT="53">
            <Shape><Polygon POINTS="700 2166 686 2166 672 2166 657 2166 643 2166 629 2166 615 2166 608 2166 403 2167 404 2202 404 2219 717 2208 717 2194 713 2166 700 2166"/></Shape>
            <String CONTENT="a) Pag. 99. cap. 12."
                    HPOS="403"
                    VPOS="2166"
                    WIDTH="314"
                    HEIGHT="53"
                    WC="0.9711014956235886"></String>
          </TextLine>
          <TextLine ID="eSc_line_3d13b75f"
                    TAGREFS="LT33"
                    BASELINE="394 2243 732 2229" 
                    HPOS="391"
                    VPOS="2201"
                    WIDTH="341"
                    HEIGHT="75">
            <Shape><Polygon POINTS="394 2243 394 2266 495 2276 496 2276 498 2276 598 2249 645 2256 646 2256 648 2256 674 2246 731 2250 732 2229 728 2201 391 2214 394 2243"/></Shape>
            <String CONTENT="E) Eot 1. ErP. rs."
                    HPOS="391"
                    VPOS="2201"
                    WIDTH="341"
                    HEIGHT="75"
                    WC="0.8575806303156747"></String>
          </TextLine>
        </TextBlock>
      </PrintSpace>
    </Page>
  </Layout>
</alto>
