<?xml version="1.0" encoding="UTF-8"?>
<alto xmlns:xsi="http://www.w3.org/2001/XMLSchema-instance"
      xmlns="http://www.loc.gov/standards/alto/ns-v4#"
      xsi:schemaLocation="http://www.loc.gov/standards/alto/ns-v4# http://www.loc.gov/standards/alto/v4/alto-4-2.xsd">
  <Description>
    <MeasurementUnit>pixel</MeasurementUnit>
    <sourceImageInformation>
      <fileName>image141.jpg</fileName>
      <fileIdentifier>https://archiv.ub.uni-marburg.de/eb/2010/0168</fileIdentifier>
    </sourceImageInformation>
  </Description>
  <Tags>
    <OtherTag ID="BT1" LABEL="Title" DESCRIPTION="block type Title"/><OtherTag ID="BT2" LABEL="Main" DESCRIPTION="block type Main"/><OtherTag ID="BT3" LABEL="Commentary" DESCRIPTION="block type Commentary"/><OtherTag ID="BT4" LABEL="Illustration" DESCRIPTION="block type Illustration"/><OtherTag ID="BT42" LABEL="text" DESCRIPTION="block type text"/>
    <OtherTag ID="LT33" LABEL="default" DESCRIPTION="line type default"/>
  </Tags>
  <Layout>
    <Page WIDTH="1991"
          HEIGHT="2551"
          PHYSICAL_IMG_NR="141"
          ID="eSc_dummypage_">
      <PrintSpace HPOS="0"
                  VPOS="0"
                  WIDTH="1991"
                  HEIGHT="2551">
        <TextBlock HPOS="238"
                   VPOS="249"
                   WIDTH="1445"
                   HEIGHT="911"
                   ID="eSc_textblock_7ff2e72d"
                   TAGREFS="BT42">
          <Shape><Polygon POINTS="771 249 1121 249 1219 300 1479 294 1582 260 1654 266 1683 459 1654 1126 1484 1160 255 1155 238 1092 249 306 397 283 690 289 771 249"/></Shape>
          <TextLine ID="eSc_line_4028aba7"
                    TAGREFS="LT33"
                    BASELINE="757 282 880 294" 
                    HPOS="754"
                    VPOS="249"
                    WIDTH="129"
                    HEIGHT="72">
            <Shape><Polygon POINTS="873 249 859 249 845 249 831 249 826 249 819 250 798 249 788 249 774 249 758 253 757 282 754 304 874 321 880 294 883 252 874 249 873 249"/></Shape>
            <String CONTENT="-12"
                    HPOS="754"
                    VPOS="249"
                    WIDTH="129"
                    HEIGHT="72"
                    WC="0.9999326467514038"></String>
          </TextLine>
          <TextLine ID="eSc_line_8eeea64c"
                    TAGREFS="LT33"
                    BASELINE="907 296 1145 294" 
                    HPOS="906"
                    VPOS="249"
                    WIDTH="239"
                    HEIGHT="75">
            <Shape><Polygon POINTS="1133 256 1124 252 1104 249 1104 249 1090 249 1076 249 1062 249 1055 249 1036 253 1022 249 1019 249 1005 249 991 249 989 249 975 253 952 249 948 249 934 249 920 249 911 249 906 250 907 296 907 316 951 324 952 324 954 324 955 324 955 323 962 316 981 324 982 324 984 324 1023 316 1142 320 1145 294 1142 260 1133 256"/></Shape>
            <String CONTENT="0) Lis-"
                    HPOS="906"
                    VPOS="249"
                    WIDTH="239"
                    HEIGHT="75"
                    WC="0.9180157014301845"></String>
          </TextLine>
          <TextLine ID="eSc_line_5f8e4958"
                    TAGREFS="LT33"
                    BASELINE="1578 301 1652 301" 
                    HPOS="1578"
                    VPOS="265"
                    WIDTH="74"
                    HEIGHT="66">
            <Shape><Polygon POINTS="1578 301 1578 330 1650 331 1652 301 1652 266 1578 265 1578 301"/></Shape>
            <String CONTENT="112"
                    HPOS="1578"
                    VPOS="265"
                    WIDTH="74"
                    HEIGHT="66"
                    WC="0.9998578031857809"></String>
          </TextLine>
          <TextLine ID="eSc_line_39bb8fe4"
                    TAGREFS="LT33"
                    BASELINE="258 330 666 345 1659 352" 
                    HPOS="256"
                    VPOS="296"
                    WIDTH="1403"
                    HEIGHT="78">
            <Shape><Polygon POINTS="300 297 286 299 272 301 258 303 258 330 256 350 538 354 561 362 562 362 826 365 828 365 901 358 967 367 968 367 1049 359 1074 368 1076 368 1077 368 1411 364 1558 374 1559 374 1657 367 1659 352 1656 320 1548 321 1430 310 1429 310 1348 318 1235 308 1233 308 1104 316 1073 306 1072 306 1070 306 933 314 911 303 910 303 908 303 907 303 880 313 571 311 558 301 557 301 555 301 302 296 300 297"/></Shape>
            <String CONTENT="mi, ſo S. Vollgangus gemacht: Item die Erzehlung von denen Aebbten, und"
                    HPOS="256"
                    VPOS="296"
                    WIDTH="1403"
                    HEIGHT="78"
                    WC="0.9842935716602165"></String>
          </TextLine>
          <TextLine ID="eSc_line_0577b3fe"
                    TAGREFS="LT33"
                    BASELINE="260 378 622 389 1659 396" 
                    HPOS="259"
                    VPOS="342"
                    WIDTH="1400"
                    HEIGHT="74">
            <Shape><Polygon POINTS="260 378 259 395 327 405 328 405 425 398 449 405 450 405 452 405 548 399 560 406 561 406 562 406 696 408 697 408 699 408 728 401 761 409 762 409 764 409 903 403 1080 412 1082 412 1171 405 1211 413 1212 413 1358 406 1413 415 1415 415 1622 409 1656 416 1659 396 1657 365 1371 354 1369 354 1215 361 1198 352 1196 352 1195 352 1101 359 1055 350 1053 350 992 358 863 348 862 348 860 348 832 357 697 348 696 348 694 348 675 355 528 355 514 345 513 345 511 345 510 345 441 352 419 344 418 344 260 342 260 378"/></Shape>
            <String CONTENT="Biſchoͤffſen: dann von denen erſten Moͤnchen ꝛc. kan villeicht einigen Mißfallen haben,"
                    HPOS="259"
                    VPOS="342"
                    WIDTH="1400"
                    HEIGHT="74"
                    WC="0.9895049182847998"></String>
          </TextLine>
          <TextLine ID="eSc_line_d604948a"
                    TAGREFS="LT33"
                    BASELINE="256 418 453 429 1656 439" 
                    HPOS="255"
                    VPOS="388"
                    WIDTH="1401"
                    HEIGHT="68">
            <Shape><Polygon POINTS="256 418 255 437 1359 456 1361 456 1654 450 1656 439 1654 410 1615 401 1613 401 1555 409 1274 398 1273 398 1203 405 1185 396 1184 396 1182 396 1064 405 870 393 869 393 867 393 842 403 765 403 741 392 740 392 738 392 737 392 713 401 639 393 638 393 636 393 619 401 602 392 601 392 599 392 537 399 513 391 511 391 510 391 455 396 429 389 428 389 426 389 361 398 256 388 256 418"/></Shape>
            <String CONTENT="dahero das Manuſcript nit zurnckgeſtett, nder wohl gar entzogen worden. En⸗"
                    HPOS="255"
                    VPOS="388"
                    WIDTH="1401"
                    HEIGHT="68"
                    WC="0.9993116958936056"></String>
          </TextLine>
          <TextLine ID="eSc_line_b4a3dfa3"
                    TAGREFS="LT33"
                    BASELINE="256 460 561 474 1666 480" 
                    HPOS="255"
                    VPOS="429"
                    WIDTH="1411"
                    HEIGHT="72">
            <Shape><Polygon POINTS="256 460 255 481 416 484 435 493 436 493 438 493 770 487 785 494 787 494 788 494 899 488 926 496 927 496 928 496 930 496 944 488 961 497 962 497 964 498 1089 498 1089 497 1090 497 1110 490 1152 497 1154 497 1289 491 1613 501 1615 501 1664 493 1666 480 1663 442 1488 449 1420 439 1419 439 1317 449 1279 437 1277 437 1276 437 1171 447 1056 436 1055 436 1053 436 1016 446 924 437 923 437 649 443 632 436 631 436 629 436 628 436 611 443 587 435 585 435 584 435 487 442 426 432 425 432 351 440 256 429 256 460"/></Shape>
            <String CONTENT="deſſen, nachdeme die Edition Henrici Caniſii, ſehr rar worden, iſi ſelde durch ſa-"
                    HPOS="255"
                    VPOS="429"
                    WIDTH="1411"
                    HEIGHT="72"
                    WC="0.9892792956131261"></String>
          </TextLine>
          <TextLine ID="eSc_line_f6567ad3"
                    TAGREFS="LT33"
                    BASELINE="256 501 458 514 1659 528" 
                    HPOS="255"
                    VPOS="476"
                    WIDTH="1404"
                    HEIGHT="76">
            <Shape><Polygon POINTS="256 501 255 522 502 528 516 538 517 538 519 538 520 538 686 530 707 541 709 541 710 541 711 541 747 532 821 542 822 542 882 534 950 544 951 544 952 544 989 534 1013 545 1015 545 1155 547 1157 547 1205 537 1260 548 1262 548 1263 548 1289 538 1335 538 1490 551 1491 551 1549 541 1656 552 1659 528 1657 494 256 476 256 501"/></Shape>
            <String CONTENT="cobum Basnage Anno 1725. auf ein nenes in A. tomis in folio zu Amſterdam"
                    HPOS="255"
                    VPOS="476"
                    WIDTH="1404"
                    HEIGHT="76"
                    WC="0.9925253681010671"></String>
          </TextLine>
          <TextLine ID="eSc_line_21dfd6c3"
                    TAGREFS="LT33"
                    BASELINE="252 548 381 558 741 561" 
                    HPOS="251"
                    VPOS="514"
                    WIDTH="490"
                    HEIGHT="68">
            <Shape><Polygon POINTS="252 548 251 565 475 579 476 579 605 572 650 582 652 582 740 572 741 561 741 534 561 531 543 522 541 522 540 522 538 522 523 528 510 518 509 518 507 518 456 517 455 517 392 525 374 515 372 515 331 515 330 515 328 515 327 515 313 525 252 514 252 548"/></Shape>
            <String CONTENT="zum Druck defoͤrderr worden."
                    HPOS="251"
                    VPOS="514"
                    WIDTH="490"
                    HEIGHT="68"
                    WC="0.9896133967808315"></String>
          </TextLine>
          <TextLine ID="eSc_line_054eb0fc"
                    TAGREFS="LT33"
                    BASELINE="363 610 1079 609 1657 617" 
                    HPOS="361"
                    VPOS="564"
                    WIDTH="1296"
                    HEIGHT="69">
            <Shape><Polygon POINTS="363 610 361 619 436 629 438 630 673 630 673 629 675 629 693 622 778 630 779 630 825 623 899 630 900 630 937 623 984 630 985 630 1289 624 1351 633 1352 633 1656 626 1657 617 1654 573 1386 579 1351 569 1350 569 1348 569 1347 569 1333 575 1239 568 1237 568 1192 579 1106 579 999 566 998 566 886 575 873 566 872 566 870 566 869 566 826 573 802 566 801 566 799 566 798 566 796 566 784 575 710 565 709 565 659 575 577 565 575 565 503 575 363 564 363 610"/></Shape>
            <String CONTENT="In den Noͤmniſchen Martvrologio iſt an den 15. Octobris der Ramen An-"
                    HPOS="361"
                    VPOS="564"
                    WIDTH="1296"
                    HEIGHT="69"
                    WC="0.9886636785838915"></String>
          </TextLine>
          <TextLine ID="eSc_line_01efcda0"
                    TAGREFS="LT33"
                    BASELINE="252 637 507 651 1654 659" 
                    HPOS="251"
                    VPOS="606"
                    WIDTH="1403"
                    HEIGHT="71">
            <Shape><Polygon POINTS="758 610 757 610 755 610 733 620 615 613 614 613 511 619 252 606 252 637 251 657 487 670 673 671 675 671 738 663 994 674 995 674 1040 666 1057 674 1059 674 1060 674 1260 667 1274 676 1276 676 1277 676 1279 676 1280 676 1300 668 1348 677 1350 677 1415 668 1652 676 1654 659 1653 629 1527 620 1525 620 1419 626 1405 619 1403 619 1402 619 1325 626 1294 615 1293 615 1291 615 1290 615 1263 623 1239 616 1237 616 1236 616 1162 620 1151 613 1150 613 1148 613 1076 613 1074 613 1073 613 1042 623 972 612 971 612 913 622 887 615 886 615 884 615 784 620 760 610 758 610"/></Shape>
            <String CONTENT="relie Virginis zu finden. Bucelinus ſetzet gleichfalls in ſeinen Benedictineri-"
                    HPOS="251"
                    VPOS="606"
                    WIDTH="1403"
                    HEIGHT="71"
                    WC="0.991570662094068"></String>
          </TextLine>
          <TextLine ID="eSc_line_e2226fd8"
                    TAGREFS="LT33"
                    BASELINE="255 685 514 695 1654 702" 
                    HPOS="253"
                    VPOS="650"
                    WIDTH="1401"
                    HEIGHT="69">
            <Shape><Polygon POINTS="1264 657 1263 657 1172 659 1171 659 1144 668 1030 657 1029 657 940 667 913 654 911 654 910 654 860 664 826 654 825 654 823 654 785 661 747 654 737 654 730 653 611 664 528 657 527 657 408 663 380 651 378 651 255 650 255 685 253 702 578 714 579 714 867 708 986 717 988 717 1090 710 1121 718 1123 718 1124 718 1199 711 1239 718 1240 718 1289 711 1306 719 1307 719 1308 719 1310 719 1327 712 1652 715 1654 702 1653 670 1507 663 1506 663 1429 670 1401 659 1399 659 1398 659 1396 659 1369 671 1291 671 1266 657 1264 657"/></Shape>
            <String CONTENT="ſchen Menologio den Nahmen Aureliœ auf den 15. Octobris. Arnoldus vyi-"
                    HPOS="253"
                    VPOS="650"
                    WIDTH="1401"
                    HEIGHT="69"
                    WC="0.9977250252451215"></String>
          </TextLine>
          <TextLine ID="eSc_line_413c8241"
                    TAGREFS="LT33"
                    BASELINE="260 722 455 739 1654 748" 
                    HPOS="259"
                    VPOS="694"
                    WIDTH="1395"
                    HEIGHT="74">
            <Shape><Polygon POINTS="260 722 259 745 341 746 355 756 357 756 358 756 666 759 667 759 724 751 760 761 761 761 762 762 825 762 825 761 826 761 849 752 879 762 880 762 882 762 1019 753 1046 763 1047 763 1049 763 1090 756 1150 763 1151 763 1152 763 1174 755 1186 763 1188 763 1189 763 1191 763 1192 763 1208 756 1342 756 1362 766 1364 766 1365 766 1367 766 1396 758 1413 766 1415 766 1416 768 1653 768 1654 748 1653 717 1535 707 1534 707 1532 707 1510 715 1494 705 1493 705 1491 705 1490 705 1324 712 1300 704 1298 704 1297 704 1215 712 1177 702 1175 702 1174 702 1055 711 968 704 967 704 965 704 947 710 935 702 934 702 933 702 931 702 835 708 821 700 819 700 818 700 816 700 760 708 649 708 631 698 629 698 628 698 626 698 591 707 473 698 472 698 419 705 368 695 367 695 365 695 341 704 260 694 260 722"/></Shape>
            <String CONTENT="n in ſeinen Buch, (lignum vita) glaubet, daß dieſe Aurelia, ſo zu St. Emme⸗"
                    HPOS="259"
                    VPOS="694"
                    WIDTH="1395"
                    HEIGHT="74"
                    WC="0.9945024045308432"></String>
          </TextLine>
          <TextLine ID="eSc_line_dc25d43e"
                    TAGREFS="LT33"
                    BASELINE="253 768 450 782 1653 792" 
                    HPOS="252"
                    VPOS="738"
                    WIDTH="1401"
                    HEIGHT="72">
            <Shape><Polygon POINTS="253 768 252 789 367 799 368 799 638 795 666 802 667 802 669 802 670 802 672 802 682 796 887 803 889 803 935 796 982 804 984 804 1080 797 1307 807 1308 807 1347 800 1466 809 1467 809 1469 809 1498 802 1564 810 1565 810 1652 806 1653 792 1650 756 1593 761 1566 751 1565 751 1564 751 1562 751 1524 761 1459 759 1440 749 1439 749 1437 749 1358 756 1344 748 1342 748 1341 748 1164 746 1162 746 1161 746 1159 746 1144 756 1125 749 1124 749 1123 749 1121 749 1097 756 1025 745 1023 745 1022 745 985 755 811 755 796 745 795 745 794 745 792 745 791 745 765 752 741 744 740 744 738 744 646 751 626 742 625 742 623 742 622 742 604 752 513 752 458 741 456 741 385 749 350 738 348 738 347 738 313 745 253 738 253 768"/></Shape>
            <String CONTENT="ram begraben uget, eben diejenige ſeye, welche vermoͤg Roͤmiſchen Martrrologii"
                    HPOS="252"
                    VPOS="738"
                    WIDTH="1401"
                    HEIGHT="72"
                    WC="0.9848541602110251"></String>
          </TextLine>
          <TextLine ID="eSc_line_e150e242"
                    TAGREFS="LT33"
                    BASELINE="252 809 353 820 548 826 1654 833" 
                    HPOS="251"
                    VPOS="782"
                    WIDTH="1403"
                    HEIGHT="68">
            <Shape><Polygon POINTS="1496 792 1494 792 1477 800 1422 800 1347 790 1345 790 1344 790 1315 799 1286 790 1284 790 1283 790 1212 797 1116 787 1114 787 974 796 943 786 941 786 940 786 839 795 672 795 655 786 653 786 652 786 452 792 391 782 389 782 341 790 252 782 252 809 251 833 428 843 429 843 711 837 779 846 781 846 846 838 992 847 994 847 1090 840 1137 848 1138 848 1199 841 1286 841 1298 850 1300 850 1301 850 1303 850 1304 850 1334 843 1362 850 1364 850 1365 850 1653 847 1654 833 1653 802 1497 792 1496 792"/></Shape>
            <String CONTENT="in 15. Octobris verehret wird. Beſihe auch Hundinm in Metropoli Salis-"
                    HPOS="251"
                    VPOS="782"
                    WIDTH="1403"
                    HEIGHT="68"
                    WC="0.9867610556738717"></String>
          </TextLine>
          <TextLine ID="eSc_line_03fda077"
                    TAGREFS="LT33"
                    BASELINE="251 848 328 864 458 868 1592 877" 
                    HPOS="249"
                    VPOS="824"
                    WIDTH="1343"
                    HEIGHT="74">
            <Shape><Polygon POINTS="249 877 511 890 513 890 697 882 724 891 726 891 727 891 849 884 876 891 877 891 879 891 943 884 1589 898 1592 877 1591 847 1385 846 1351 834 1350 834 1348 834 1253 841 1228 833 1226 833 1225 833 1223 833 1182 843 1104 831 1030 831 1029 831 1028 831 1026 831 1011 841 947 833 945 833 944 833 926 841 791 841 758 830 757 830 755 830 707 838 660 830 659 830 657 830 632 838 543 831 541 831 502 837 487 829 486 829 484 829 483 829 346 836 252 824 251 848 249 877"/></Shape>
            <String CONTENT="ſurg. tom. II. pag. 367. Raderum tom. II. Bavarig Sanctœ. pag. 162."
                    HPOS="249"
                    VPOS="824"
                    WIDTH="1343"
                    HEIGHT="74"
                    WC="0.9854350472564128"></String>
          </TextLine>
          <TextLine ID="eSc_line_eb5c6365"
                    TAGREFS="LT33"
                    BASELINE="361 922 923 922 1652 932" 
                    HPOS="360"
                    VPOS="877"
                    WIDTH="1292"
                    HEIGHT="73">
            <Shape><Polygon POINTS="361 922 360 933 1486 950 1487 950 1650 943 1652 932 1650 895 1396 885 1395 885 1321 894 1297 884 1296 884 1294 884 1168 891 1135 882 1134 882 1133 882 1005 891 989 881 988 881 986 881 985 881 825 890 714 880 713 880 711 880 677 888 608 878 606 878 550 887 499 887 486 877 484 877 483 877 482 877 432 884 361 877 361 922"/></Shape>
            <String CONTENT="Die Carelen S. Andrer, von welcher zu Ende dieſes Capitels Meldung ae⸗"
                    HPOS="360"
                    VPOS="877"
                    WIDTH="1292"
                    HEIGHT="73"
                    WC="0.978820349063192"></String>
          </TextLine>
          <TextLine ID="eSc_line_e23f2495"
                    TAGREFS="LT33"
                    BASELINE="248 946 431 963 1653 976" 
                    HPOS="246"
                    VPOS="918"
                    WIDTH="1407"
                    HEIGHT="76">
            <Shape><Polygon POINTS="707 924 706 924 704 924 680 936 614 936 585 925 584 925 582 925 581 925 555 933 429 925 428 925 381 932 361 922 360 922 358 921 355 919 354 919 248 918 248 946 246 967 499 983 762 986 764 986 816 977 855 987 856 987 857 987 908 979 999 989 1001 989 1002 989 1033 979 1118 990 1120 990 1184 982 1399 982 1429 994 1430 994 1432 994 1652 987 1653 976 1652 948 1561 948 1532 938 1531 938 1530 938 1422 942 1408 935 1406 935 1405 935 1342 942 1284 931 1283 931 1137 941 1096 929 1094 929 1057 928 1056 928 1055 928 1053 928 1039 936 957 926 955 926 954 926 928 935 890 926 889 926 754 936 709 924 707 924"/></Shape>
            <String CONTENT="ſchiehet, iſt nit mehr zu ſehen, maſſen ſeiber Hlatz gantz oͤd, und anietzo znu einer"
                    HPOS="246"
                    VPOS="918"
                    WIDTH="1407"
                    HEIGHT="76"
                    WC="0.9952424680485444"></String>
          </TextLine>
          <TextLine ID="eSc_line_0a8efc59"
                    TAGREFS="LT33"
                    BASELINE="253 993 520 1009 1435 1013 1652 1020" 
                    HPOS="252"
                    VPOS="963"
                    WIDTH="1400"
                    HEIGHT="68">
            <Shape><Polygon POINTS="1365 973 1291 983 1226 972 1225 972 1145 980 1077 972 1076 972 1074 972 1073 972 1062 979 1042 970 1040 970 1039 970 984 980 967 972 965 972 964 972 859 979 825 969 823 969 822 969 821 969 798 979 683 979 625 966 623 966 622 966 589 976 401 976 348 963 253 963 253 993 252 1014 1649 1031 1652 1020 1650 986 1420 986 1367 973 1365 973"/></Shape>
            <String CONTENT="Holtzleg dienen mng Wegen dieſer Capellen hatte das Eloſter S. Emmerami mit"
                    HPOS="252"
                    VPOS="963"
                    WIDTH="1400"
                    HEIGHT="68"
                    WC="0.9821625153223673"></String>
          </TextLine>
          <TextLine ID="eSc_line_c2334cf1"
                    TAGREFS="LT33"
                    BASELINE="246 1028 363 1044 523 1051 1649 1061" 
                    HPOS="245"
                    VPOS="1004"
                    WIDTH="1404"
                    HEIGHT="73">
            <Shape><Polygon POINTS="540 1010 472 1017 428 1009 248 1004 246 1028 245 1055 344 1067 346 1067 385 1060 404 1067 405 1067 406 1067 730 1064 747 1071 748 1071 750 1071 859 1065 927 1072 928 1072 994 1064 1167 1075 1168 1075 1253 1067 1314 1077 1315 1077 1317 1077 1345 1068 1372 1077 1374 1077 1375 1077 1376 1077 1396 1070 1646 1077 1649 1061 1647 1030 1547 1021 1545 1021 1401 1027 1384 1016 1382 1016 1381 1016 1379 1016 1272 1017 1270 1017 1256 1024 1237 1014 1236 1014 1185 1014 1184 1014 1182 1014 1159 1024 1123 1013 1121 1013 1120 1013 1118 1013 1087 1020 1028 1014 1026 1014 1025 1014 1023 1014 1011 1023 962 1013 961 1013 923 1021 887 1013 886 1013 884 1013 833 1020 809 1011 808 1011 806 1011 805 1011 804 1011 789 1020 649 1013 648 1013 602 1018 541 1010 540 1010"/></Shape>
            <String CONTENT="Enen Tirl. von Negenſpurg groſſen Ctrut Sie iſt geſtanden gleich an der Eradr⸗"
                    HPOS="245"
                    VPOS="1004"
                    WIDTH="1404"
                    HEIGHT="73"
                    WC="0.9840267086640383"></String>
          </TextLine>
          <TextLine ID="eSc_line_31b69282"
                    TAGREFS="LT33"
                    BASELINE="249 1072 358 1088 452 1092 1029 1094 1649 1106" 
                    HPOS="248"
                    VPOS="1045"
                    WIDTH="1401"
                    HEIGHT="78">
            <Shape><Polygon POINTS="1069 1057 1067 1057 1066 1057 974 1064 883 1064 866 1055 857 1055 853 1054 825 1062 754 1062 737 1054 730 1054 727 1054 713 1061 493 1060 251 1045 249 1072 248 1094 399 1106 401 1106 733 1105 779 1112 781 1112 852 1104 938 1113 940 1113 941 1113 968 1106 1104 1115 1106 1115 1209 1109 1270 1119 1272 1119 1273 1119 1291 1111 1357 1111 1411 1121 1412 1121 1413 1121 1437 1113 1476 1122 1477 1122 1581 1116 1646 1123 1649 1106 1646 1067 1559 1074 1481 1064 1480 1064 1355 1070 1263 1060 1262 1060 1175 1068 1165 1061 1164 1061 1162 1061 1161 1061 1082 1065 1070 1057 1069 1057"/></Shape>
            <String CONTENT="Maner unweit unſers dermahugen Convent-Gartens, nebſt den Thurn wo der"
                    HPOS="248"
                    VPOS="1045"
                    WIDTH="1401"
                    HEIGHT="78"
                    WC="0.9955652347632817"></String>
          </TextLine>
          <TextLine ID="eSc_line_afb50662"
                    TAGREFS="LT33"
                    BASELINE="249 1113 338 1130 448 1136 1476 1140" 
                    HPOS="249"
                    VPOS="1091"
                    WIDTH="1227"
                    HEIGHT="71">
            <Shape><Polygon POINTS="1367 1101 1352 1101 1338 1101 1273 1108 1218 1099 1216 1099 1155 1106 1133 1098 1131 1098 1130 1098 1028 1106 1004 1095 1002 1095 1001 1095 999 1095 960 1106 901 1106 884 1095 883 1095 882 1095 880 1095 815 1105 747 1096 745 1096 744 1096 743 1096 733 1104 662 1096 660 1096 659 1096 657 1096 646 1105 543 1105 472 1094 470 1094 389 1102 251 1091 249 1113 249 1147 292 1147 306 1156 307 1156 309 1156 310 1156 459 1150 543 1157 544 1157 724 1150 775 1159 777 1159 1008 1152 1049 1160 1050 1160 1256 1155 1320 1162 1321 1162 1323 1162 1348 1155 1430 1162 1432 1162 1474 1153 1476 1140 1474 1109 1389 1109 1374 1101 1367 1101"/></Shape>
            <String CONTENT="oach von Pruͤel herein, in de ſogenannre L. V. Roß Cawemme lauſſer,"
                    HPOS="249"
                    VPOS="1091"
                    WIDTH="1227"
                    HEIGHT="71"
                    WC="0.9733482434678433"></String>
          </TextLine>
        </TextBlock>
        <TextBlock HPOS="51"
                   VPOS="657"
                   WIDTH="38"
                   HEIGHT="72"
                   ID="eSc_textblock_f9ea0a55"
                   TAGREFS="BT42">
          <Shape><Polygon POINTS="58 657 89 663 89 707 51 729 58 657"/></Shape>
          <TextLine ID="eSc_line_518e89d7"
                    TAGREFS="LT33"
                    BASELINE="55 680 76 678" 
                    HPOS="53"
                    VPOS="659"
                    WIDTH="23"
                    HEIGHT="38">
            <Shape><Polygon POINTS="68 659 53 664 55 680 56 697 76 691 76 678 72 659 68 659"/></Shape>
            <String CONTENT="."
                    HPOS="53"
                    VPOS="659"
                    WIDTH="23"
                    HEIGHT="38"
                    WC="0.9924972057342529"></String>
          </TextLine>
        </TextBlock>
        <TextBlock HPOS="39"
                   VPOS="744"
                   WIDTH="50"
                   HEIGHT="25"
                   ID="eSc_textblock_5948f62b"
                   TAGREFS="BT42">
          <Shape><Polygon POINTS="72 744 89 769 39 769 45 748 72 744"/></Shape>
          <TextLine ID="eSc_line_30bd03c4"
                    TAGREFS="LT33"
                    BASELINE="49 766 76 766" 
                    HPOS="49"
                    VPOS="766"
                    WIDTH="27"
                    HEIGHT="20">
            <Shape><Polygon POINTS="49 786 76 785 76 766 63 766 49 766 49 786"/></Shape>
            <String CONTENT=""
                    HPOS="49"
                    VPOS="766"
                    WIDTH="27"
                    HEIGHT="20"
                    WC="0.8421140313148499"></String>
          </TextLine>
        </TextBlock>
        <TextBlock HPOS="34"
                   VPOS="787"
                   WIDTH="49"
                   HEIGHT="27"
                   ID="eSc_textblock_dbf20eb8"
                   TAGREFS="BT42">
          <Shape><Polygon POINTS="51 787 83 787 83 809 45 814 34 799 51 787"/></Shape>
          <TextLine ID="eSc_line_944d6f80"
                    TAGREFS="LT33"
                    BASELINE="59 806 75 806" 
                    HPOS="59"
                    VPOS="787"
                    WIDTH="16"
                    HEIGHT="37">
            <Shape><Polygon POINTS="73 787 59 787 59 806 59 824 75 823 75 806 75 787 73 787"/></Shape>
            <String CONTENT="1"
                    HPOS="59"
                    VPOS="787"
                    WIDTH="16"
                    HEIGHT="37"
                    WC="0.9995958209037781"></String>
          </TextLine>
        </TextBlock>
        <TextBlock HPOS="39"
                   VPOS="873"
                   WIDTH="44"
                   HEIGHT="26"
                   ID="eSc_textblock_1284ef04"
                   TAGREFS="BT42">
          <Shape><Polygon POINTS="51 873 83 873 83 894 39 899 51 873"/></Shape>
          <TextLine ID="eSc_line_0004df8e"
                    TAGREFS="LT33"
                    BASELINE="51 892 75 891" 
                    HPOS="49"
                    VPOS="873"
                    WIDTH="26"
                    HEIGHT="32">
            <Shape><Polygon POINTS="63 873 49 873 51 892 51 905 75 904 75 891 72 873 63 873"/></Shape>
            <String CONTENT="11"
                    HPOS="49"
                    VPOS="873"
                    WIDTH="26"
                    HEIGHT="32"
                    WC="0.9995933473110199"></String>
          </TextLine>
        </TextBlock>
        <TextBlock HPOS="28"
                   VPOS="907"
                   WIDTH="61"
                   HEIGHT="72"
                   ID="eSc_textblock_667c188b"
                   TAGREFS="BT42">
          <Shape><Polygon POINTS="58 907 89 918 77 979 39 979 51 952 28 939 58 907"/></Shape>
          <TextLine ID="eSc_line_63df7770"
                    TAGREFS="LT33"
                    BASELINE="56 933 68 933" 
                    HPOS="56"
                    VPOS="907"
                    WIDTH="12"
                    HEIGHT="43">
            <Shape><Polygon POINTS="56 907 56 933 56 950 68 948 68 933 68 909 56 907"/></Shape>
            <String CONTENT=""
                    HPOS="56"
                    VPOS="907"
                    WIDTH="12"
                    HEIGHT="43"
                    WC="0.9999998807907104"></String>
          </TextLine>
          <TextLine ID="eSc_line_ec08303e"
                    TAGREFS="LT33"
                    BASELINE="55 976 66 976" 
                    HPOS="55"
                    VPOS="976"
                    WIDTH="11"
                    HEIGHT="20">
            <Shape><Polygon POINTS="55 996 66 994 66 976 55 976 55 996"/></Shape>
            <String CONTENT="-"
                    HPOS="55"
                    VPOS="976"
                    WIDTH="11"
                    HEIGHT="20"
                    WC="0.9897749423980713"></String>
          </TextLine>
        </TextBlock>
        <TextBlock HPOS="45"
                   VPOS="1173"
                   WIDTH="32"
                   HEIGHT="27"
                   ID="eSc_textblock_c777c8da"
                   TAGREFS="BT42">
          <Shape><Polygon POINTS="51 1173 77 1173 77 1194 45 1200 51 1173"/></Shape>
          <TextLine ID="eSc_line_37b9756a"
                    TAGREFS="LT33"
                    BASELINE="51 1191 66 1191" 
                    HPOS="51"
                    VPOS="1173"
                    WIDTH="15"
                    HEIGHT="35">
            <Shape><Polygon POINTS="65 1173 51 1173 51 1191 51 1208 66 1208 66 1191 66 1173 65 1173"/></Shape>
            <String CONTENT=","
                    HPOS="51"
                    VPOS="1173"
                    WIDTH="15"
                    HEIGHT="35"
                    WC="0.9997349381446838"></String>
          </TextLine>
        </TextBlock>
        <TextBlock HPOS="28"
                   VPOS="1213"
                   WIDTH="49"
                   HEIGHT="72"
                   ID="eSc_textblock_c547d686"
                   TAGREFS="BT42">
          <Shape><Polygon POINTS="58 1213 77 1218 72 1279 45 1285 28 1224 58 1213"/></Shape>
          <TextLine ID="eSc_line_4efaffeb"
                    TAGREFS="LT33"
                    BASELINE="36 1235 70 1235" 
                    HPOS="36"
                    VPOS="1214"
                    WIDTH="34"
                    HEIGHT="40">
            <Shape><Polygon POINTS="65 1214 51 1214 36 1220 36 1235 36 1254 70 1251 70 1235 69 1214 65 1214"/></Shape>
            <String CONTENT="2-"
                    HPOS="36"
                    VPOS="1214"
                    WIDTH="34"
                    HEIGHT="40"
                    WC="0.9998704493045807"></String>
          </TextLine>
        </TextBlock>
        <TextBlock HPOS="17"
                   VPOS="1383"
                   WIDTH="55"
                   HEIGHT="32"
                   ID="eSc_textblock_7482dfa3"
                   TAGREFS="BT42">
          <Shape><Polygon POINTS="62 1383 72 1415 17 1410 22 1388 62 1383"/></Shape>
          <TextLine ID="eSc_line_15a2b1b5"
                    TAGREFS="LT33"
                    BASELINE="28 1408 66 1407" 
                    HPOS="26"
                    VPOS="1383"
                    WIDTH="40"
                    HEIGHT="44">
            <Shape><Polygon POINTS="55 1384 49 1383 41 1384 26 1405 28 1408 28 1427 66 1421 66 1407 65 1404 55 1384"/></Shape>
            <String CONTENT="r."
                    HPOS="26"
                    VPOS="1383"
                    WIDTH="40"
                    HEIGHT="44"
                    WC="0.9999390244483948"></String>
          </TextLine>
        </TextBlock>
        <TextBlock HPOS="226"
                   VPOS="1286"
                   WIDTH="1428"
                   HEIGHT="963"
                   ID="eSc_textblock_e8048530"
                   TAGREFS="BT42">
          <Shape><Polygon POINTS="704 1286 1257 1292 1286 1303 1308 1360 1287 1411 1507 1434 1558 1462 1575 1513 1558 1540 1620 1558 1654 1604 1632 2249 1263 2226 930 2249 877 2203 226 2169 226 1547 283 1523 306 1411 486 1400 550 1370 578 1303 704 1286"/></Shape>
          <TextLine ID="eSc_line_07f81cca"
                    TAGREFS="LT33"
                    BASELINE="604 1380 1283 1384" 
                    HPOS="602"
                    VPOS="1286"
                    WIDTH="681"
                    HEIGHT="122">
            <Shape><Polygon POINTS="1228 1291 1215 1291 1181 1296 1147 1291 1142 1291 1128 1291 1114 1289 1100 1289 1091 1289 1067 1305 1040 1289 1029 1289 1015 1289 1012 1289 1001 1292 884 1288 883 1288 882 1288 846 1298 806 1286 802 1286 794 1286 772 1303 760 1293 758 1293 757 1293 755 1293 724 1295 723 1295 721 1295 721 1296 694 1319 604 1319 604 1380 602 1395 629 1405 631 1405 632 1405 633 1405 662 1397 716 1397 727 1405 728 1405 730 1405 731 1405 799 1397 811 1405 812 1405 813 1405 815 1405 883 1398 907 1407 908 1407 910 1407 950 1398 957 1404 957 1405 958 1405 960 1405 1077 1408 1079 1408 1080 1408 1082 1408 1091 1401 1161 1408 1162 1408 1164 1408 1186 1400 1194 1407 1194 1408 1195 1408 1196 1408 1198 1408 1232 1401 1280 1408 1283 1384 1283 1312 1230 1291 1228 1291"/></Shape>
            <String CONTENT="CAPUTXX."
                    HPOS="602"
                    VPOS="1286"
                    WIDTH="681"
                    HEIGHT="122"
                    WC="0.9900588542222977"></String>
          </TextLine>
          <TextLine ID="eSc_line_11b15c69"
                    TAGREFS="LT33"
                    BASELINE="316 1480 901 1500 1555 1500" 
                    HPOS="314"
                    VPOS="1414"
                    WIDTH="1241"
                    HEIGHT="113">
            <Shape><Polygon POINTS="1549 1458 1537 1449 1350 1448 1320 1429 1318 1429 1317 1429 1272 1428 1270 1428 1269 1428 1226 1445 1192 1445 1167 1428 1165 1428 1164 1428 1162 1428 1161 1428 1124 1442 1103 1427 1101 1427 1100 1427 991 1424 989 1424 988 1424 927 1441 812 1441 777 1424 775 1424 745 1422 744 1422 743 1422 718 1434 700 1420 699 1420 697 1420 696 1420 694 1420 632 1435 581 1428 579 1428 578 1428 561 1435 521 1417 520 1417 519 1417 448 1429 384 1415 316 1414 316 1480 314 1496 458 1510 459 1510 460 1510 483 1500 599 1507 601 1507 602 1507 615 1502 657 1517 659 1517 660 1517 751 1510 805 1520 806 1522 899 1522 899 1520 900 1520 926 1509 1001 1523 1002 1523 1004 1523 1042 1512 1104 1524 1106 1524 1236 1512 1310 1520 1311 1520 1354 1513 1369 1524 1371 1524 1372 1524 1408 1527 1409 1527 1459 1516 1521 1524 1523 1524 1554 1517 1555 1500 1549 1458 1549 1458"/></Shape>
            <String CONTENT="Von der ſeeligen Koͤnigin Hemma."
                    HPOS="314"
                    VPOS="1414"
                    WIDTH="1241"
                    HEIGHT="113"
                    WC="0.9873908292502165"></String>
          </TextLine>
          <TextLine ID="eSc_line_747bc429"
                    TAGREFS="LT33"
                    BASELINE="321 1595 1642 1624" 
                    HPOS="320"
                    VPOS="1546"
                    WIDTH="1322"
                    HEIGHT="96">
            <Shape><Polygon POINTS="1640 1588 1635 1580 1574 1568 1463 1568 1462 1568 1460 1568 1428 1577 1411 1566 1409 1566 1408 1566 1406 1566 1311 1575 1255 1563 1253 1563 1252 1563 1223 1573 1201 1563 1199 1563 1198 1563 1133 1571 1101 1558 1100 1558 1045 1557 1043 1557 957 1567 947 1560 945 1560 944 1560 845 1557 843 1557 721 1563 677 1551 676 1551 675 1551 640 1558 628 1550 626 1550 625 1550 623 1550 622 1550 589 1558 572 1547 571 1547 570 1547 517 1546 516 1546 465 1557 321 1554 321 1595 320 1614 900 1618 940 1628 941 1628 1046 1622 1116 1632 1117 1632 1167 1625 1372 1628 1385 1638 1386 1638 1388 1638 1389 1638 1432 1632 1442 1639 1443 1639 1445 1639 1446 1639 1552 1635 1574 1642 1575 1642 1576 1642 1640 1634 1642 1624 1642 1590 1640 1588"/></Shape>
            <String CONTENT="Emma ein Gemahlin Ludorici des andern, Germanicigenandt Ko⸗"
                    HPOS="320"
                    VPOS="1546"
                    WIDTH="1322"
                    HEIGHT="96"
                    WC="0.9942595746557591"></String>
          </TextLine>
          <TextLine ID="eSc_line_109b0a54"
                    TAGREFS="LT33"
                    BASELINE="341 1653 1640 1676" 
                    HPOS="340"
                    VPOS="1607"
                    WIDTH="1300"
                    HEIGHT="85">
            <Shape><Polygon POINTS="341 1653 340 1668 1637 1692 1640 1676 1639 1638 1514 1626 1513 1626 1324 1632 1308 1621 1307 1621 1306 1621 1304 1621 1303 1621 1266 1631 1236 1619 1235 1619 1233 1619 1154 1629 1072 1617 951 1615 950 1615 948 1615 910 1625 745 1611 744 1611 667 1621 645 1609 643 1609 642 1609 594 1619 551 1608 550 1608 548 1608 494 1617 473 1607 472 1607 470 1607 469 1607 448 1615 341 1609 341 1653"/></Shape>
            <String CONTENT="ngs in Bayrn, gebuͤrtig aus Hiſpanien, Selenderus will, ſte ſey"
                    HPOS="340"
                    VPOS="1607"
                    WIDTH="1300"
                    HEIGHT="85"
                    WC="0.9901247951719496"></String>
          </TextLine>
          <TextLine ID="eSc_line_5bb4fcfe"
                    TAGREFS="LT33"
                    BASELINE="346 1703 1636 1729" 
                    HPOS="344"
                    VPOS="1659"
                    WIDTH="1292"
                    HEIGHT="88">
            <Shape><Polygon POINTS="346 1703 344 1714 441 1726 442 1726 486 1719 500 1726 502 1726 503 1726 622 1723 703 1731 704 1731 914 1727 992 1737 994 1737 1028 1730 1172 1740 1174 1740 1276 1734 1300 1743 1301 1743 1303 1743 1304 1743 1334 1736 1347 1744 1348 1744 1350 1744 1351 1744 1411 1737 1493 1747 1494 1747 1635 1744 1636 1729 1635 1694 1578 1694 1559 1685 1558 1685 1557 1685 1481 1690 1416 1677 1415 1677 1351 1689 1311 1676 1310 1676 1308 1676 1235 1680 1206 1673 1205 1673 1203 1673 1067 1683 1023 1683 991 1669 989 1669 988 1669 986 1669 957 1680 941 1669 940 1669 938 1669 937 1669 935 1669 906 1680 850 1680 755 1665 754 1665 704 1675 646 1663 645 1663 513 1670 460 1659 459 1659 346 1668 346 1703"/></Shape>
            <String CONTENT="aus Franckreich geweſen, ein Frau mit allen Tugenden geziert,"
                    HPOS="344"
                    VPOS="1659"
                    WIDTH="1292"
                    HEIGHT="88"
                    WC="0.9929824891637583"></String>
          </TextLine>
          <TextLine ID="eSc_line_0779adec"
                    TAGREFS="LT33"
                    BASELINE="232 1731 292 1737 354 1753 523 1760 1637 1777" 
                    HPOS="231"
                    VPOS="1706"
                    WIDTH="1406"
                    HEIGHT="93">
            <Shape><Polygon POINTS="232 1731 231 1764 371 1765 405 1780 406 1780 408 1780 409 1780 439 1770 502 1781 503 1781 605 1774 662 1784 663 1784 665 1784 699 1775 795 1787 796 1787 947 1781 1002 1789 1004 1789 1005 1789 1038 1781 1147 1792 1148 1792 1150 1792 1182 1781 1245 1794 1402 1797 1403 1797 1446 1789 1467 1798 1469 1798 1470 1798 1549 1792 1588 1799 1589 1799 1636 1791 1637 1777 1637 1744 1385 1740 1369 1731 1368 1731 1367 1731 1328 1737 1267 1723 1266 1723 1142 1734 1120 1720 1118 1720 1117 1720 1116 1720 1033 1733 992 1733 972 1720 971 1720 969 1720 968 1720 967 1720 926 1730 866 1719 865 1719 804 1729 660 1714 659 1714 657 1714 625 1726 526 1712 524 1712 438 1721 411 1709 409 1709 232 1706 232 1731"/></Shape>
            <String CONTENT="und die ihr nichts mehrers angelegen ſeyn lieſſe, als zedermann guts zu⸗"
                    HPOS="231"
                    VPOS="1706"
                    WIDTH="1406"
                    HEIGHT="93"
                    WC="0.9828621505035294"></String>
          </TextLine>
          <TextLine ID="eSc_line_c901ca5b"
                    TAGREFS="LT33"
                    BASELINE="236 1781 302 1785 337 1798" 
                    HPOS="235"
                    VPOS="1736"
                    WIDTH="105"
                    HEIGHT="70">
            <Shape><Polygon POINTS="236 1781 235 1791 334 1806 337 1798 340 1764 241 1736 236 1781"/></Shape>
            <String CONTENT="hun."
                    HPOS="235"
                    VPOS="1736"
                    WIDTH="105"
                    HEIGHT="70"
                    WC="0.9999110549688339"></String>
          </TextLine>
          <TextLine ID="eSc_line_f3c6bf44"
                    TAGREFS="LT33"
                    BASELINE="347 1798 517 1812 1637 1828" 
                    HPOS="346"
                    VPOS="1764"
                    WIDTH="1291"
                    HEIGHT="85">
            <Shape><Polygon POINTS="347 1798 346 1819 503 1823 537 1833 538 1833 540 1833 754 1828 778 1836 779 1836 781 1836 782 1836 813 1828 952 1839 954 1839 1062 1832 1086 1842 1087 1842 1089 1842 1134 1833 1228 1843 1229 1843 1547 1842 1596 1849 1598 1849 1599 1849 1636 1839 1637 1828 1636 1791 1477 1791 1440 1781 1439 1781 1437 1781 1382 1788 1341 1780 1340 1780 1338 1780 1323 1787 1283 1780 1281 1780 1253 1785 1232 1778 1230 1778 1229 1778 1194 1785 1087 1775 1086 1775 1050 1782 972 1782 961 1774 960 1774 958 1774 957 1774 815 1780 754 1771 753 1771 642 1777 628 1768 626 1768 625 1768 623 1768 477 1774 347 1764 347 1798"/></Shape>
            <String CONTENT="oder wenigiſt gutes zu wuͤnſchen: Gonderbar aber hat ſie ihre"
                    HPOS="346"
                    VPOS="1764"
                    WIDTH="1291"
                    HEIGHT="85"
                    WC="0.9931271535451295"></String>
          </TextLine>
          <TextLine ID="eSc_line_c9624325"
                    TAGREFS="LT33"
                    BASELINE="236 1839 300 1839 399 1857 492 1863 1635 1876" 
                    HPOS="235"
                    VPOS="1808"
                    WIDTH="1400"
                    HEIGHT="89">
            <Shape><Polygon POINTS="236 1839 235 1869 445 1873 528 1886 530 1886 608 1876 745 1889 747 1889 806 1882 860 1890 1015 1891 1016 1891 1079 1883 1130 1893 1131 1893 1172 1886 1412 1897 1413 1897 1510 1886 1535 1897 1537 1897 1538 1897 1633 1890 1635 1876 1635 1839 1609 1832 1608 1832 1606 1832 1605 1832 1576 1842 1541 1831 1540 1831 1538 1831 1537 1831 1501 1840 1449 1832 1447 1832 1303 1839 1264 1828 1263 1828 1262 1828 1120 1836 1023 1821 1022 1821 1021 1821 994 1832 960 1826 958 1826 879 1833 852 1819 850 1819 849 1819 757 1828 713 1818 711 1818 710 1818 663 1831 626 1819 625 1819 623 1819 622 1819 602 1831 557 1831 412 1809 236 1808 236 1839"/></Shape>
            <String CONTENT="rengediskeit gegen den Geiſtlich⸗ und GOrt geweyhten erwiſen. Maſ⸗"
                    HPOS="235"
                    VPOS="1808"
                    WIDTH="1400"
                    HEIGHT="89"
                    WC="0.9764699529517781"></String>
          </TextLine>
          <TextLine ID="eSc_line_85295cfa"
                    TAGREFS="LT33"
                    BASELINE="228 1884 287 1887" 
                    HPOS="226"
                    VPOS="1852"
                    WIDTH="61"
                    HEIGHT="52">
            <Shape><Polygon POINTS="228 1884 226 1901 285 1904 287 1887 287 1855 229 1852 228 1884"/></Shape>
            <String CONTENT="en"
                    HPOS="226"
                    VPOS="1852"
                    WIDTH="61"
                    HEIGHT="52"
                    WC="0.9999902248382568"></String>
          </TextLine>
          <TextLine ID="eSc_line_8c53408d"
                    TAGREFS="LT33"
                    BASELINE="314 1894 537 1916 1630 1927" 
                    HPOS="313"
                    VPOS="1866"
                    WIDTH="1317"
                    HEIGHT="84">
            <Shape><Polygon POINTS="314 1894 313 1920 465 1923 504 1934 506 1934 507 1934 882 1930 935 1940 937 1940 986 1930 1042 1940 1043 1940 1104 1935 1113 1943 1114 1943 1116 1943 1117 1943 1226 1935 1296 1944 1297 1944 1344 1937 1374 1945 1375 1945 1376 1945 1378 1945 1413 1935 1454 1947 1456 1947 1457 1947 1510 1941 1538 1948 1540 1948 1541 1948 1542 1948 1562 1938 1576 1948 1578 1948 1579 1948 1581 1950 1629 1950 1630 1927 1630 1893 1595 1882 1593 1882 1592 1882 1528 1891 1481 1880 1480 1880 1479 1880 1423 1890 1335 1890 1300 1877 1298 1877 1297 1877 1223 1887 1171 1876 1169 1876 1168 1876 1138 1886 1083 1874 1082 1874 964 1883 806 1870 805 1870 804 1870 784 1882 745 1882 704 1870 703 1870 701 1870 650 1879 623 1869 622 1869 621 1869 500 1877 432 1866 431 1866 314 1867 314 1894"/></Shape>
            <String CONTENT="ie dann emen Tauſch mit Barurico Biſchoffen allhie getroffen, ih⸗"
                    HPOS="313"
                    VPOS="1866"
                    WIDTH="1317"
                    HEIGHT="84"
                    WC="0.9901443563974821"></String>
          </TextLine>
          <TextLine ID="eSc_line_bf7ea895"
                    TAGREFS="LT33"
                    BASELINE="238 1935 384 1958 517 1965 1630 1981" 
                    HPOS="236"
                    VPOS="1908"
                    WIDTH="1394"
                    HEIGHT="93">
            <Shape><Polygon POINTS="238 1935 236 1965 372 1967 458 1982 459 1982 511 1975 540 1984 541 1984 543 1984 755 1979 791 1988 792 1988 894 1989 896 1989 897 1989 899 1989 910 1982 951 1989 952 1989 1016 1979 1052 1989 1053 1989 1055 1989 1155 1982 1286 1985 1317 1996 1318 1996 1320 1996 1359 1988 1398 1998 1399 1998 1401 1998 1496 1991 1547 2001 1548 2001 1629 1996 1630 1981 1630 1945 1510 1930 1508 1930 1507 1930 1467 1940 1439 1928 1437 1928 1436 1928 1379 1938 1351 1927 1350 1927 1348 1927 1298 1934 1266 1926 1264 1926 1263 1926 1262 1926 1228 1935 1131 1935 1107 1924 1106 1924 1104 1924 1103 1924 1074 1934 971 1926 969 1926 890 1931 850 1921 849 1921 848 1921 737 1928 646 1920 645 1920 643 1920 626 1927 238 1908 238 1935"/></Shape>
            <String CONTENT="ie das Cloſter Manſee uͤberlaſſen, und darfuͤr das Stifft Ober⸗Maͤn⸗"
                    HPOS="236"
                    VPOS="1908"
                    WIDTH="1394"
                    HEIGHT="93"
                    WC="0.9877481337855843"></String>
          </TextLine>
          <TextLine ID="eSc_line_66e20605"
                    TAGREFS="LT33"
                    BASELINE="226 1984 290 1991" 
                    HPOS="224"
                    VPOS="1945"
                    WIDTH="68"
                    HEIGHT="63">
            <Shape><Polygon POINTS="226 1984 224 1998 286 2008 290 1991 292 1945 238 1954 226 1984"/></Shape>
            <String CONTENT="ter"
                    HPOS="224"
                    VPOS="1945"
                    WIDTH="68"
                    HEIGHT="63"
                    WC="0.8933889468510946"></String>
          </TextLine>
          <TextLine ID="eSc_line_056975b3"
                    TAGREFS="LT33"
                    BASELINE="304 1995 365 2008 574 2018 1633 2030" 
                    HPOS="303"
                    VPOS="1964"
                    WIDTH="1330"
                    HEIGHT="88">
            <Shape><Polygon POINTS="1028 1974 1026 1974 965 1974 964 1974 962 1974 944 1984 804 1975 802 1975 743 1981 727 1971 726 1971 724 1971 723 1971 721 1971 720 1971 706 1981 636 1981 614 1971 612 1971 611 1971 520 1978 304 1964 304 1995 303 2022 389 2030 391 2030 392 2030 416 2025 446 2035 448 2035 449 2035 502 2029 520 2037 521 2037 523 2037 524 2037 555 2030 643 2039 645 2039 706 2029 724 2040 726 2040 727 2040 728 2042 779 2042 779 2040 781 2040 804 2030 873 2042 874 2042 876 2042 916 2032 982 2032 1009 2043 1011 2043 1012 2043 1124 2035 1186 2043 1188 2043 1216 2037 1239 2047 1240 2047 1242 2047 1303 2037 1334 2049 1335 2049 1337 2049 1418 2042 1469 2050 1630 2052 1633 2030 1632 1994 1392 1991 1376 1979 1375 1979 1374 1979 1372 1979 1371 1979 1335 1989 1306 1978 1304 1978 1303 1978 1230 1985 1150 1977 1148 1977 1147 1977 1145 1977 1135 1984 1125 1975 1124 1975 1123 1975 1121 1975 1059 1984 1029 1974 1028 1974"/></Shape>
            <String CONTENT="emvfangen, daſſelde dereichet, und fuͤr Adeliche Fungfrauen gewid⸗"
                    HPOS="303"
                    VPOS="1964"
                    WIDTH="1330"
                    HEIGHT="88"
                    WC="0.9861766795317332"></String>
          </TextLine>
          <TextLine ID="eSc_line_22c29e95"
                    TAGREFS="LT33"
                    BASELINE="226 2030 302 2046" 
                    HPOS="222"
                    VPOS="1994"
                    WIDTH="85"
                    HEIGHT="70">
            <Shape><Polygon POINTS="226 2030 222 2047 269 2050 296 2064 302 2046 307 2002 269 1994 268 1994 242 1998 226 2030"/></Shape>
            <String CONTENT="net,"
                    HPOS="222"
                    VPOS="1994"
                    WIDTH="85"
                    HEIGHT="70"
                    WC="0.953995943069458"></String>
          </TextLine>
          <TextLine ID="eSc_line_9acdcb3a"
                    TAGREFS="LT33"
                    BASELINE="317 2049 438 2062 652 2070 1630 2083" 
                    HPOS="316"
                    VPOS="2015"
                    WIDTH="1314"
                    HEIGHT="88">
            <Shape><Polygon POINTS="317 2049 316 2073 389 2081 391 2081 425 2076 448 2086 449 2086 450 2087 587 2087 587 2086 588 2086 605 2079 628 2088 629 2088 631 2088 859 2086 940 2093 941 2093 943 2093 975 2084 995 2094 996 2094 998 2094 1137 2087 1192 2097 1194 2097 1243 2088 1554 2103 1555 2103 1629 2094 1630 2083 1629 2047 1555 2047 1537 2037 1535 2037 1534 2037 1452 2045 1382 2032 1381 2032 1379 2032 1344 2040 1317 2030 1315 2030 1314 2030 1235 2039 1220 2029 1219 2029 1218 2029 1084 2026 1083 2026 1040 2035 996 2026 995 2026 994 2026 964 2035 950 2025 948 2025 947 2025 945 2025 944 2025 903 2036 860 2025 859 2025 857 2025 734 2033 696 2020 694 2020 693 2020 629 2032 557 2020 555 2020 509 2028 477 2018 476 2018 475 2018 446 2023 317 2015 317 2049"/></Shape>
            <String CONTENT="damit ſie allda in Frommkeit, Zucht und Ehrbarkeit ſollen auferzo⸗"
                    HPOS="316"
                    VPOS="2015"
                    WIDTH="1314"
                    HEIGHT="88"
                    WC="0.9778154754277432"></String>
          </TextLine>
          <TextLine ID="eSc_line_9a76cad1"
                    TAGREFS="LT33"
                    BASELINE="229 2087 368 2108 584 2120 1623 2131" 
                    HPOS="228"
                    VPOS="2063"
                    WIDTH="1395"
                    HEIGHT="91">
            <Shape><Polygon POINTS="1321 2080 1320 2080 1318 2080 1317 2080 1286 2093 1215 2080 1213 2080 1131 2090 1077 2080 1076 2080 1074 2080 1057 2087 982 2086 955 2076 954 2076 952 2076 951 2076 923 2087 862 2074 860 2074 859 2074 816 2086 682 2086 669 2077 667 2077 666 2077 665 2077 626 2080 611 2070 609 2070 608 2070 513 2070 511 2070 510 2070 490 2080 466 2071 465 2071 463 2071 406 2077 380 2064 378 2064 229 2063 229 2087 228 2120 395 2121 431 2135 432 2135 433 2135 435 2135 436 2135 452 2125 489 2137 490 2137 492 2137 538 2130 628 2140 629 2140 631 2140 659 2132 677 2142 679 2142 680 2142 716 2137 782 2144 784 2144 785 2144 813 2131 867 2145 869 2145 870 2145 988 2140 1016 2147 1018 2147 1198 2148 1199 2148 1201 2148 1220 2138 1247 2151 1249 2151 1250 2151 1300 2144 1393 2151 1395 2151 1396 2151 1420 2144 1491 2154 1493 2154 1622 2141 1623 2131 1622 2086 1565 2097 1548 2088 1547 2088 1545 2088 1544 2088 1542 2088 1530 2097 1508 2090 1507 2090 1506 2090 1411 2094 1396 2086 1395 2086 1393 2086 1392 2086 1347 2094 1323 2080 1321 2080"/></Shape>
            <String CONTENT="en werden, und GOrr dienen. Ich finde aber nit, wer? und wann 10i⸗"
                    HPOS="228"
                    VPOS="2063"
                    WIDTH="1395"
                    HEIGHT="91"
                    WC="0.9892588438409747"></String>
          </TextLine>
          <TextLine ID="eSc_line_e54a195a"
                    TAGREFS="LT33"
                    BASELINE="232 2137 266 2138" 
                    HPOS="229"
                    VPOS="2093"
                    WIDTH="37"
                    HEIGHT="86">
            <Shape><Polygon POINTS="232 2137 229 2172 262 2179 266 2138 266 2100 232 2093 232 2137"/></Shape>
            <String CONTENT="."
                    HPOS="229"
                    VPOS="2093"
                    WIDTH="37"
                    HEIGHT="86"
                    WC="0.9998886585235596"></String>
          </TextLine>
          <TextLine ID="eSc_line_725dc401"
                    TAGREFS="LT33"
                    BASELINE="303 2155 682 2175 1629 2183" 
                    HPOS="302"
                    VPOS="2117"
                    WIDTH="1327"
                    HEIGHT="93">
            <Shape><Polygon POINTS="303 2155 302 2179 375 2181 435 2195 436 2195 680 2186 718 2198 720 2198 721 2198 723 2198 737 2191 767 2199 768 2199 770 2199 857 2193 920 2202 921 2202 923 2202 957 2191 1069 2205 1070 2205 1182 2196 1344 2209 1445 2210 1446 2210 1498 2199 1559 2210 1561 2210 1627 2199 1629 2183 1627 2137 1549 2148 1524 2138 1523 2138 1521 2138 1445 2147 1426 2137 1425 2137 1423 2137 1422 2137 1403 2142 1359 2135 1358 2135 1304 2144 1237 2137 1236 2137 1158 2142 1093 2132 1091 2132 1050 2140 977 2131 975 2131 781 2137 716 2127 714 2127 601 2134 568 2122 567 2122 565 2122 511 2127 476 2120 475 2120 424 2130 401 2118 399 2118 303 2117 303 2155"/></Shape>
            <String CONTENT="Stifft⸗ Jungfrauen Gewalt ertheult worden von der Cloſter⸗Regul"
                    HPOS="302"
                    VPOS="2117"
                    WIDTH="1327"
                    HEIGHT="93"
                    WC="0.994234511776576"></String>
          </TextLine>
          <TextLine ID="eSc_line_2987aec1"
                    TAGREFS="LT33"
                    BASELINE="1575 2236 1616 2234" 
                    HPOS="1572"
                    VPOS="2192"
                    WIDTH="44"
                    HEIGHT="58">
            <Shape><Polygon POINTS="1575 2236 1575 2250 1616 2250 1616 2234 1612 2192 1572 2196 1575 2236"/></Shape>
            <String CONTENT="zu"
                    HPOS="1572"
                    VPOS="2192"
                    WIDTH="44"
                    HEIGHT="58"
                    WC="0.8560957610607147"></String>
          </TextLine>
        </TextBlock>
        <TextBlock HPOS="62"
                   VPOS="583"
                   WIDTH="10"
                   HEIGHT="5"
                   ID="eSc_textblock_1dfe48a1"
                   TAGREFS="BT42">
          <Shape><Polygon POINTS="69 583 72 588 62 588 62 583 69 583"/></Shape>
        </TextBlock>
        <TextBlock HPOS="45"
                   VPOS="827"
                   WIDTH="38"
                   HEIGHT="27"
                   ID="eSc_textblock_52e29aa4"
                   TAGREFS="BT42">
          <Shape><Polygon POINTS="62 827 83 827 83 854 45 848 62 827"/></Shape>
        </TextBlock>
        <TextBlock HPOS="32"
                   VPOS="1050"
                   WIDTH="45"
                   HEIGHT="59"
                   ID="eSc_textblock_1238cdb2"
                   TAGREFS="BT42">
          <Shape><Polygon POINTS="32 1050 77 1054 49 1077 77 1109 34 1109 32 1050"/></Shape>
        </TextBlock>
        <TextBlock HPOS="39"
                   VPOS="1133"
                   WIDTH="33"
                   HEIGHT="22"
                   ID="eSc_textblock_d2f13de0"
                   TAGREFS="BT42">
          <Shape><Polygon POINTS="46 1133 66 1133 72 1149 39 1155 46 1133"/></Shape>
        </TextBlock>
        <TextBlock HPOS="51"
                   VPOS="572"
                   WIDTH="26"
                   HEIGHT="4"
                   ID="eSc_textblock_143f0557"
                   TAGREFS="BT42">
          <Shape><Polygon POINTS="56 572 77 572 77 576 51 576 56 572"/></Shape>
        </TextBlock>
        <TextBlock HPOS="39"
                   VPOS="1439"
                   WIDTH="27"
                   HEIGHT="27"
                   ID="eSc_textblock_87e82fb4"
                   TAGREFS="BT42">
          <Shape><Polygon POINTS="51 1439 66 1439 60 1466 39 1461 51 1439"/></Shape>
        </TextBlock>
        <TextBlock HPOS="45"
                   VPOS="1354"
                   WIDTH="21"
                   HEIGHT="16"
                   ID="eSc_textblock_68d4ec61"
                   TAGREFS="BT42">
          <Shape><Polygon POINTS="58 1354 66 1370 45 1370 45 1360 58 1354"/></Shape>
        </TextBlock>
        <TextBlock HPOS="39"
                   VPOS="1003"
                   WIDTH="38"
                   HEIGHT="21"
                   ID="eSc_textblock_2ee6a7c2"
                   TAGREFS="BT42">
          <Shape><Polygon POINTS="58 1003 77 1018 39 1024 39 1009 58 1003"/></Shape>
        </TextBlock>
        <TextBlock HPOS="45"
                   VPOS="623"
                   WIDTH="32"
                   HEIGHT="16"
                   ID="eSc_textblock_cbdc4122"
                   TAGREFS="BT42">
          <Shape><Polygon POINTS="52 623 77 623 77 639 45 639 52 623"/></Shape>
        </TextBlock>
        <TextBlock HPOS="51"
                   VPOS="1315"
                   WIDTH="15"
                   HEIGHT="10"
                   ID="eSc_textblock_ac9d7f79"
                   TAGREFS="BT42">
          <Shape><Polygon POINTS="60 1318 66 1325 51 1325 56 1315 60 1318"/></Shape>
        </TextBlock>
        <TextBlock HPOS="39"
                   VPOS="527"
                   WIDTH="38"
                   HEIGHT="10"
                   ID="eSc_textblock_5ef3055b"
                   TAGREFS="BT42">
          <Shape><Polygon POINTS="56 527 72 527 77 537 39 537 56 527"/></Shape>
        </TextBlock>
      </PrintSpace>
    </Page>
  </Layout>
</alto>
