1566 2270
132 70 56 67 26

619 75 395 78 .12S (O) Lot-

100 122 1386 86 dem Crentz ein Wunden bekommen, iſt gefangen allhers gefuͤhrt,

102 172 1385 84 und ſchlecht gehalten worden. Was dazumahl Churfuͤrſt Mazimilian

102 218 1378 88 oben beſagten Obriſten Creusz, und anderer Urſachen halber, vor eit

103 263 1367 97 Schreiben an gedachten Obriſten Briſigel abgehen laſſen, ſolches 1

104 315 770 80 aus folgenden Annhalt zu vernehmen;

564 486 440 104 Marimilian ꝛc.

191 604 1275 92 Eſonder Lieberl wir ſeynd von unſern Beamten zu Regenſputs

99 653 1359 91 & berichtet, welcher Geſtalten du dich gegen ihnen betroͤhligen vet

88 699 1370 92 nehmen laſſen, wofern der jenige, welchen du nach Landshut geſchickl

87 745 1360 94 noch laͤnger aufgehalten werden ſolle, daß du ermeldte unſere Hean

85 789 1361 98 ten und Oflicier, ſo viel du bekommen kunteſt, ebener Geſtalr tract

84 841 1370 94 ren laſſen wolleſt; dieweilen ader ſolch von dir ausgeſchickte Perſohn

84 890 1358 99 mit einem von dir gehabten folſchen Paß, und als ein offentlich

85 937 1369 100 Kundſchaffter und Meitmacher unſerer Voͤlcker, welcher es von dirs

80 991 1368 93 verrichten im Befelch gehabt, betretten worden; als wuͤrdet er billis

83 1037 1353 94 als ein ſolcher angehalten, deſſen wir uns auch gegen Ihrer Kayſer

87 1082 1346 104 chen Majeſtaͤt beklagen: Ihro beſagten Kundſchaffter und Meitm

83 1135 1307 95 cher zu gebuͤhrender Straff ſelbſt zueſchicken, und uns verſehen

80 1182 1335 99 werdeſt dich an jemanden deren Unſerigen im geringſten zu vergreit

79 1229 1343 97 nicht geluſten laſſen, dann auf den widrigen Fall wurden wir uns,

79 1277 1368 100 deiner Perſohn, welches die Zeit und Gelegenheit wohl geben wuͤrde.

82 1326 1313 102 ſelbſt zu erdollen nicht unterlaſſen, und weilen das Creutiſche

78 1377 1364 97 vergeſſen Regiment, deme du die Stangen gehalten, und mit unte

76 1422 1327 101 der Decken gelegen, mit Rauden und Plunderen durch dein Verut

75 1471 1364 97 chen, in unſeren Landen groſſen Schaden gethan, und mit dem Nau

75 1514 1367 104 uͤber die ſteinerne Brucken, den man daſelbſten wobl aufhatten, un

69 1567 1348 97 denen armen Leuthen wieder folgen laſſen kunten, vorſetzlicher Were

76 1612 1368 103 zu groſſem Schaden unſerer Unterthanen durchgelaſſen, ſo wollen 1o.

75 1662 1363 103 der Zeit ſchon erwarten, und unfehlbar finden, dab wir ſolchen be⸗

74 1703 1375 120 demnem Leid und Gut wieder eindringen moͤgen, wolien wir der us⸗

71 1755 889 111 Barnm Muͤnchen den & Fulit, Anno 1ca7.

1355 1861 96 93 Der
