1923 2446
28 244 111 63 sgabe-

118 289 16 56 :

55 335 90 61 aber

36 384 99 73 ß faſt

27 441 96 65 Rider

40 489 87 66 ntzet

718 203 45 66 a.

792 201 318 80 5 (0) 825.

222 303 1392 91 ſter die Pfarren S. Ruperti, und s.Leonardi in Dſoͤring. () Nach bie⸗

338 254 1272 88 Anno 1c27. Unirt ſoannes Adminiſtrator unſerm Cloſter tota-

1527 222 91 66 389

224 337 55 63 en

288 360 1322 82 ſoͤblichen Wercken, als er dem Cloſter mit groſſen Nutzen raͤhm⸗

222 385 52 72 ic

297 407 1312 88 2. Jahr, a. Monath, 18. Tag vorgeſtanden, iſt er in GOTT

225 459 1064 83 celig entſchlaffen Anno 1555. den 29. Jenner

736 596 370 83 Incidentia.

292 702 1314 95 Ipertus U. Hertzog in Bayrn und Weſterreich Pfaltzgraff Fride⸗

304 763 1303 82 richs von Spanhaim Sohn, iſt auf ſeiner Freund anhalten,

235 805 1371 94 leinrici Biſchoffs allhie, Coadjutor, und nach deſſen Todt Biſchoff

241 857 1366 88 oͤrden. Friderich Biſchoff von Augſpurg hat ihne an St. Catharinaͤ

274 913 1332 77 s geweyhet, die Weyh⸗Biſchoͤff allhie und Aichſtoͤtt dardey aſliſtirt.

248 959 1361 84 Selchem Act auch unſer Pralat Eralmus, ſambt andern Abbten von

233 994 40 59 er

290 1012 1317 83 Diœces beygewohnt. Biſchoff Rupertus iſt den 19. April 1507.

231 1034 23 66 1

285 1059 1321 85 Ooͤrrh Todts verblichen, und allhie in Thumb ſolenniter begra⸗

235 1099 229 76 en worden.

330 1159 1274 88 Anno 1293. Montags nach Bartholomzi iſt Kayſer Friderich

288 1209 1321 86 zte geſtorden. Wie auch HHertzog Chriſtoph aus Bayrn Alderti

231 1261 1376 81 oruder. Herentgegen dieſem ein Sohn Guilielmus gebohren wor⸗

232 1292 56 69 en.

328 1348 1275 95 Anno 1295. an St. Apoloniaͤ Tag ſeynd die Koͤnigiſchen auf

241 1399 1361 91 m Rath⸗Hauß geweſt, und haben den Innern und aͤuſſern Ratb

244 1445 162 71 randert.

326 1497 1278 94 Eodem Anno lulpendirte Hertzog Albrecht das Probſt⸗Geriche

226 1530 98 80 Ahie.

349 1555 1253 90 Hat aber der Stadt Anno 1296. alles uͤberlaſſen, ausgenom⸗

239 1599 965 91 en die Galgenhueb und kleinen Soll oder Maurh.

332 1656 1272 88 Anno 1296. macht Hertzog Albrecht ein Vergleich mit der Stade

294 1709 1310 79 aſpurg, den der Koͤnig Manimilian conkirmiret hat, unterm Da-

290 1759 1313 76 indau den 12. Octobr. Anno ut lupra. Der Betraff 1. den Bura⸗

228 1774 96 79 iried,

231 1829 50 59 ne

364 1808 1240 86 2. Den Zoll. 2. Die Becken zu Stadt am Hof, Kauffen

298 1852 1305 95 Handlen ꝛc. Demnach aber der Recels wegen der fremden Zoͤllt

250 1882 42 63 9,

305 1907 1301 87 gar lauter ware, hat ſich der Hertzog und hieſige Stadt Anno

247 1944 743 94 97. debhalben von neuem verglichen.

854 2020 154 68 Eec;

1470 2027 130 62 Anno

247 2098 1207 96 . Dmst der Lella Alenondei VI. und venmis Lirtererum Cordiaolis Canrre.

92 608 27 41 0

53 690 70 62 wel⸗

40 744 52 60 n

38 789 85 69 rter⸗

72 837 42 63 gs

29 945 78 64 ndet

81 998 20 49 ,

77 1107 22 39 i

21 1191 86 61 Ann

53 1826 54 58 no
