1940 2440
319 157 108 68 187.

818 162 29 50 .

878 157 317 77 15 c0) 285

315 212 1398 80 aus: und vorgebner ungezweiſteter Schickung GOttes mit Begterd an⸗

1807 222 122 70 Sonn.

321 272 1412 72 genommen, ein beſonderes Vertrauen ſetzend auf der Conſœderirten-

1805 271 86 76 dem

321 319 1398 75 Beyſtand, den er auch durch Subminiſtrirung einer groſſen Armee, und

318 370 1406 74 anders bekommen hat. Wie viel loͤblicher haͤtte er gethan, wann er

1805 370 126 73 tromm

319 416 1400 81 Alberto Pio, Hertzogen in Bayrn gefolgt haͤtte, deme die Boͤhmiſche

1811 429 116 67 deiligei

324 470 1392 74 Staͤnd Anno 1221. darumen mehriſt die Cron ofkeriret, weilen ſie vol

1812 474 61 68 in

319 520 1401 73 keinen unmuͤndigen Kind gedachten regieret kunten werden, er abee

1815 523 57 72 ert

321 570 1398 73 Gertzog Albrecht ſich fuͤr ſolche Aflection hoͤflich bedanckt, und ſich

1813 572 89 66 er b

318 620 1390 79 nicht perluadiren, ſonder die Cron demjenigen gelaſſen, deme ſolcͤ

1811 624 103 68 erlich

315 671 404 65 zuſtaͤndig geweſen.

1808 668 123 76 Lathol

1812 722 49 66 ul

455 723 1266 71 Kayſer Ferdinand kunt, wie billig, nicht geſchehen laſſen, dat

319 771 1390 70 er von denen Boͤhmen ordentlich angenommener und. geeroͤnter, audh

1812 771 114 68 Xerei

317 818 1387 76 von dem gantzen Roͤmiſchen Reich erkennter Koͤnig in Boͤhmen, ſolls

1807 813 80 74 puͤrt

317 870 1395 74 ohn all gegebene Urſach, und nur aus lauter Paſlion, HHaß und Muth

1811 867 78 79 enri

319 921 1387 73 willengegen der Catholiſchen Religton von ſeinen Gewiſſen⸗ loſen, meil⸗

1811 920 88 66 ten

314 971 1391 75 eydigen, und rebdelliſchen Boͤhmen aus ſeinen Thron verſtoſſen werdelt

1813 966 116 76 Verte

317 1019 943 68 und den Pfaltz⸗ Grafen darinn ſitzen laſſen..

1816 1031 106 65 Orpe

1811 1070 72 63 rdi

417 1074 1280 71 Richtet ſich alſo in die Waffen. ⸗Erhielt von Hiſpania Suc

313 1119 1385 75 curs, unter dem Commando des Marches Spinola bon 20000. zu Fnt

1815 1115 100 72 omi

313 1176 1363 65 und 1000. zu Pferd: von dem Hertzog Marimilian aber in Bayrn.

1812 1164 98 76 Hom

1808 1213 75 78 en

313 1221 1380 72 gantze Armee, ſo gedachter Hertzoͤg ſelbſten fuͤhrete, und hoch⸗v..

313 1270 1315 73 nunfftig dirigirte; maſſen er dann Anno 1620. gleich Anfangs

1634 1267 59 65 det

313 1318 1373 75 Kayſer das abgefallene und rebelliſche Land ob der Ennß, mit gluͤckl

1803 1278 123 115 Dadl

313 1374 1382 69 chen Kriegs⸗Dienſten wieder eingeraumet, und zum Gehorſam9

1801 1371 117 121 Een

314 1420 1388 73 bracht. Hernach iſt derſelbe mit ſeiner Armee in Boͤhmen gangenl,

319 1472 1339 71 und nachdem die Kayſerliche Armee unter dem Commando des G.

1803 1457 90 73 elbe

1800 1511 88 77 ucht

311 1519 1311 71 ral Caroli Longovallis Comitis Bocquoi, zuſammen kommen,

1630 1500 76 71 und

1804 1565 89 65 roy

317 1572 1301 69 vorhero kein andere Gelegenheit mit dem Feind zu ſchlagen ſich,

1800 1606 72 70 trar

311 1619 1315 71 wollte, bis auf den 8. November, hat Hertzog Maximilian eini

1796 1651 110 75 lelber

313 1667 1382 76 dem Pfaltz⸗Grafen gewagt, vor Drag geſchlagen, mit GOrtes Bet

1639 1701 67 65 un.

1800 1710 116 72 des ſe

311 1721 1300 69 ſtand die Victori erhalten, das gantze Koͤnigreich gewonnen,

1624 1743 85 72 neue

313 1770 1260 69 Behorſam gebracht, und dem Kayſer wieder eingeraumt. T

1614 1793 92 73 eine.

1803 1797 100 85 buß

317 1820 1216 69 Koͤnig iſt entwichen, und hat erfahren muͤſſen, daß GOS.

1637 1836 71 72 das

1805 1855 87 71 ann

314 1872 1270 69 Wahl keinen Gefahlen getragen, ſonder dem Gerechten beyſtet

1805 1897 84 79 Bra⸗

317 1919 1288 72 Hoche erniedrige, und das Niedrige erhoͤche. So verſtandene

1660 1938 44 70 as

1800 1946 92 73 dann

313 1969 1289 71 ger⸗Schlacht iſt, nicht ohne Verwunderung, an den a2. S,

1822 2006 85 73 gan

313 2021 1254 96 nach Pſingſtep in g⸗dnchten 1cꝛd. Dabr geſchehen. An

1813 2060 37 73 .
