1978 2545
338 214 63 63 12

848 209 406 69 &&8 (0) Laͤg--

333 260 1431 73 nach aus deme, ſo gleich ſolget, mit guten Grund mehrers beſtaͤttiget wird. Ada-

333 306 1431 67 lungus ſchenckte unter Caubaldo erſten ordentlichen Biſchotſen, dem heiligen Em-

336 356 1431 63 meramo ſein Erbtheil zu Hronaga Diſe Schanckung oder Tradition hatte ge⸗

335 393 1426 69 ſchriben Taugolf ein Prieſter. (d) Unter Simperto Biſchoffen, welcher auf Gau-

333 434 1432 72 baldum folgte, opſerte Melmwinus dem heiligen Emmeramo alles was er zu

331 479 1430 69 Hedinpacb beſitzte, diſe Schanckung geſchahe in Gegenwart deren Moͤnchen. Obi⸗

333 524 1427 65 ger Taugolf beſchriebe diſe Schanckung. (e) Adalwinus folgte gleich nach Sym-

333 565 1429 69 pertum in den Biſtum. Unter diſen Biſchoffen Adalwim, in dem 22. Jahr der

333 609 1425 66 Regierung Caroli, Koͤnigs deren Francken, Anno 797. ſchenckte POSSO alles

331 657 1424 61 das Seinige dem heiligen Emmeramo, in Gegenwart deren Moͤnchen. (H IN

329 698 1431 64 CONSPECTU MONACHORUM, quorum nomina ſunt: Adalo, TAU-

329 738 1428 69 GOLF Presbyter, qui & hanc traditionem ſcriplit, Mardbetin Presb. Puitu-

326 780 394 62 pald Presb. &c. &c.

448 824 1310 68 Run iſt wohl zn mercken, Taagolf der Prieſter, ſo die letzte Tradition ge⸗

329 868 1433 70 ſchriben, wird unter die Moͤnch, ſo gegenwaͤrtig waren, gezehlet. Ich kan zwar

329 910 1429 65 mit keiner Gewisheit melden, daß die vorige zwey Traditiones eben von diſem

332 952 1423 73 Taugolko geſchrieben worden, dann es haͤtte ein anderer, eben diſes Nahmens,

328 998 1429 66 ſolches ſchreiben koͤnnen; alleinig ſcye Taugolk altzeit der nemliche, oder ein ande-

328 1049 1432 51 rer geweſen, ſo vermeine ich, daß der die erſte Tradition unter Gaubaldo ge⸗

328 1091 1426 55 ſchrieben, auch ein Moͤnch muͤſſe gewe ſen ſeyn. Unter Adalwino den dritten Bi⸗

328 1129 1429 67 ſchoffen hat Taugolf ein Moͤnch und Prieſter die Tradition geſchriben, vermurh⸗

328 1173 1427 62 lich alſo auch unter Gaubaldo, weilen nemlichen diſe Schanckungen dem hei⸗

325 1215 1428 63 ligen Emmeramo zu Unterhaltung deren Moͤnchen geſchehen iſt. Des Alters

328 1258 1423 66 wegen hat Taugolf der nemliche ſeyn koͤnnen, maſſen er unter Adalwino 70. Jahr,

326 1302 1257 60 oder mehrers, und unter Ganwaldo ſchon zo. Jahr haͤtte zehlen koͤnnen.

448 1346 1305 59 Es andet ſich in unſer Bibliorhec, Chronicon Hermanni Contracti,

328 1388 1429 62 ſo bis auf 1209. continuirer worden. In ſelben ſeynd bey den Siebenhundert

326 1439 1428 61 zwey und fuͤnfftzigiſten Jahr (752.) von den Copiſten diſes Chronici folgende

328 1480 1423 59 Wort mit eingeſchriben worden: Monaſterium S. Emmerami Rauspon.

325 1517 1429 56 MAGNIELCE inceptum eſt, & zullu & Tumptu Eroli Aaagni, co tempo-

324 1556 1427 58 re, quo Carolus magnus adhuc kuit Patricius Romanorum, id eſt, Pater

326 1601 1425 71 & Tutor Pupillorum & Viduarum. Zu teutſch: Das Cloſter K. Emmera-

324 1650 1424 72 mi iſt auf Befelch Caroli Magni, da er noch nichr Rayſer ware,

322 1702 1426 75 und auf deſſen Unkoſten MAENIEICE herꝛlich, und praͤchtig erdauet

326 1751 143 55 worden.

438 1797 1306 72 Es haͤtte ſich alſo Conradus de Monte Puellarum von Hagdenberg⸗

326 1852 1418 65 ( villeicht Frauenberg) ſehr geirret, wann er vermeinet haͤtte, daß diſe Erbaunns

321 1900 1423 70 des Gottes⸗ Daus zu S. Emmeram, unter Sinperto, die erſte Sufftung deſſelben

1638 1946 105 73 gewe⸗

359 2058 989 64 (a) P. Bernard Per Anecdor. ton. 1. Pacte II. P2c. 21. cap. 1.

376 2099 393 51 e) Lbid. pap. 82. cap. 2.

359 2134 413 78 eU) Idid ris 1s. err. o.
