1991 2551
43 306 91 63 ilhiet

83 354 50 98 .

761 259 60 69 -

952 259 54 69 0

1079 263 52 75 et

266 297 1408 102 ſtne, finden wir bry Mabillon. Prœfat. in Seculum IIL. Benedictin. (. 111.

1593 283 76 59 159

269 338 89 55 num

377 352 1299 88 25. Item in Annalibus Francorum, aus dem Manuſcripto Codice

266 386 1408 101 Malciacenſi Dieſe Annales erſtrecken ſich nicht uͤber das 196ſte Jahr hinaus.

268 433 1409 94 Solche Annales ſeynd zu leſen in tom. I. Bibliothecr novœ Labbœi. Trem

268 463 79 59 tom.

371 483 1305 86 V. pag. 16. Seriptorum Rerum Francicarum Auth. Dom. Martin

266 520 1407 93 Souguer. Alwo ſolgende Worr zu leſen: L. Anno DCCLVI. Anno V. reg-

269 561 1405 96 ſanre Pipino Rege Obiir Wicterpus Evilcopus & Abba S. Martini. Puꝛr

268 603 1412 99 lutem Baugoarius, genere Heiloluingus: ſeneꝛ & plusquam ockogena-

266 634 78 63 rius

346 651 1330 95 asque ad id tempus ſedebat, propria mann ſcribens libros. Eben

263 678 57 57 von

333 697 1336 92 hurſem Victerpo ware in unſerer Bibliorhec ein Manulcriptum vorhanden,

265 739 1406 90 deches er geſchrieben hatte in hochen Alter, wie den Arentino tom. III. Annal.

350 787 1323 94 180. zu leſen. Ob es ein Originale, oder ein Apographum geweſen, kan

266 821 842 88 oͤ nch ſagen; maſſen ſolches nicht mehr zu fnden.

372 880 1295 97 Drirrens: Veriusg dieſes Manuſcripu Deordine corprevoincialiun Pon-

260 904 125 88 ugenn.

269 966 30 51 8

401 942 1266 93 welches im IX. Sœculo geſchrieben worden, ſolle Miderpus der Erſte

259 1006 50 55 der

360 989 1307 90 f in Regenſpurg geweſen ſeyn, REXIT PRIMOTVICTERPUS. Fol⸗

259 1048 71 65 auni

389 1037 1278 85 daß er um dieſe Zeit Anno 716. nach deren Paͤyſtlichen Legaten Anord⸗

253 1088 73 102 -,

360 1077 1307 89 oiſchoff in Regenſpurg worden; weilen tein anderer um ſolche Jahr anzntret⸗

338 1122 1192 82 auch aus denen, welche als Epiſcopi Adventitii allda geweſen ſeynd.

262 1198 1404 115 Aayu der Erſte Biſbof grweſen ſere, auf welchen Carvraldor grfolger ſeyn

375 1162 1289 90 (III. Nun aber enrſteher die Frag, wie die Wort dieſes Anonymi, das

255 1221 55 64 tol⸗

255 1268 58 64 nr

348 1257 1315 95 einen Wohrheits⸗Grund haben koͤnne? da doch auch wahr iſt, (nach Zeng⸗

321 1299 1342 98 Arnoldi Monachi, vide Basnage tom. III. pag. 105.) daß unter Hug-

252 1305 94 75 derrbe

253 1349 47 62 md

365 1343 1298 96 Dertzogen in Bayrn, deſſen Negiernng Anno 126. vide pag. 17. angeſangen,

320 1370 37 65 :⸗

248 1391 58 72 en

371 1387 1291 92 737. ſich erſtrecket, Ratbarius als Biſchoff, (Adventitius) allhier gewe-

324 1424 1335 96 unter deſſen Regerung Hagbertus der Hertzog dem heiugen Emnmeramo, Pir-

253 1458 1409 106 Emnvag, geſchencket habe? Iſt alſo auf Vꝛcterpun, (oder Wicbertum) nicht

255 1498 1402 107 banvipaldus, ſondern Natbarias geſelget. Zudeme, ohngeachtet daß Mabillonin-

317 1550 1343 108 zinen Alnmerckungen in dieſes Manuſcriytum,) urtheilet, daß alle andere

256 1571 94 70 aale

243 1615 111 72 rialiun

358 1604 1299 95 g deren Biſchoͤffen in Bayern, nach dieſen Ordinem Pontißcum Comprorig-

245 1677 1409 118 Piderpun den Erſten Viſchorfen nennet, (Prind Rerit,) ſo ſager dosh Mabil-

372 1646 1284 98 verdeſſeret ſollen werden; ohugrachtet auch auch dieſer Pocta Anonymus

245 1703 101 65 onin

236 1746 212 92 Altera Caln

382 1740 1271 99 dſten in dieſen ſeinen Adnorationen deren Regenſpurgeriſchen Biſchorfen;

239 1798 220 76 rum, queruni

462 1791 1192 91 eſt Epiſerporun poſt bos (eXtra ordinem venientes) ordinario-

245 1856 1407 118 niͤt ordrntuch angeſtellten Biſchoͤffen, (ertra ordinem,) unter weiche er auch

469 1836 1184 80 eRLuUS S. Garibaldus rominatur. Daß nach denen fremden, und

269 1887 142 77 ꝛcterpuvr

256 1927 132 74 ipaldn.

432 1920 1218 95 itzet, der Erſte ordentliche Biſchetf S GARIBALDUS (Gau-

248 1994 1399 111 rich einen Wahrhrus⸗Grund haben? Ich vermeine, daß dende deſtehen konnen, nu,

448 1967 1201 93 in Negenſpurg geweſen ſeye. Wie koͤnnen dirje dende Erzehlungen z⸗

248 2018 34 55 .

304 2045 1346 110 olgender wahrſcheinlichen Erkaͤrnng: Der Author, weicher den Ordinem

242 2086 1405 112 unaͤcum comprurincialinm beſonieben, nennet Wdergun den Erſten Bi⸗

238 2135 1405 139 dad, S Lrꝛns LRerit,) nenuͤch VMdogn ſere zwar anch ordentuchen, &

894 2223 88 68 &2

1545 2225 95 68 ruſl,

86 486 43 45 us

62 520 68 63 uicht

73 571 54 45 unt

62 603 67 64 DS

39 649 88 75 hattet.

63 694 61 58 das

41 739 79 61 erip

36 789 83 58 1725

49 873 78 75 loo

35 1513 81 45 rieul.

56 1590 63 55 z02

24 1720 72 62 tens

19 1845 85 68 obrent

32 1981 48 65 ch

22 2026 80 70 cadei

26 2073 71 68 ro⸗
