1923 2446
42 217 102 62 Herhos

42 260 99 63 ns ꝛc.

47 305 97 59 Anns

28 353 110 61 piſcor

76 390 65 62 des

57 441 73 64 wet

12 494 118 63 ocieta

100 531 25 46 u

23 551 42 49 m

86 573 39 60 -

46 582 35 55 e

62 667 46 61 ns

74 712 52 51 rac

44 799 57 57 ori

48 843 28 64 ⸗

38 884 55 68 mo

54 966 42 59 ꝛo

743 184 103 75 28

886 186 149 73 ) &

1523 190 91 57 387

224 236 1391 75 pecialiter die lncorporation S. Rnperti Pfarr. Empfangt von dor⸗

222 292 1389 70 dzedachtem Kayſer Marimitian die Regalia den a. April 1292. (c)

229 343 1388 68 inno 1508. conkirmirt ihme Voiſgang, Tutor Hertzog Wilhelms alle

235 392 1379 71 rwilegia. Entgegen erhielte erſtgedachter Hertzog Voltgang fuͤr ſei⸗

226 434 45 60 te,

308 445 1310 65 Mſleg⸗SGohn ad dies vite die Vogtey (die Anno 1285. Graff Ri⸗

232 491 1385 71 ias von Abenſperg verlihen worden, und durch obgedacht ſein Tods

236 543 1382 69 m Cloſter heimgefallen ware) mit gewiſſen Bedingen. Hertzog

233 592 1384 72 Gihelm gibt einen Schutz⸗Brief her, darinn er dekennt, daß unſer

239 640 1376 73 oſter, von denen Vogteyen, ihm ein guten Nutzen zugelaſſen. (a)

245 691 1369 71 r war gant verliebt in das Bauen, das zeigte erſtlich noch unſer

240 741 1379 74 reutzgang, wann nit die zierlich von Glaßmahlerey gemachte Fenſter

286 793 1333 67 Pulver⸗Thurn (von deme an ſeinem Orth ſoll gemelt werden) zer⸗

243 845 1375 69 ummert haͤtte. 2. Was man noch von ſtarcken Gewoͤlbern ſihet,

285 894 1334 69 Wein⸗Keller, Zaͤhr⸗Gaden, l. h. Rotſtallungen ꝛc. das hat er

269 944 1349 67 bdeſſerer Verſicherung von dem Feuer, bauen laſſen. 2. Der ſchoͤne

240 993 1377 71 Haal, die Abbtey und anſtoſſende Zimmer, bracht er in den noch zu⸗

239 1040 1376 72 denden Form, und zwar dieſes alles zu Zeiten des Bayriſchen Rriegs,

271 1093 1347 70 cher dann ihne nit allein Geld geſtanden, ſonder weil im ſelben viel

236 1141 1381 72 Suter abgebrennt worden, hat er mit groſſer Spela denen Unterthanen

235 1194 1380 72 nder aufhelffen muͤſſen. So giengen auch damahls Reichs⸗Collecte,

243 1246 1371 68 e ihne auf z000. fl. getroffen. Nichts deſtoweniger war aller Or⸗

236 1296 1382 60 zen genug vorhanden. Es manglete weder in der Abbtey, noch Con-

240 1342 1381 67 ent ichtwas. Die Bibliorheckt wurde vermehrt, und fanden ſich An-

236 1390 1385 68 o 1500. laut eines noch vorhandenen Catalogi einig auf Dergament

239 1437 1378 71 ochriebene Buͤcher Soc. worbey zu mercken, daß die Alten zu Erſpah⸗

237 1487 1384 68 g der Unkoſten viel Buͤcher in einem Bund gerichtet, wie dann in

237 1538 1380 73 ner Bibiiorhec noch gar vielfaͤltig zu ſehen. So lieſſe GOrt auch

279 1591 1342 72 ſonderbahre Benediction ſpuͤhren, auſſer Zweiffel weil er ſo liberal⸗

250 1642 1367 75 den denen Armen geweſen, die er nit allein vielfoͤltig kleiden laſſen,

236 1694 1382 72 siͤdern auch mit Getd geholffen. Dahero wann er ſich auſſer des

250 1743 1359 79 coſters in der Stadt nur ein wenia blicken ließ, ein ſolcher Zulauff

932 1799 167 62 Cec 2

1522 1799 95 68 von.

57 1429 62 107 z.

59 1523 47 66 de.

58 1573 43 69 et

20 1708 33 44 a.

95 1956 21 52 ſ

263 1950 367 66 O) Originale in Archivo.

255 1989 775 69 () Vide lirteras Wollgangi, & Nilhelmi Ducum.

271 2031 1340 61 cnns 1211. har Kanſer Medimniarus, dcs Diyloma Conrodi Regis, von weichen oben

289 2072 1322 58 Fs. 201. grmeldet worden, abſchreiden, und in ſemen Kayſeruchen Druff, nelchen er dem Cin⸗

285 2108 1114 70 n dun Enhaden nidznat veng eanagn laſan. Dig nle in Arcdirs.
