2127 2583
508 320 1427 106 ſohnen etwas gefaͤlliges zu erweiſen, wann ich ob⸗

503 391 1436 114 gedachtes MAUSOLOEUM oder Hiſtorie, wel⸗

501 473 1434 106 ches wegen ſeiner angenehmen Verfaſſung, groſſen

501 542 1436 95 Beyfall gefunden, widerumben an das Tag⸗Liecht

503 619 1425 125 ſtelle, und mittels deſſen den Erſten Theil des Cloͤ⸗

503 708 1430 118 ſterlichen Regenſpurgs, (maſſen die Hiſtorie

495 794 1431 107 unſeres Stiffts ein groſſen Theil des Cloͤſterlichen Re⸗

513 876 935 91 genſpurgs ausmachet,) vorſtelle.

691 1018 1235 107 III. Es iſt ohnnoͤthig, allhier zu melden, was

497 1093 1429 108 in diſer neuen Auflag, von mir darzu geſammlet

495 1168 1427 101 worden; dann der Leſer wird ſelbes, durch die in di⸗

497 1241 1429 119 ſe Hiſtorie von mir eingetragene Appendices, oder

490 1315 1432 120 Zuſaͤtze, nebſt denen zu Ende deren Blaͤttern ge⸗

486 1407 1434 93 machten Anmerckungen, nach Gelegenheit ſinden. Abbt

490 1485 1424 89 Cœleſtinus hat ſeine Hiſtorie biß auf das 1650ſte

490 1549 1430 97 Jahr verfaſſet: dahero ich anjetzo biß auf 1752. die

486 1620 1430 102 Erzehlung fortgeſetzet. Ich befliſſe mich, ſo vil ich

482 1698 1431 101 koͤnte, der Schreib⸗ und Verfaſſungs⸗Arth Cœle-

482 1773 1431 103 ſtini Abbtens nachzufolgen. Indeme die lncidentia

477 1846 1434 108 nur als Neben⸗Sachen anzuſehen; die Hiſtoria

475 1930 1428 99 aber des Heil. Emmerami &c. und unſeres Stiffts

477 2010 1426 97 ꝛc. der Haubtzweck des Verfaſſers (Cœleſtini Abb⸗

473 2090 1430 139 tens) geweſen, als habe ich die Erzehlung deren In-

1705 2175 195 100 ciden-
