1991 2551
745 239 352 69 23 (0) Loz--

304 293 1306 76 Die Haupt⸗und Grund⸗Regel des Eloſter⸗Lebens ware, Lece religoino⸗

188 342 1414 77 Emnig. Alles zu verlaſſen. Die Moͤnch ſlieheten das Geruͤmmel der Welt;

190 389 1413 68 ſie dettcten zu gewiſſen Stunden; die Cloͤſterliche Diſciplin beſtunde in den volkom⸗

187 433 1418 70 menen Gehorſam; in genanen Stilliſchweigen; Hand⸗Arbeirh; Maͤßigung in Speis

184 483 1417 62 und Tranck; Enthaltung von gewiſſen Speiſen; in Leibs⸗ Caſteyung; Buß⸗Wer⸗

182 520 1420 68 cten, auch vor die kleiniſte Faͤhler; kurtz: der HHauprzweck ware das aigene Seelen⸗

187 562 1411 68 Heyl. Nach diſen folgte das Gebett vor das Heyl des Neben⸗Menſchens. Wann

181 603 1414 68 die Lede und Norhwendigkeit es erforderte, ſo ardeueten die Moͤnch auch dor die

182 647 1411 70 Ehre und Nutzen der Kirchen. Alle Reglen harten obig⸗gemeidten Hanpt⸗ Zweck.

181 688 1412 73 Was zn Erlangung diſes Zwecks dienlich ware, das beobachteten die Moͤnch nach

178 732 1415 70 Anordnung ihrer Oberen, welche nach auten Geduncken veraͤnderten, wie ſie es be⸗

178 770 1417 73 Andeten. Dahero in einem Cloſter zugleich bisweilen verſchiedene Reglen gehalten

178 817 1413 68 wurden. (h) Von den Arhanen ſiſchen Cloſter ſchreibet Gregorius Turonenſis,

177 856 1414 72 daß die Reglen S. Balilii, Caſtiani, Cœlarii, und anderer Vaͤttern in ſelben ae⸗

178 902 1020 65 halten worden, wie ſolches die Zeit und Gelegenheit zulieſſe.

293 950 1302 66 Die Regel des heiligen Baſilii wurde in Welſchland vor anderen meiſtens

175 986 1414 66 gehalten; wie dann der heilige Benedictus ſeinen Moͤnchen ſelbe Regel als ein sn-.

177 1031 1411 73 ſter des Cloͤſteruͤchen Lebens vorſtellet. Mabillonius ſchreibet von denen Neglen,

175 1074 1416 68 welche vor der Regel S. Benedicti in Franckreich, Spanien, Frꝛland ꝛc. bekannt

173 1118 1418 71 ware. (i) Unter diſen ware beſonders die Regel S. Columbani beruͤhmt, welcher

174 1153 1412 81 ans czriland in Franckreich kommen, allda ein beſondere Regel geſchriben, ſo An⸗

175 1201 1413 75 fanas von der Benedictiner⸗Regel unterſchieden ware, nach einiger Zeit ader mit

174 1241 1411 75 S. Zenedicti-Regel vereiniget worden. Wie Mabillon in præfat. ad Acta SS.

173 1282 1413 82 Ord. S. Benedicti, wider die RR. PP. Bollandianos, mit mehreren bezeu⸗

165 1327 154 60 ꝛrt. (H)

279 1360 1307 81 Aoch den Lebs. Zeiten Bencaidti, wurde ſeine Regel in Welfchland Herannt

165 1414 1421 75 und durch deſſen Juͤnger Maurum, in ſechſten Jahr hundert durch Franckreich aus⸗

168 1456 1418 73 gebreitet. Im ſiebenden Sœculo ware ſelde in diſem Koͤnigreich allgemein, wie

167 1495 1415 73 Mabillon unter andern aus denen Capirularibus Caroli Magni, und ans de-

168 1540 1414 78 nen Conciliis, ſo unter ſeiner Regierung gehalten worden, deweiſet. Aus Welſch⸗

170 1583 1414 77 and wurde ſelde in die Bruanniſche Inſul in Ende des ſechſten Sncnli, durch die

167 1624 1417 82 Junger Gregorii Magni eingefuͤhrt. (1) Von denen dreitete ſich ſelbe aus in

168 1670 1413 78 Schort⸗ und Friland. In Epanien ware ſie ſchon in Mitten des ſechſten Sœculi

167 1712 1412 82 bekannt. (m) In Leutſchland wurde die Regel S. Benecicti edenfahls im ſechſten

165 1760 1416 90 Sœculo n WDeltenburg gehalten awo Vilundus erſter Abbt,ſo von CatEn da⸗

866 1816 38 88 2

1513 1832 71 79 bin

188 1958 695 64 CM Gregor. Turon. Hiſter. nd. 10. ear. 19.

190 2002 894 72 li) Prukat. ud Sac. L. Denediet. pag. n. 8. num. 25. &e.

188 2049 779 65 CU) A Sœcul. I. Benedier. A aus piuridus locis.

187 2088 941 103 O) Mbnnlon. vratꝛu n dardden LMurdict. 67. k 5. 1.

190 2138 253 78 (n) Lon. S. s.
