<?xml version="1.0" encoding="UTF-8"?>
<alto xmlns:xsi="http://www.w3.org/2001/XMLSchema-instance"
      xmlns="http://www.loc.gov/standards/alto/ns-v4#"
      xsi:schemaLocation="http://www.loc.gov/standards/alto/ns-v4# http://www.loc.gov/standards/alto/v4/alto-4-2.xsd">
  <Description>
    <MeasurementUnit>pixel</MeasurementUnit>
    <sourceImageInformation>
      <fileName>image239.jpg</fileName>
      <fileIdentifier>https://archiv.ub.uni-marburg.de/eb/2010/0168</fileIdentifier>
    </sourceImageInformation>
  </Description>
  <Tags>
    <OtherTag ID="BT1" LABEL="Title" DESCRIPTION="block type Title"/><OtherTag ID="BT2" LABEL="Main" DESCRIPTION="block type Main"/><OtherTag ID="BT3" LABEL="Commentary" DESCRIPTION="block type Commentary"/><OtherTag ID="BT4" LABEL="Illustration" DESCRIPTION="block type Illustration"/><OtherTag ID="BT42" LABEL="text" DESCRIPTION="block type text"/>
    <OtherTag ID="LT33" LABEL="default" DESCRIPTION="line type default"/>
  </Tags>
  <Layout>
    <Page WIDTH="1938"
          HEIGHT="2500"
          PHYSICAL_IMG_NR="239"
          ID="eSc_dummypage_">
      <PrintSpace HPOS="0"
                  VPOS="0"
                  WIDTH="1938"
                  HEIGHT="2500">
        <TextBlock HPOS="22"
                   VPOS="261"
                   WIDTH="109"
                   HEIGHT="159"
                   ID="eSc_textblock_95cc61c1"
                   TAGREFS="BT42">
          <Shape><Polygon POINTS="79 261 131 277 93 420 44 409 87 370 22 354 55 326 22 294 79 261"/></Shape>
          <TextLine ID="eSc_line_aae4f90a"
                    TAGREFS="LT33"
                    BASELINE="88 355 105 354" 
                    HPOS="84"
                    VPOS="315"
                    WIDTH="22"
                    HEIGHT="57">
            <Shape><Polygon POINTS="88 355 90 372 106 372 105 354 101 315 84 315 88 355"/></Shape>
            <String CONTENT="t"
                    HPOS="84"
                    VPOS="315"
                    WIDTH="22"
                    HEIGHT="57"
                    WC="0.9999791383743286"></String>
          </TextLine>
        </TextBlock>
        <TextBlock HPOS="183"
                   VPOS="205"
                   WIDTH="1427"
                   HEIGHT="1860"
                   ID="eSc_textblock_c5dd1a58"
                   TAGREFS="BT42">
          <Shape><Polygon POINTS="723 205 1087 211 1172 261 1432 255 1511 222 1610 233 1599 1965 1571 2065 1283 2048 1298 2031 1033 2031 833 2059 743 2009 238 1993 183 1937 194 250 620 238 723 205"/></Shape>
          <TextLine ID="eSc_line_a10b7c4c"
                    TAGREFS="LT33"
                    BASELINE="693 240 812 252 1012 254 1089 245" 
                    HPOS="691"
                    VPOS="205"
                    WIDTH="398"
                    HEIGHT="68">
            <Shape><Polygon POINTS="1066 209 1053 209 1039 209 1025 209 1011 209 997 209 983 208 969 208 955 208 941 208 928 208 921 208 914 208 900 206 886 206 872 206 858 206 844 206 833 206 830 206 816 206 804 205 790 205 776 205 762 205 748 205 734 205 721 205 707 209 693 213 693 240 691 258 718 258 730 268 730 269 732 269 733 269 797 270 798 270 800 270 827 261 941 273 943 273 944 273 946 273 958 263 979 263 989 272 989 273 990 273 991 273 993 273 1087 270 1089 245 1087 212 1079 209 1066 209"/></Shape>
            <String CONTENT="2688 (O) 828."
                    HPOS="691"
                    VPOS="205"
                    WIDTH="398"
                    HEIGHT="68"
                    WC="0.865249548967068"></String>
          </TextLine>
          <TextLine ID="eSc_line_0a47e58d"
                    TAGREFS="LT33"
                    BASELINE="206 277 270 284" 
                    HPOS="204"
                    VPOS="248"
                    WIDTH="68"
                    HEIGHT="58">
            <Shape><Polygon POINTS="265 248 251 248 237 250 223 250 209 250 206 277 204 291 266 306 270 284 272 248 265 248"/></Shape>
            <String CONTENT="und"
                    HPOS="204"
                    VPOS="248"
                    WIDTH="68"
                    HEIGHT="58"
                    WC="0.9997546076774597"></String>
          </TextLine>
          <TextLine ID="eSc_line_bd6d9697"
                    TAGREFS="LT33"
                    BASELINE="1510 258 1604 261" 
                    HPOS="1508"
                    VPOS="222"
                    WIDTH="96"
                    HEIGHT="55">
            <Shape><Polygon POINTS="1593 230 1579 229 1565 227 1551 226 1537 225 1524 223 1510 222 1510 258 1508 270 1601 277 1604 261 1604 231 1593 230"/></Shape>
            <String CONTENT="217"
                    HPOS="1508"
                    VPOS="222"
                    WIDTH="96"
                    HEIGHT="55"
                    WC="0.9998635848363241"></String>
          </TextLine>
          <TextLine ID="eSc_line_84f948f6"
                    TAGREFS="LT33"
                    BASELINE="282 288 313 295 552 305 1600 322" 
                    HPOS="280"
                    VPOS="247"
                    WIDTH="1320"
                    HEIGHT="93">
            <Shape><Polygon POINTS="282 247 282 288 280 311 477 323 479 323 525 316 559 325 561 325 562 325 947 325 965 331 966 331 968 331 1087 327 1116 334 1118 334 1439 340 1440 340 1599 333 1600 322 1599 269 1521 279 1437 270 1436 270 1408 276 1394 269 1393 269 1392 269 1216 273 1200 262 1198 262 1197 262 1196 262 1194 262 1169 273 1126 273 1108 261 1107 261 1105 261 1104 261 989 269 921 258 919 258 857 266 721 266 654 265 618 252 616 252 615 252 515 258 480 250 479 250 293 247 282 247"/></Shape>
            <String CONTENT="Schrancken der Ehrbarkeit und Unterthaͤnigkeit (aus Antrieb und"
                    HPOS="280"
                    VPOS="247"
                    WIDTH="1320"
                    HEIGHT="93"
                    WC="0.9917974311207968"></String>
          </TextLine>
          <TextLine ID="eSc_line_74fea889"
                    TAGREFS="LT33"
                    BASELINE="211 334 472 355 1597 372" 
                    HPOS="209"
                    VPOS="301"
                    WIDTH="1388"
                    HEIGHT="93">
            <Shape><Polygon POINTS="211 334 209 359 408 373 409 373 509 368 523 376 525 376 526 376 527 376 577 369 620 377 622 377 889 376 905 383 907 383 1011 384 1012 384 1014 384 1041 376 1079 386 1080 386 1082 386 1157 380 1232 388 1233 388 1286 380 1444 393 1446 393 1447 393 1448 393 1458 387 1569 394 1571 394 1572 394 1596 384 1597 372 1596 330 1385 334 1357 325 1355 325 1354 325 1293 333 1218 322 1216 322 1140 330 1089 318 1087 318 1086 318 997 326 907 313 905 313 904 313 873 325 843 313 841 313 840 313 757 323 711 313 709 313 708 313 680 322 664 313 662 313 661 313 608 318 512 308 511 308 464 318 370 304 369 304 336 311 322 304 320 304 211 301 211 334"/></Shape>
            <String CONTENT="Hoffnung gnter Beuth in denen beruͤhmten Laͤndern zu machen) durch⸗"
                    HPOS="209"
                    VPOS="301"
                    WIDTH="1388"
                    HEIGHT="93"
                    WC="0.9880415588172514"></String>
          </TextLine>
          <TextLine ID="eSc_line_c20e3220"
                    TAGREFS="LT33"
                    BASELINE="204 383 357 401 532 408 1599 423" 
                    HPOS="202"
                    VPOS="352"
                    WIDTH="1397"
                    HEIGHT="88">
            <Shape><Polygon POINTS="204 383 202 409 354 412 382 425 383 425 384 425 475 419 619 429 620 429 668 422 702 430 704 430 705 430 1023 427 1047 436 1048 436 1050 436 1096 427 1119 437 1121 437 1596 440 1599 423 1599 388 1528 381 1526 381 1436 387 1394 379 1393 379 1392 379 1364 386 1322 372 1321 372 1319 372 1110 381 1019 380 1003 369 1001 369 1000 369 998 369 866 377 769 363 768 363 766 363 733 373 664 366 662 366 661 366 633 373 602 361 601 361 600 361 527 366 512 359 511 359 509 359 457 370 394 356 393 356 391 356 376 363 357 355 355 355 204 352 204 383"/></Shape>
            <String CONTENT="geriſſen, ſeyn in Maͤhren, Boͤhmen, Bayern und Schwaben einge⸗"
                    HPOS="202"
                    VPOS="352"
                    WIDTH="1397"
                    HEIGHT="88"
                    WC="0.9834201557020987"></String>
          </TextLine>
          <TextLine ID="eSc_line_77cb947c"
                    TAGREFS="LT33"
                    BASELINE="204 430 312 447 441 455 1594 473" 
                    HPOS="202"
                    VPOS="404"
                    WIDTH="1392"
                    HEIGHT="90">
            <Shape><Polygon POINTS="202 459 350 469 351 469 386 463 419 475 420 475 422 475 747 473 798 481 800 481 832 476 971 484 972 484 1028 477 1059 486 1061 486 1062 486 1121 480 1175 487 1176 487 1216 480 1522 494 1524 494 1593 484 1594 473 1594 438 1571 430 1569 430 1568 430 1532 437 1496 430 1494 430 1493 430 1473 437 1289 427 1287 427 1286 427 1273 433 1201 422 1200 422 1059 430 982 418 980 418 979 418 944 427 864 416 862 416 816 426 782 415 780 415 779 415 722 425 668 412 666 412 620 419 552 411 551 411 483 420 397 408 344 406 343 406 341 406 323 416 307 408 305 408 205 404 204 430 202 459"/></Shape>
            <String CONTENT="alen, haden mit Rauben, Stehlen, Sengen und Brennen unglaub⸗"
                    HPOS="202"
                    VPOS="404"
                    WIDTH="1392"
                    HEIGHT="90"
                    WC="0.9924063126246134"></String>
          </TextLine>
          <TextLine ID="eSc_line_a59bce47"
                    TAGREFS="LT33"
                    BASELINE="208 476 286 490" 
                    HPOS="205"
                    VPOS="433"
                    WIDTH="85"
                    HEIGHT="76">
            <Shape><Polygon POINTS="208 476 205 490 282 509 286 490 290 452 213 433 208 476"/></Shape>
            <String CONTENT="icher"
                    HPOS="205"
                    VPOS="433"
                    WIDTH="85"
                    HEIGHT="76"
                    WC="0.8947859168052673"></String>
          </TextLine>
          <TextLine ID="eSc_line_51dbbc79"
                    TAGREFS="LT33"
                    BASELINE="204 526 248 531" 
                    HPOS="202"
                    VPOS="481"
                    WIDTH="49"
                    HEIGHT="71">
            <Shape><Polygon POINTS="204 526 202 536 243 552 248 531 251 493 208 481 204 526"/></Shape>
            <String CONTENT="ick"
                    HPOS="202"
                    VPOS="481"
                    WIDTH="49"
                    HEIGHT="71"
                    WC="0.9987284342447916"></String>
          </TextLine>
          <TextLine ID="eSc_line_907eebe0"
                    TAGREFS="LT33"
                    BASELINE="319 501 1597 525" 
                    HPOS="318"
                    VPOS="455"
                    WIDTH="1279"
                    HEIGHT="89">
            <Shape><Polygon POINTS="318 513 469 525 470 526 915 526 925 533 926 533 928 533 929 533 1219 531 1246 538 1247 538 1248 538 1296 533 1530 544 1532 544 1596 537 1597 525 1597 488 1414 479 1412 479 1373 484 1296 473 1294 473 1228 480 1208 472 1207 472 1205 472 1147 480 1023 469 1022 469 923 476 905 466 904 466 903 466 868 472 833 465 832 465 830 465 798 473 605 462 604 462 470 468 320 455 319 501 318 513"/></Shape>
            <String CONTENT="Schaden gerhan; weder Weib noch Mann, Geiſtlich oder Welt⸗"
                    HPOS="318"
                    VPOS="455"
                    WIDTH="1279"
                    HEIGHT="89"
                    WC="0.9944636431233637"></String>
          </TextLine>
          <TextLine ID="eSc_line_3d133d81"
                    TAGREFS="LT33"
                    BASELINE="298 554 1592 577" 
                    HPOS="297"
                    VPOS="508"
                    WIDTH="1295"
                    HEIGHT="82">
            <Shape><Polygon POINTS="298 554 297 565 375 575 1589 590 1592 577 1590 534 1467 537 1419 527 1418 527 1417 527 1398 536 1373 529 1372 529 1371 529 1298 534 1278 526 1276 526 1189 523 1187 523 1146 531 1121 522 1119 522 1118 522 1080 530 1046 520 1044 520 1043 520 1001 529 900 518 898 518 839 526 815 516 814 516 812 516 775 525 750 515 748 515 747 515 746 515 712 523 465 512 464 512 376 518 298 508 298 554"/></Shape>
            <String CONTENT="Zung noch Alten verſchont, ſonder alles ermordet, oder in har⸗"
                    HPOS="297"
                    VPOS="508"
                    WIDTH="1295"
                    HEIGHT="82"
                    WC="0.9955007626164344"></String>
          </TextLine>
          <TextLine ID="eSc_line_1d138188"
                    TAGREFS="LT33"
                    BASELINE="258 593 318 602 520 611 1592 626" 
                    HPOS="257"
                    VPOS="556"
                    WIDTH="1335"
                    HEIGHT="84">
            <Shape><Polygon POINTS="1236 572 1229 572 1215 572 1212 570 1105 570 1104 570 1054 579 1022 569 1021 569 1019 569 971 575 876 566 875 566 830 576 725 576 704 566 702 566 701 566 700 566 671 573 512 561 511 561 509 561 493 569 469 561 468 561 466 561 354 569 259 556 258 593 257 615 437 627 659 630 661 630 662 630 690 623 733 631 734 631 773 625 855 625 880 634 882 634 883 634 955 627 991 636 993 636 994 636 1140 630 1150 637 1151 637 1153 637 1154 637 1197 633 1237 640 1239 640 1283 633 1589 640 1592 626 1590 588 1382 586 1307 575 1305 575 1269 581 1237 572 1236 572"/></Shape>
            <String CONTENT="pefangenſchafft gefuͤhret, was ſich nicht mit der Flucht in weit ent⸗"
                    HPOS="257"
                    VPOS="556"
                    WIDTH="1335"
                    HEIGHT="84"
                    WC="0.9859555545060531"></String>
          </TextLine>
          <TextLine ID="eSc_line_ec2ae18f"
                    TAGREFS="LT33"
                    BASELINE="212 631 333 654 454 659 1587 677" 
                    HPOS="211"
                    VPOS="605"
                    WIDTH="1376"
                    HEIGHT="93">
            <Shape><Polygon POINTS="211 663 518 680 519 680 576 670 652 681 654 681 712 676 723 683 725 683 726 683 727 683 771 677 780 684 782 684 783 684 784 686 851 686 851 684 890 677 921 684 922 684 923 684 975 680 993 688 994 688 996 688 997 688 1016 681 1034 688 1036 688 1205 693 1207 693 1342 686 1372 695 1373 695 1375 695 1376 695 1400 686 1439 695 1440 695 1442 695 1443 695 1462 688 1511 698 1512 698 1586 695 1587 677 1587 643 1432 627 1430 627 1378 637 1329 626 1328 626 1237 633 1180 623 1179 623 1051 631 1033 622 1032 622 1030 622 746 626 686 615 684 615 683 615 654 622 591 613 590 613 589 613 569 622 440 622 336 606 213 605 212 631 211 663"/></Shape>
            <String CONTENT="(ene Oerther oder Veſtungen, als Saltzburg, Paſſau, Regenſpurg ꝛc."
                    HPOS="211"
                    VPOS="605"
                    WIDTH="1376"
                    HEIGHT="93"
                    WC="0.9958476920922598"></String>
          </TextLine>
          <TextLine ID="eSc_line_54d6f5df"
                    TAGREFS="LT33"
                    BASELINE="209 675 293 697 348 704" 
                    HPOS="205"
                    VPOS="640"
                    WIDTH="147"
                    HEIGHT="83">
            <Shape><Polygon POINTS="209 675 205 687 341 723 348 704 352 663 215 640 209 675"/></Shape>
            <String CONTENT="alriret."
                    HPOS="205"
                    VPOS="640"
                    WIDTH="147"
                    HEIGHT="83"
                    WC="0.99232567101717"></String>
          </TextLine>
          <TextLine ID="eSc_line_233066cf"
                    TAGREFS="LT33"
                    BASELINE="223 730 243 737" 
                    HPOS="219"
                    VPOS="690"
                    WIDTH="36"
                    HEIGHT="61">
            <Shape><Polygon POINTS="223 730 219 741 234 751 243 737 255 690 236 690 223 730"/></Shape>
            <String CONTENT="9"
                    HPOS="219"
                    VPOS="690"
                    WIDTH="36"
                    HEIGHT="61"
                    WC="0.6700834631919861"></String>
          </TextLine>
          <TextLine ID="eSc_line_a2735d85"
                    TAGREFS="LT33"
                    BASELINE="352 705 1589 727" 
                    HPOS="351"
                    VPOS="662"
                    WIDTH="1238"
                    HEIGHT="85">
            <Shape><Polygon POINTS="352 705 351 718 429 727 430 727 646 725 665 731 666 731 668 731 939 730 996 737 997 737 1041 731 1130 740 1132 740 1203 734 1357 744 1358 744 1507 740 1518 747 1519 747 1521 747 1522 747 1587 740 1589 727 1587 684 1514 691 1496 681 1494 681 1493 681 1205 686 1076 684 1064 675 1062 675 1061 675 1059 675 916 680 894 670 893 670 891 670 833 679 776 669 691 668 690 668 689 668 664 676 584 665 583 665 544 673 505 665 504 665 502 665 486 673 440 673 416 662 415 662 413 662 352 665 352 705"/></Shape>
            <String CONTENT=" Man bemuͤhete ſich zwar ihnen zu begegnen, oberhalb Abach"
                    HPOS="351"
                    VPOS="662"
                    WIDTH="1238"
                    HEIGHT="85"
                    WC="0.9900917780810389"></String>
          </TextLine>
          <TextLine ID="eSc_line_93ce7089"
                    TAGREFS="LT33"
                    BASELINE="272 745 382 759 1594 777" 
                    HPOS="270"
                    VPOS="709"
                    WIDTH="1324"
                    HEIGHT="88">
            <Shape><Polygon POINTS="270 768 345 777 347 777 437 772 740 784 741 784 786 777 802 786 804 786 805 786 928 780 1243 793 1244 793 1408 787 1437 795 1439 795 1440 795 1519 790 1540 797 1542 797 1543 797 1593 788 1594 777 1593 740 1425 738 1410 730 1408 730 1407 730 1339 736 1303 727 1301 727 1300 727 1193 733 1168 725 1166 725 1165 725 1094 730 1058 722 1057 722 1055 722 1009 730 987 722 986 722 984 722 747 726 715 716 714 716 712 716 673 725 627 715 626 715 625 715 607 722 465 715 464 715 462 715 450 720 273 709 272 745 270 768"/></Shape>
            <String CONTENT="engfeld einen Abbruch zu thun, und die Gefangene wieder zu er⸗"
                    HPOS="270"
                    VPOS="709"
                    WIDTH="1324"
                    HEIGHT="88"
                    WC="0.9996880581302028"></String>
          </TextLine>
          <TextLine ID="eSc_line_8e24f5e4"
                    TAGREFS="LT33"
                    BASELINE="205 777 266 797 395 811 1587 830" 
                    HPOS="204"
                    VPOS="755"
                    WIDTH="1383"
                    HEIGHT="90">
            <Shape><Polygon POINTS="204 813 304 816 320 827 322 827 323 827 325 827 365 819 441 830 443 830 502 820 537 831 539 831 540 831 584 826 672 834 673 834 715 827 748 836 750 836 751 836 864 829 929 838 930 838 975 830 1021 840 1022 840 1121 834 1140 843 1141 843 1143 843 1201 837 1283 845 1285 845 1586 841 1587 830 1587 794 1468 791 1432 780 1430 780 1429 780 1428 780 1426 780 1412 790 1371 790 1257 775 1255 775 1254 775 1253 775 1233 787 1203 787 1135 786 1094 773 1093 773 1091 773 1090 773 1058 781 1019 770 1018 770 1016 770 946 779 915 772 914 772 912 772 864 777 844 769 843 769 841 769 840 769 821 777 682 769 680 769 594 775 564 763 562 763 561 763 369 770 208 755 205 777 204 813"/></Shape>
            <String CONTENT="doigen, es war aber alles vergebens. Die Ungarn ſchlagten die Un⸗"
                    HPOS="204"
                    VPOS="755"
                    WIDTH="1383"
                    HEIGHT="90"
                    WC="0.9842574254824565"></String>
          </TextLine>
          <TextLine ID="eSc_line_125dd531"
                    TAGREFS="LT33"
                    BASELINE="213 834 265 847 383 861 1590 879" 
                    HPOS="212"
                    VPOS="808"
                    WIDTH="1378"
                    HEIGHT="92">
            <Shape><Polygon POINTS="1580 830 1579 830 1578 830 1524 841 1408 833 1407 833 1344 838 1325 829 1323 829 1322 829 1253 837 1196 827 1194 827 1193 827 1166 836 1123 825 1122 825 1121 825 1039 833 997 820 990 820 937 830 915 820 905 820 897 819 765 827 698 819 697 819 658 827 582 816 580 816 501 825 469 815 468 815 466 815 433 820 362 811 361 811 319 819 215 808 213 834 212 866 341 870 358 881 359 881 361 881 362 881 557 879 570 886 572 886 723 887 725 887 726 887 746 880 866 890 868 890 869 890 890 880 961 880 1009 893 1011 893 1130 894 1132 894 1133 894 1150 886 1204 895 1205 895 1247 886 1273 895 1275 895 1276 895 1325 891 1419 900 1421 900 1589 890 1590 879 1590 836 1582 830 1580 830"/></Shape>
            <String CONTENT="Egen, kammen allhero fuͤr die Stadt Regenſpurg, verbrannten die⸗"
                    HPOS="212"
                    VPOS="808"
                    WIDTH="1378"
                    HEIGHT="92"
                    WC="0.98111667111516"></String>
          </TextLine>
          <TextLine ID="eSc_line_2544dbbc"
                    TAGREFS="LT33"
                    BASELINE="204 879 266 891" 
                    HPOS="201"
                    VPOS="837"
                    WIDTH="67"
                    HEIGHT="69">
            <Shape><Polygon POINTS="266 848 265 847 259 852 241 841 238 841 225 838 222 837 211 838 204 879 201 890 261 906 266 891 268 848 266 848"/></Shape>
            <String CONTENT="uut"
                    HPOS="201"
                    VPOS="837"
                    WIDTH="67"
                    HEIGHT="69"
                    WC="0.7408719758192698"></String>
          </TextLine>
          <TextLine ID="eSc_line_0cbc3433"
                    TAGREFS="LT33"
                    BASELINE="206 925 279 950 394 962 1593 979" 
                    HPOS="205"
                    VPOS="908"
                    WIDTH="1388"
                    HEIGHT="90">
            <Shape><Polygon POINTS="1387 930 1386 930 1385 930 1360 940 1254 931 1253 931 1180 937 1129 926 1128 926 1008 931 984 923 979 923 968 923 918 930 861 923 859 923 827 929 807 920 805 920 804 920 802 920 769 930 702 922 701 922 612 927 547 918 545 918 423 925 347 911 209 908 206 925 205 966 323 969 380 983 382 983 440 977 630 986 632 986 633 986 650 979 673 984 675 984 676 984 759 977 779 986 780 986 868 990 869 990 922 980 941 988 943 988 1072 994 1073 994 1119 986 1246 997 1247 998 1380 998 1380 997 1382 997 1401 990 1576 998 1578 998 1579 998 1580 998 1592 990 1593 979 1592 944 1426 943 1389 930 1387 930"/></Shape>
            <String CONTENT="Ary die Geiſtliche faſt allen Kirchen⸗Schatz beytragten. Brunnerus"
                    HPOS="205"
                    VPOS="908"
                    WIDTH="1388"
                    HEIGHT="90"
                    WC="0.9839940477501262"></String>
          </TextLine>
          <TextLine ID="eSc_line_e380587c"
                    TAGREFS="LT33"
                    BASELINE="295 901 466 913 1589 933" 
                    HPOS="294"
                    VPOS="862"
                    WIDTH="1295"
                    HEIGHT="89">
            <Shape><Polygon POINTS="295 901 294 920 408 930 409 930 455 925 476 931 477 931 479 931 658 929 918 940 919 940 989 934 1003 941 1004 941 1005 941 1048 936 1065 943 1066 943 1068 943 1128 937 1586 951 1589 933 1589 895 1536 895 1515 884 1514 884 1512 884 1511 884 1478 893 1440 883 1439 883 1437 883 1365 891 1326 881 1325 881 1323 881 1322 881 1294 888 1265 880 1264 880 1262 880 1123 886 1110 877 1108 877 1107 877 1105 877 1014 884 991 875 990 875 989 875 861 880 841 872 840 872 839 872 793 880 757 870 755 870 754 870 752 870 751 870 737 879 665 872 664 872 469 875 440 865 439 865 437 865 394 873 295 862 295 901"/></Shape>
            <String CONTENT="Vor⸗Stadt, und zwangten den Koͤnig Ludrrig Fried zu erkauffen,"
                    HPOS="294"
                    VPOS="862"
                    WIDTH="1295"
                    HEIGHT="89"
                    WC="0.998977723621553"></String>
          </TextLine>
          <TextLine ID="eSc_line_0d1e2b5c"
                    TAGREFS="LT33"
                    BASELINE="206 977 316 1008 368 1011 1592 1030" 
                    HPOS="205"
                    VPOS="959"
                    WIDTH="1387"
                    HEIGHT="93">
            <Shape><Polygon POINTS="205 1015 325 1018 365 1030 366 1030 368 1030 475 1025 540 1034 541 1034 641 1026 743 1027 764 1038 765 1038 766 1038 768 1038 791 1031 837 1040 839 1040 1034 1034 1132 1045 1133 1045 1278 1041 1486 1051 1487 1051 1489 1051 1514 1044 1543 1052 1544 1052 1546 1052 1547 1052 1590 1040 1592 1030 1592 994 1354 980 1353 980 1297 988 1094 980 1093 980 1064 986 1044 977 1043 977 1041 977 983 984 930 973 851 973 850 973 848 973 847 973 833 981 775 973 773 973 772 973 752 980 683 972 682 972 383 973 352 963 351 963 209 959 206 977 205 1015"/></Shape>
            <String CONTENT="cuͤet, es habe Luirpaldus (unfehlbar von dem Haus Bayrn) de⸗,"
                    HPOS="205"
                    VPOS="959"
                    WIDTH="1387"
                    HEIGHT="93"
                    WC="0.9892171132759969"></String>
          </TextLine>
          <TextLine ID="eSc_line_85467df0"
                    TAGREFS="LT33"
                    BASELINE="202 1027 250 1037" 
                    HPOS="198"
                    VPOS="986"
                    WIDTH="57"
                    HEIGHT="70">
            <Shape><Polygon POINTS="202 1027 198 1041 243 1056 250 1037 255 997 209 986 202 1027"/></Shape>
            <String CONTENT="ur"
                    HPOS="198"
                    VPOS="986"
                    WIDTH="57"
                    HEIGHT="70"
                    WC="0.9999893307685852"></String>
          </TextLine>
          <TextLine ID="eSc_line_5041c3f9"
                    TAGREFS="LT33"
                    BASELINE="284 1051 330 1061 427 1065 1590 1083" 
                    HPOS="283"
                    VPOS="1015"
                    WIDTH="1307"
                    HEIGHT="86">
            <Shape><Polygon POINTS="283 1073 391 1083 393 1083 793 1083 897 1091 898 1091 982 1086 993 1093 994 1093 996 1093 997 1093 1130 1088 1166 1095 1168 1095 1212 1090 1503 1101 1504 1101 1589 1094 1590 1083 1589 1044 1380 1043 1304 1031 1303 1031 1301 1031 1276 1040 1158 1040 1105 1029 975 1026 973 1026 848 1033 811 1023 809 1023 808 1023 758 1031 725 1022 723 1022 722 1022 721 1022 689 1030 636 1020 634 1020 551 1029 502 1019 501 1019 469 1025 461 1018 459 1018 458 1018 457 1018 383 1026 370 1018 369 1018 368 1018 286 1015 284 1051 283 1073"/></Shape>
            <String CONTENT="ingarn ſolchen Widerſtand gethan, daß er ſie nicht allemn zum"
                    HPOS="283"
                    VPOS="1015"
                    WIDTH="1307"
                    HEIGHT="86"
                    WC="0.9848808011070627"></String>
          </TextLine>
          <TextLine ID="eSc_line_92a3d5ed"
                    TAGREFS="LT33"
                    BASELINE="201 1081 234 1084" 
                    HPOS="200"
                    VPOS="1036"
                    WIDTH="36"
                    HEIGHT="62">
            <Shape><Polygon POINTS="201 1081 200 1095 232 1098 234 1084 236 1043 204 1036 201 1081"/></Shape>
            <String CONTENT="n"
                    HPOS="200"
                    VPOS="1036"
                    WIDTH="36"
                    HEIGHT="62"
                    WC="0.7796704173088074"></String>
          </TextLine>
          <TextLine ID="eSc_line_6aa71dec"
                    TAGREFS="LT33"
                    BASELINE="269 1098 316 1109 441 1115 1589 1131" 
                    HPOS="268"
                    VPOS="1066"
                    WIDTH="1321"
                    HEIGHT="84">
            <Shape><Polygon POINTS="268 1123 1586 1150 1589 1131 1589 1095 1305 1081 1304 1081 1239 1088 1228 1080 1226 1080 1225 1080 1223 1080 1166 1087 1133 1079 1132 1079 1130 1079 1047 1086 1039 1079 1037 1079 1036 1079 950 1076 948 1076 896 1081 708 1073 707 1073 705 1073 677 1080 564 1070 562 1070 561 1070 540 1077 441 1077 426 1069 425 1069 423 1069 422 1069 405 1076 270 1066 269 1098 268 1123"/></Shape>
            <String CONTENT="tenmal uberwunden, ſonder das drittemal durch Erhaltung ihres"
                    HPOS="268"
                    VPOS="1066"
                    WIDTH="1321"
                    HEIGHT="84"
                    WC="0.9881111109843019"></String>
          </TextLine>
          <TextLine ID="eSc_line_31be3f7a"
                    TAGREFS="LT33"
                    BASELINE="222 1133 288 1155 408 1162 1587 1184" 
                    HPOS="220"
                    VPOS="1109"
                    WIDTH="1367"
                    HEIGHT="96">
            <Shape><Polygon POINTS="844 1122 798 1131 491 1127 448 1118 447 1118 445 1118 422 1125 225 1109 222 1133 220 1168 627 1187 733 1188 734 1188 736 1188 759 1180 789 1188 790 1188 791 1188 909 1186 922 1193 923 1193 925 1193 926 1193 1004 1188 1050 1195 1051 1195 1107 1186 1315 1198 1317 1198 1404 1193 1518 1205 1519 1205 1586 1195 1587 1184 1587 1143 1511 1138 1510 1138 1508 1138 1493 1145 1407 1133 1405 1133 1404 1133 1382 1143 1296 1130 1294 1130 1257 1138 1241 1129 1240 1129 1239 1129 1237 1129 1050 1137 991 1126 990 1126 880 1129 846 1122 844 1122"/></Shape>
            <String CONTENT="suigs Chuſlolis Haupt, einen fuͤnff⸗ jaͤhrigen Stillſtand der Waffen"
                    HPOS="220"
                    VPOS="1109"
                    WIDTH="1367"
                    HEIGHT="96"
                    WC="0.9918749306131812"></String>
          </TextLine>
          <TextLine ID="eSc_line_9c3020e2"
                    TAGREFS="LT33"
                    BASELINE="286 1205 347 1212 640 1220 1587 1236" 
                    HPOS="284"
                    VPOS="1165"
                    WIDTH="1303"
                    HEIGHT="87">
            <Shape><Polygon POINTS="286 1205 284 1223 1585 1252 1587 1236 1585 1188 1510 1194 1417 1184 1415 1184 1380 1191 1351 1183 1350 1183 1348 1183 1300 1190 1266 1181 1265 1181 1264 1181 1212 1188 1193 1180 1191 1180 1190 1180 1114 1187 1011 1177 1009 1177 876 1183 862 1175 861 1175 859 1175 858 1175 482 1176 286 1165 286 1205"/></Shape>
            <String CONTENT="liget Anno qo2. Doch kraͤnckte dis Ungluͤck und Verderbuna,"
                    HPOS="284"
                    VPOS="1165"
                    WIDTH="1303"
                    HEIGHT="87"
                    WC="0.9824929388902955"></String>
          </TextLine>
          <TextLine ID="eSc_line_443c3f06"
                    TAGREFS="LT33"
                    BASELINE="269 1252 409 1265 1586 1288" 
                    HPOS="268"
                    VPOS="1213"
                    WIDTH="1318"
                    HEIGHT="95">
            <Shape><Polygon POINTS="790 1223 789 1223 768 1233 658 1223 657 1223 543 1229 436 1216 434 1216 354 1223 269 1213 269 1252 268 1273 794 1293 796 1293 839 1286 939 1295 940 1295 1033 1290 1057 1298 1058 1298 1059 1298 1141 1293 1258 1302 1260 1302 1261 1302 1276 1295 1348 1304 1350 1304 1387 1297 1519 1308 1521 1308 1585 1300 1586 1288 1586 1250 1522 1250 1489 1238 1487 1238 1486 1238 1485 1238 1454 1248 1437 1237 1436 1237 1435 1237 1433 1237 1393 1244 1382 1236 1380 1236 1379 1236 1378 1236 1205 1243 1183 1231 1182 1231 1180 1231 1007 1238 975 1227 973 1227 972 1227 912 1234 883 1227 882 1227 880 1227 879 1227 865 1234 791 1223 790 1223"/></Shape>
            <String CONTENT="ander Ludovicom dermaſſen, daß er zeitlich, als im 18. Jahr"
                    HPOS="268"
                    VPOS="1213"
                    WIDTH="1318"
                    HEIGHT="95"
                    WC="0.9996877009585753"></String>
          </TextLine>
          <TextLine ID="eSc_line_5dec2d98"
                    TAGREFS="LT33"
                    BASELINE="202 1283 273 1298" 
                    HPOS="200"
                    VPOS="1245"
                    WIDTH="80"
                    HEIGHT="66">
            <Shape><Polygon POINTS="279 1254 279 1252 209 1245 202 1283 200 1293 268 1311 273 1298 280 1254 279 1254"/></Shape>
            <String CONTENT="emner"
                    HPOS="200"
                    VPOS="1245"
                    WIDTH="80"
                    HEIGHT="66"
                    WC="0.9824919819831848"></String>
          </TextLine>
          <TextLine ID="eSc_line_6bfcf58f"
                    TAGREFS="LT33"
                    BASELINE="301 1308 580 1322 1586 1336" 
                    HPOS="300"
                    VPOS="1270"
                    WIDTH="1286"
                    HEIGHT="81">
            <Shape><Polygon POINTS="301 1308 300 1327 397 1329 408 1337 409 1337 411 1337 412 1337 473 1331 489 1338 490 1338 1583 1351 1586 1336 1582 1291 1551 1304 1503 1304 1415 1294 1414 1294 1335 1300 1304 1290 1303 1290 1301 1290 1300 1290 1298 1290 1286 1298 1216 1288 1215 1288 1214 1288 1185 1295 1155 1284 1154 1284 1153 1284 1151 1284 1110 1295 994 1293 972 1281 971 1281 969 1281 968 1281 946 1294 912 1294 886 1280 884 1280 883 1280 882 1280 880 1280 871 1287 822 1279 821 1279 819 1279 791 1290 739 1290 716 1277 715 1277 714 1277 668 1286 650 1277 648 1277 568 1275 566 1275 508 1286 458 1273 457 1273 455 1273 382 1281 301 1270 301 1308"/></Shape>
            <String CONTENT="Alters, des Reichs im eylfften, den 21. Fenner Anno 9r1. ge⸗"
                    HPOS="300"
                    VPOS="1270"
                    WIDTH="1286"
                    HEIGHT="81"
                    WC="0.9960926651954651"></String>
          </TextLine>
          <TextLine ID="eSc_line_34f16c3c"
                    TAGREFS="LT33"
                    BASELINE="201 1329 308 1359 380 1365 1576 1386" 
                    HPOS="200"
                    VPOS="1312"
                    WIDTH="1376"
                    HEIGHT="96">
            <Shape><Polygon POINTS="766 1325 759 1325 726 1336 680 1326 679 1326 622 1334 444 1322 443 1322 441 1322 416 1329 397 1319 395 1319 394 1319 393 1319 361 1329 326 1316 325 1316 204 1312 201 1329 200 1368 437 1377 455 1387 457 1387 458 1387 736 1384 855 1394 857 1394 944 1388 1016 1398 1018 1398 1083 1391 1101 1400 1103 1400 1104 1400 1185 1390 1225 1402 1226 1402 1228 1402 1293 1394 1322 1404 1323 1404 1325 1404 1453 1394 1504 1408 1505 1408 1507 1408 1575 1405 1576 1386 1576 1354 1471 1341 1469 1341 1468 1341 1467 1341 1451 1351 1400 1351 1329 1337 1328 1337 1255 1347 1173 1336 1172 1336 1104 1344 1055 1330 1054 1330 1053 1330 1051 1330 1032 1337 925 1330 923 1330 829 1338 773 1325 766 1325"/></Shape>
            <String CONTENT="Aden, und bey uns, wie oden gemeldt, begraben worden; deſſen"
                    HPOS="200"
                    VPOS="1312"
                    WIDTH="1376"
                    HEIGHT="96"
                    WC="0.9803242683410645"></String>
          </TextLine>
          <TextLine ID="eSc_line_f62b66b3"
                    TAGREFS="LT33"
                    BASELINE="216 1379 297 1405 351 1411 1585 1436" 
                    HPOS="215"
                    VPOS="1362"
                    WIDTH="1370"
                    HEIGHT="93">
            <Shape><Polygon POINTS="215 1418 305 1419 329 1431 330 1431 332 1431 333 1431 351 1423 372 1433 373 1433 375 1433 430 1425 501 1436 502 1436 679 1433 689 1440 690 1440 691 1440 762 1441 764 1441 814 1434 875 1443 876 1443 937 1434 989 1436 1008 1447 1009 1447 1011 1447 1136 1440 1229 1451 1230 1451 1261 1445 1269 1452 1271 1452 1272 1452 1273 1452 1337 1445 1423 1455 1425 1455 1583 1451 1585 1436 1583 1393 1508 1400 1432 1388 1430 1388 1344 1397 1266 1384 1265 1384 1221 1394 1200 1383 1198 1383 1197 1383 1111 1391 1090 1384 1089 1384 1087 1384 957 1388 790 1376 789 1376 787 1376 764 1384 673 1375 672 1375 440 1377 415 1369 413 1369 412 1369 370 1373 219 1362 216 1379 215 1418"/></Shape>
            <String CONTENT=" dꝛr erlarius noch dieſe Zeit als einen groſſen Gurthaͤter, der uns"
                    HPOS="215"
                    VPOS="1362"
                    WIDTH="1370"
                    HEIGHT="93"
                    WC="0.9968262572786701"></String>
          </TextLine>
          <TextLine ID="eSc_line_676efbf9"
                    TAGREFS="LT33"
                    BASELINE="198 1423 232 1431" 
                    HPOS="194"
                    VPOS="1388"
                    WIDTH="43"
                    HEIGHT="55">
            <Shape><Polygon POINTS="198 1423 194 1434 227 1443 232 1431 237 1398 205 1388 198 1423"/></Shape>
            <String CONTENT="zu"
                    HPOS="194"
                    VPOS="1388"
                    WIDTH="43"
                    HEIGHT="55"
                    WC="0.9965813159942627"></String>
          </TextLine>
          <TextLine ID="eSc_line_74134b1f"
                    TAGREFS="LT33"
                    BASELINE="273 1454 457 1465 1125 1472" 
                    HPOS="273"
                    VPOS="1416"
                    WIDTH="852"
                    HEIGHT="77">
            <Shape><Polygon POINTS="273 1454 273 1475 323 1475 340 1484 341 1484 343 1484 344 1484 345 1484 366 1477 483 1486 484 1486 486 1486 520 1477 622 1479 646 1488 647 1488 648 1488 693 1480 725 1490 726 1490 727 1491 821 1491 821 1490 822 1490 823 1490 832 1483 933 1493 934 1493 1123 1487 1125 1472 1125 1438 1097 1431 1096 1431 1094 1431 1026 1438 994 1426 993 1426 991 1426 925 1437 812 1423 811 1423 726 1434 683 1422 682 1422 680 1422 679 1422 677 1422 662 1433 594 1425 593 1425 543 1431 532 1422 532 1420 530 1420 529 1420 527 1420 526 1420 507 1430 465 1419 464 1419 390 1418 388 1418 387 1418 368 1426 273 1416 273 1454"/></Shape>
            <String CONTENT="eruche Gutter verehrt, gehalten wird. ()"
                    HPOS="273"
                    VPOS="1416"
                    WIDTH="852"
                    HEIGHT="77"
                    WC="0.9781654551625252"></String>
          </TextLine>
          <TextLine ID="eSc_line_0596544b"
                    TAGREFS="LT33"
                    BASELINE="300 1508 1191 1527 1575 1541" 
                    HPOS="298"
                    VPOS="1466"
                    WIDTH="1277"
                    HEIGHT="92">
            <Shape><Polygon POINTS="300 1508 298 1522 419 1531 420 1531 530 1527 541 1534 543 1534 544 1534 545 1534 632 1530 650 1537 651 1537 652 1537 762 1531 889 1543 890 1543 940 1536 1007 1545 1008 1545 1009 1545 1029 1538 1075 1547 1076 1547 1398 1547 1428 1555 1429 1555 1430 1555 1482 1550 1572 1558 1575 1541 1575 1491 1428 1488 1426 1488 1425 1488 1405 1495 1392 1487 1390 1487 1389 1487 1344 1487 1343 1487 1287 1494 1139 1481 1137 1481 1076 1488 1062 1481 1061 1481 1059 1481 943 1484 883 1475 882 1475 776 1481 698 1472 697 1472 651 1479 583 1468 582 1468 479 1475 300 1466 300 1508"/></Shape>
            <String CONTENT="Anno 90s. iſt die Gradt faſt gantz abgebrunnen, wie ich liſe,"
                    HPOS="298"
                    VPOS="1466"
                    WIDTH="1277"
                    HEIGHT="92"
                    WC="0.9859524012589064"></String>
          </TextLine>
          <TextLine ID="eSc_line_48f97bc0"
                    TAGREFS="LT33"
                    BASELINE="194 1527 252 1538" 
                    HPOS="191"
                    VPOS="1476"
                    WIDTH="68"
                    HEIGHT="76">
            <Shape><Polygon POINTS="194 1527 191 1541 248 1552 252 1538 259 1498 202 1476 194 1527"/></Shape>
            <String CONTENT="a"
                    HPOS="191"
                    VPOS="1476"
                    WIDTH="68"
                    HEIGHT="76"
                    WC="0.9999949932098389"></String>
          </TextLine>
          <TextLine ID="eSc_line_692d4a60"
                    TAGREFS="LT33"
                    BASELINE="286 1554 332 1563 454 1569 1582 1590" 
                    HPOS="284"
                    VPOS="1516"
                    WIDTH="1298"
                    HEIGHT="92">
            <Shape><Polygon POINTS="284 1576 491 1590 493 1590 679 1584 729 1594 730 1594 768 1586 790 1595 791 1595 793 1595 904 1588 976 1598 978 1598 979 1598 997 1590 1116 1601 1118 1601 1119 1601 1144 1594 1175 1602 1176 1602 1178 1602 1244 1597 1258 1604 1260 1604 1261 1604 1310 1598 1364 1606 1365 1606 1367 1606 1390 1601 1579 1608 1582 1590 1582 1551 1514 1551 1498 1541 1497 1541 1496 1541 1494 1541 1457 1548 1415 1537 1414 1537 1412 1537 1367 1547 1332 1540 1330 1540 1298 1545 1272 1534 1271 1534 1269 1534 1182 1541 1162 1533 1161 1533 1160 1533 1107 1537 1054 1530 1053 1530 1051 1530 1022 1540 982 1529 980 1529 979 1529 840 1534 711 1523 709 1523 639 1531 612 1522 611 1522 609 1522 551 1531 511 1531 497 1522 495 1522 494 1522 493 1522 423 1529 390 1519 388 1519 387 1519 330 1526 287 1516 286 1554 284 1576"/></Shape>
            <String CONTENT="enen groſſen Vor⸗Staͤdten, iſt glaublicher, daß nur die Vor⸗"
                    HPOS="284"
                    VPOS="1516"
                    WIDTH="1298"
                    HEIGHT="92"
                    WC="0.9900780379772186"></String>
          </TextLine>
          <TextLine ID="eSc_line_58cf37ca"
                    TAGREFS="LT33"
                    BASELINE="233 1586 291 1602" 
                    HPOS="227"
                    VPOS="1548"
                    WIDTH="74"
                    HEIGHT="68">
            <Shape><Polygon POINTS="233 1586 227 1600 284 1616 291 1602 301 1563 243 1548 233 1586"/></Shape>
            <String CONTENT="ad"
                    HPOS="227"
                    VPOS="1548"
                    WIDTH="74"
                    HEIGHT="68"
                    WC="0.9999349117279053"></String>
          </TextLine>
          <TextLine ID="eSc_line_9271cee9"
                    TAGREFS="LT33"
                    BASELINE="193 1620 236 1626" 
                    HPOS="191"
                    VPOS="1580"
                    WIDTH="47"
                    HEIGHT="67">
            <Shape><Polygon POINTS="193 1620 191 1641 202 1637 230 1647 236 1626 238 1594 197 1580 193 1620"/></Shape>
            <String CONTENT="det"
                    HPOS="191"
                    VPOS="1580"
                    WIDTH="47"
                    HEIGHT="67"
                    WC="0.9429299434026083"></String>
          </TextLine>
          <TextLine ID="eSc_line_82a7b7ef"
                    TAGREFS="LT33"
                    BASELINE="315 1613 1585 1641" 
                    HPOS="313"
                    VPOS="1570"
                    WIDTH="1272"
                    HEIGHT="85">
            <Shape><Polygon POINTS="315 1613 313 1631 1582 1655 1585 1641 1582 1595 1467 1602 1251 1588 1250 1588 1169 1595 1105 1586 1104 1586 1030 1591 1018 1583 1016 1583 1015 1583 1014 1583 975 1588 929 1581 928 1581 926 1581 897 1590 866 1580 865 1580 864 1580 709 1586 686 1576 684 1576 683 1576 579 1581 548 1573 547 1573 545 1573 544 1573 518 1581 315 1570 315 1613"/></Shape>
            <String CONTENT="geweſen, ſo die Ungarn abgebrannt; dann Adelsreuter mel⸗"
                    HPOS="313"
                    VPOS="1570"
                    WIDTH="1272"
                    HEIGHT="85"
                    WC="0.9928932434746197"></String>
          </TextLine>
          <TextLine ID="eSc_line_e67917d1"
                    TAGREFS="LT33"
                    BASELINE="191 1675 245 1681" 
                    HPOS="188"
                    VPOS="1625"
                    WIDTH="62"
                    HEIGHT="76">
            <Shape><Polygon POINTS="188 1691 241 1701 245 1681 250 1643 198 1625 191 1675 188 1691"/></Shape>
            <String CONTENT="ſte-"
                    HPOS="188"
                    VPOS="1625"
                    WIDTH="62"
                    HEIGHT="76"
                    WC="0.906471848487854"></String>
          </TextLine>
          <TextLine ID="eSc_line_9f7a56bf"
                    TAGREFS="LT33"
                    BASELINE="301 1659 498 1672 1583 1690" 
                    HPOS="300"
                    VPOS="1620"
                    WIDTH="1283"
                    HEIGHT="85">
            <Shape><Polygon POINTS="301 1659 300 1680 434 1690 436 1690 584 1686 741 1695 743 1695 777 1690 816 1697 818 1697 887 1691 971 1700 972 1700 1041 1694 1096 1701 1097 1701 1197 1697 1208 1704 1210 1704 1211 1704 1212 1705 1582 1705 1583 1690 1583 1647 1265 1645 1244 1637 1243 1637 1241 1637 1204 1644 1147 1637 1146 1637 1048 1641 993 1633 991 1633 914 1638 865 1630 864 1630 741 1636 633 1626 632 1626 630 1626 609 1633 584 1625 583 1625 582 1625 529 1631 301 1620 301 1659"/></Shape>
            <String CONTENT="iß die Ungarn in Bayrn gefallen, uͤbel gehauſet, faſt alle Cloͤ⸗"
                    HPOS="300"
                    VPOS="1620"
                    WIDTH="1283"
                    HEIGHT="85"
                    WC="0.985825540497899"></String>
          </TextLine>
          <TextLine ID="eSc_line_76d0452d"
                    TAGREFS="LT33"
                    BASELINE="193 1718 265 1738" 
                    HPOS="187"
                    VPOS="1684"
                    WIDTH="85"
                    HEIGHT="72">
            <Shape><Polygon POINTS="193 1718 187 1736 258 1756 265 1738 272 1700 201 1684 193 1718"/></Shape>
            <String CONTENT="vern"
                    HPOS="187"
                    VPOS="1684"
                    WIDTH="85"
                    HEIGHT="72"
                    WC="0.9656373858451843"></String>
          </TextLine>
          <TextLine ID="eSc_line_f5a41040"
                    TAGREFS="LT33"
                    BASELINE="302 1706 338 1716 461 1722 1575 1744" 
                    HPOS="301"
                    VPOS="1672"
                    WIDTH="1274"
                    HEIGHT="84">
            <Shape><Polygon POINTS="301 1729 423 1738 425 1738 526 1734 583 1741 1572 1756 1575 1744 1575 1698 1440 1704 1325 1694 1323 1694 1322 1694 1305 1701 1258 1691 1257 1691 1194 1698 1171 1688 1169 1688 1168 1688 1105 1695 1093 1687 1091 1687 1090 1687 1089 1687 966 1694 897 1683 896 1683 797 1690 780 1681 779 1681 777 1681 657 1687 643 1679 641 1679 640 1679 639 1679 637 1679 620 1686 545 1679 544 1679 490 1684 305 1672 302 1706 301 1729"/></Shape>
            <String CONTENT="gebrennet, unter anderen Orthen auch Neu⸗Regenſpurg (ſo"
                    HPOS="301"
                    VPOS="1672"
                    WIDTH="1274"
                    HEIGHT="84"
                    WC="0.9975875551050359"></String>
          </TextLine>
          <TextLine ID="eSc_line_88ae037a"
                    TAGREFS="LT33"
                    BASELINE="302 1754 355 1768 545 1776 1575 1791" 
                    HPOS="301"
                    VPOS="1722"
                    WIDTH="1274"
                    HEIGHT="83">
            <Shape><Polygon POINTS="1215 1737 1214 1737 1157 1745 1061 1737 1059 1737 1025 1743 982 1733 980 1733 912 1741 807 1730 805 1730 804 1730 771 1738 646 1727 644 1727 522 1733 461 1725 459 1725 458 1725 427 1731 305 1722 302 1754 301 1781 472 1784 487 1793 489 1793 490 1793 520 1787 694 1795 696 1795 725 1790 733 1797 734 1797 736 1797 737 1797 812 1791 830 1798 832 1798 1572 1805 1575 1791 1574 1752 1412 1743 1411 1743 1239 1747 1216 1737 1215 1737"/></Shape>
            <String CONTENT="zuch die Vor⸗Staͤdt geweſen ſeyn.) Luitpaldus widerſette ſich"
                    HPOS="301"
                    VPOS="1722"
                    WIDTH="1274"
                    HEIGHT="83"
                    WC="0.9953324951109339"></String>
          </TextLine>
          <TextLine ID="eSc_line_3e679ff5"
                    TAGREFS="LT33"
                    BASELINE="190 1772 265 1779" 
                    HPOS="187"
                    VPOS="1729"
                    WIDTH="78"
                    HEIGHT="77">
            <Shape><Polygon POINTS="190 1772 187 1787 209 1790 222 1804 222 1805 223 1805 225 1805 261 1806 265 1779 265 1750 243 1747 230 1731 229 1731 229 1730 227 1730 226 1730 193 1729 190 1772"/></Shape>
            <String CONTENT="sder"
                    HPOS="187"
                    VPOS="1729"
                    WIDTH="78"
                    HEIGHT="77"
                    WC="0.9976675063371658"></String>
          </TextLine>
          <TextLine ID="eSc_line_72d655a0"
                    TAGREFS="LT33"
                    BASELINE="193 1827 315 1854" 
                    HPOS="188"
                    VPOS="1780"
                    WIDTH="134"
                    HEIGHT="88">
            <Shape><Polygon POINTS="188 1843 311 1868 315 1854 322 1816 283 1798 282 1798 229 1797 202 1780 193 1827 188 1843"/></Shape>
            <String CONTENT="gerren"
                    HPOS="188"
                    VPOS="1780"
                    WIDTH="134"
                    HEIGHT="88"
                    WC="0.9999648729960123"></String>
          </TextLine>
          <TextLine ID="eSc_line_51acf018"
                    TAGREFS="LT33"
                    BASELINE="326 1812 527 1827 1580 1840" 
                    HPOS="325"
                    VPOS="1776"
                    WIDTH="1255"
                    HEIGHT="83">
            <Shape><Polygon POINTS="326 1812 325 1836 498 1848 500 1848 597 1840 727 1851 729 1851 762 1844 855 1852 857 1852 858 1852 878 1844 1000 1855 1001 1855 1271 1850 1303 1859 1304 1859 1305 1859 1307 1859 1308 1859 1321 1851 1578 1859 1580 1840 1578 1793 1492 1804 1455 1794 1454 1794 1453 1794 1451 1794 1418 1802 1393 1794 1392 1794 1390 1794 1354 1801 1198 1801 1185 1791 1183 1791 1182 1791 1180 1791 1115 1798 1036 1786 1034 1786 1033 1786 1007 1797 891 1783 890 1783 822 1794 775 1781 773 1781 772 1781 771 1781 747 1790 723 1781 722 1781 721 1781 719 1781 718 1781 702 1793 612 1793 593 1779 591 1779 590 1779 589 1779 508 1787 484 1777 483 1777 326 1776 326 1812"/></Shape>
            <String CONTENT="gebens, und verluhr ſeyn Leben ſeibſt, ſamt 21. vornehmen"
                    HPOS="325"
                    VPOS="1776"
                    WIDTH="1255"
                    HEIGHT="83"
                    WC="0.9978869599208497"></String>
          </TextLine>
          <TextLine ID="eSc_line_f4faf972"
                    TAGREFS="LT33"
                    BASELINE="304 1911 532 1926 1083 1930 1580 1945" 
                    HPOS="302"
                    VPOS="1866"
                    WIDTH="1278"
                    HEIGHT="99">
            <Shape><Polygon POINTS="302 1927 466 1931 515 1944 871 1951 872 1951 1015 1944 1171 1956 1172 1956 1173 1956 1175 1956 1186 1950 1265 1950 1286 1958 1287 1958 1289 1958 1329 1951 1393 1963 1578 1965 1580 1945 1580 1905 1485 1904 1442 1893 1440 1893 1367 1900 1342 1888 1340 1888 1339 1888 1297 1895 1264 1887 1262 1887 1139 1884 1137 1884 1136 1884 1135 1884 1125 1891 1085 1883 1083 1883 1028 1893 948 1880 947 1880 851 1888 797 1877 796 1877 693 1884 677 1875 676 1875 675 1875 673 1875 404 1879 305 1866 304 1911 302 1927"/></Shape>
            <String CONTENT="Oieweil nun nach Ludorici Ableiben die Ungarn denen Bayrn."
                    HPOS="302"
                    VPOS="1866"
                    WIDTH="1278"
                    HEIGHT="99"
                    WC="0.9830777973964296"></String>
          </TextLine>
          <TextLine ID="eSc_line_2a02e186"
                    TAGREFS="LT33"
                    BASELINE="187 1927 244 1933" 
                    HPOS="184"
                    VPOS="1879"
                    WIDTH="61"
                    HEIGHT="72">
            <Shape><Polygon POINTS="187 1927 184 1943 240 1951 244 1933 245 1890 190 1879 187 1927"/></Shape>
            <String CONTENT="Raͤr"
                    HPOS="184"
                    VPOS="1879"
                    WIDTH="61"
                    HEIGHT="72"
                    WC="0.8462148308753967"></String>
          </TextLine>
          <TextLine ID="eSc_line_f9bd767a"
                    TAGREFS="LT33"
                    BASELINE="293 1955 586 1981 1039 1983 1571 1997" 
                    HPOS="291"
                    VPOS="1918"
                    WIDTH="1280"
                    HEIGHT="109">
            <Shape><Polygon POINTS="293 1955 291 1980 386 1984 419 2002 420 2002 509 2005 511 2005 602 2001 798 2012 800 2012 801 2012 855 1997 921 2005 922 2005 982 2001 1003 2013 1004 2013 1005 2013 1007 2013 1055 2012 1069 2020 1071 2020 1072 2020 1073 2020 1075 2020 1125 2005 1218 2015 1219 2016 1386 2016 1417 2027 1418 2027 1419 2027 1421 2027 1457 2013 1510 2025 1511 2025 1569 2019 1571 1997 1571 1963 1526 1952 1525 1952 1524 1952 1486 1965 1419 1955 1418 1955 1383 1959 1314 1945 1312 1945 1255 1952 1215 1943 1214 1943 1212 1943 1144 1952 1112 1940 1111 1940 1076 1940 1075 1940 1073 1940 1047 1952 1012 1937 1011 1937 1009 1937 1008 1937 990 1945 904 1936 903 1936 901 1936 855 1947 733 1945 712 1934 711 1934 709 1934 659 1943 505 1940 447 1936 427 1922 426 1922 425 1922 391 1920 390 1920 388 1920 366 1931 293 1918 293 1955"/></Shape>
            <String CONTENT="den Untergang antroheten, wofer ſie ſich nicht mit gar groſſer"
                    HPOS="291"
                    VPOS="1918"
                    WIDTH="1280"
                    HEIGHT="109"
                    WC="0.9990238028187906"></String>
          </TextLine>
          <TextLine ID="eSc_line_ab506cb0"
                    TAGREFS="LT33"
                    BASELINE="818 2034 964 2037" 
                    HPOS="816"
                    VPOS="1987"
                    WIDTH="148"
                    HEIGHT="63">
            <Shape><Polygon POINTS="818 2034 816 2050 962 2050 964 2037 964 2004 908 2004 893 1988 893 1987 891 1987 890 1987 889 1987 887 1987 869 1995 834 1987 833 1987 832 1987 830 1987 829 1987 818 1994 818 2034"/></Shape>
            <String CONTENT="Do 2"
                    HPOS="816"
                    VPOS="1987"
                    WIDTH="148"
                    HEIGHT="63"
                    WC="0.9892973899841309"></String>
          </TextLine>
          <TextLine ID="eSc_line_2cf640f1"
                    TAGREFS="LT33"
                    BASELINE="1430 2051 1569 2045" 
                    HPOS="1428"
                    VPOS="2004"
                    WIDTH="141"
                    HEIGHT="64">
            <Shape><Polygon POINTS="1430 2051 1430 2061 1444 2068 1446 2068 1447 2068 1485 2061 1530 2065 1532 2065 1533 2065 1569 2054 1569 2045 1565 2013 1518 2015 1464 2004 1462 2004 1461 2004 1428 2013 1430 2051"/></Shape>
            <String CONTENT="Sum⸗"
                    HPOS="1428"
                    VPOS="2004"
                    WIDTH="141"
                    HEIGHT="64"
                    WC="0.9999938905239105"></String>
          </TextLine>
        </TextBlock>
        <TextBlock HPOS="27"
                   VPOS="529"
                   WIDTH="82"
                   HEIGHT="36"
                   ID="eSc_textblock_84ca5afe"
                   TAGREFS="BT42">
          <Shape><Polygon POINTS="76 529 109 538 104 565 27 548 76 529"/></Shape>
          <TextLine ID="eSc_line_07259df8"
                    TAGREFS="LT33"
                    BASELINE="54 558 86 556" 
                    HPOS="51"
                    VPOS="518"
                    WIDTH="35"
                    HEIGHT="55">
            <Shape><Polygon POINTS="54 558 54 572 84 573 86 556 81 518 51 523 54 558"/></Shape>
            <String CONTENT="ꝛi"
                    HPOS="51"
                    VPOS="518"
                    WIDTH="35"
                    HEIGHT="55"
                    WC="0.999421238899231"></String>
          </TextLine>
        </TextBlock>
        <TextBlock HPOS="33"
                   VPOS="583"
                   WIDTH="82"
                   HEIGHT="276"
                   ID="eSc_textblock_98868237"
                   TAGREFS="BT42">
          <Shape><Polygon POINTS="84 583 104 604 81 620 115 638 115 793 104 854 61 859 33 754 33 627 50 588 84 583"/></Shape>
          <TextLine ID="eSc_line_053c5e95"
                    TAGREFS="LT33"
                    BASELINE="37 661 97 656" 
                    HPOS="34"
                    VPOS="623"
                    WIDTH="63"
                    HEIGHT="58">
            <Shape><Polygon POINTS="90 626 88 623 34 627 37 661 38 681 97 662 97 656 91 626 90 626"/></Shape>
            <String CONTENT="inti"
                    HPOS="34"
                    VPOS="623"
                    WIDTH="63"
                    HEIGHT="58"
                    WC="0.9998935014009476"></String>
          </TextLine>
          <TextLine ID="eSc_line_53d2cc7d"
                    TAGREFS="LT33"
                    BASELINE="47 706 102 702" 
                    HPOS="43"
                    VPOS="665"
                    WIDTH="59"
                    HEIGHT="64">
            <Shape><Polygon POINTS="47 706 48 729 102 716 102 702 97 665 43 675 47 706"/></Shape>
            <String CONTENT="von"
                    HPOS="43"
                    VPOS="665"
                    WIDTH="59"
                    HEIGHT="64"
                    WC="0.9998960296312968"></String>
          </TextLine>
          <TextLine ID="eSc_line_b414e300"
                    TAGREFS="LT33"
                    BASELINE="45 811 97 806" 
                    HPOS="44"
                    VPOS="761"
                    WIDTH="54"
                    HEIGHT="77">
            <Shape><Polygon POINTS="44 802 45 811 47 834 59 838 61 838 62 838 63 838 98 825 97 806 90 761 45 776 44 802"/></Shape>
            <String CONTENT="nàͤ"
                    HPOS="44"
                    VPOS="761"
                    WIDTH="54"
                    HEIGHT="77"
                    WC="0.8858564496040344"></String>
          </TextLine>
        </TextBlock>
        <TextBlock HPOS="33"
                   VPOS="972"
                   WIDTH="71"
                   HEIGHT="143"
                   ID="eSc_textblock_91de7ac7"
                   TAGREFS="BT42">
          <Shape><Polygon POINTS="62 972 104 988 93 1115 55 1109 54 1048 43 1076 33 1059 55 1043 62 972"/></Shape>
          <TextLine ID="eSc_line_19b50682"
                    TAGREFS="LT33"
                    BASELINE="58 1006 98 1004" 
                    HPOS="56"
                    VPOS="975"
                    WIDTH="42"
                    HEIGHT="52">
            <Shape><Polygon POINTS="83 980 69 975 56 993 58 1006 61 1027 98 1016 98 1004 97 986 83 980"/></Shape>
            <String CONTENT="dc."
                    HPOS="56"
                    VPOS="975"
                    WIDTH="42"
                    HEIGHT="52"
                    WC="0.8932536443074545"></String>
          </TextLine>
        </TextBlock>
        <TextBlock HPOS="200"
                   VPOS="2105"
                   WIDTH="332"
                   HEIGHT="82"
                   ID="eSc_textblock_1cc46840"
                   TAGREFS="BT42">
          <Shape><Polygon POINTS="223 2105 520 2138 532 2159 509 2187 227 2176 200 2148 200 2116 223 2105"/></Shape>
          <TextLine ID="eSc_line_d8198cdc"
                    TAGREFS="LT33"
                    BASELINE="212 2143 397 2168 519 2173" 
                    HPOS="209"
                    VPOS="2105"
                    WIDTH="310"
                    HEIGHT="99">
            <Shape><Polygon POINTS="519 2140 473 2138 462 2130 450 2130 439 2129 427 2133 329 2123 307 2113 298 2113 284 2112 270 2111 257 2108 243 2106 229 2105 215 2108 212 2143 209 2168 329 2172 359 2195 361 2195 362 2195 439 2204 440 2204 502 2191 512 2198 519 2173 519 2168 519 2140"/></Shape>
            <String CONTENT="O Vas Dirlomers"
                    HPOS="209"
                    VPOS="2105"
                    WIDTH="310"
                    HEIGHT="99"
                    WC="0.9425873200098673"></String>
          </TextLine>
        </TextBlock>
        <TextBlock HPOS="72"
                   VPOS="900"
                   WIDTH="21"
                   HEIGHT="9"
                   ID="eSc_textblock_6b3a76d4"
                   TAGREFS="BT42">
          <Shape><Polygon POINTS="90 900 93 909 72 909 72 905 90 900"/></Shape>
        </TextBlock>
        <TextBlock HPOS="16"
                   VPOS="427"
                   WIDTH="93"
                   HEIGHT="43"
                   ID="eSc_textblock_a081352e"
                   TAGREFS="BT42">
          <Shape><Polygon POINTS="61 427 98 427 109 454 87 470 16 459 27 433 61 427"/></Shape>
        </TextBlock>
        <TextBlock HPOS="44"
                   VPOS="1944"
                   WIDTH="4"
                   HEIGHT="4"
                   ID="eSc_textblock_4de02f90"
                   TAGREFS="BT42">
          <Shape><Polygon POINTS="48 1947 44 1948 44 1944 48 1944 48 1947"/></Shape>
        </TextBlock>
        <TextBlock HPOS="22"
                   VPOS="1733"
                   WIDTH="65"
                   HEIGHT="76"
                   ID="eSc_textblock_38189f26"
                   TAGREFS="BT42">
          <Shape><Polygon POINTS="73 1733 87 1798 44 1809 44 1783 72 1772 22 1750 73 1733"/></Shape>
        </TextBlock>
        <TextBlock HPOS="22"
                   VPOS="1783"
                   WIDTH="71"
                   HEIGHT="121"
                   ID="eSc_textblock_44c4c9e1"
                   TAGREFS="BT42">
          <Shape><Polygon POINTS="27 1783 38 1827 93 1833 81 1904 65 1876 33 1876 22 1904 27 1783"/></Shape>
        </TextBlock>
        <TextBlock HPOS="27"
                   VPOS="2122"
                   WIDTH="60"
                   HEIGHT="32"
                   ID="eSc_textblock_534692da"
                   TAGREFS="BT42">
          <Shape><Polygon POINTS="40 2122 81 2122 87 2148 27 2154 40 2122"/></Shape>
        </TextBlock>
        <TextBlock HPOS="38"
                   VPOS="1477"
                   WIDTH="55"
                   HEIGHT="27"
                   ID="eSc_textblock_d29584da"
                   TAGREFS="BT42">
          <Shape><Polygon POINTS="73 1477 93 1504 38 1504 44 1483 73 1477"/></Shape>
        </TextBlock>
        <TextBlock HPOS="55"
                   VPOS="1638"
                   WIDTH="21"
                   HEIGHT="21"
                   ID="eSc_textblock_a1d0a6a9"
                   TAGREFS="BT42">
          <Shape><Polygon POINTS="72 1638 76 1659 55 1654 66 1638 72 1638"/></Shape>
        </TextBlock>
        <TextBlock HPOS="55"
                   VPOS="1433"
                   WIDTH="38"
                   HEIGHT="32"
                   ID="eSc_textblock_43db8144"
                   TAGREFS="BT42">
          <Shape><Polygon POINTS="73 1433 93 1448 66 1465 55 1438 73 1433"/></Shape>
        </TextBlock>
        <TextBlock HPOS="66"
                   VPOS="1688"
                   WIDTH="15"
                   HEIGHT="16"
                   ID="eSc_textblock_28a5a447"
                   TAGREFS="BT42">
          <Shape><Polygon POINTS="73 1688 81 1688 81 1704 66 1704 73 1688"/></Shape>
        </TextBlock>
        <TextBlock HPOS="66"
                   VPOS="1544"
                   WIDTH="21"
                   HEIGHT="15"
                   ID="eSc_textblock_cd0f5161"
                   TAGREFS="BT42">
          <Shape><Polygon POINTS="72 1544 81 1544 87 1554 66 1559 72 1544"/></Shape>
        </TextBlock>
        <TextBlock HPOS="66"
                   VPOS="1933"
                   WIDTH="21"
                   HEIGHT="21"
                   ID="eSc_textblock_a1a1edc1"
                   TAGREFS="BT42">
          <Shape><Polygon POINTS="73 1933 87 1948 66 1954 66 1933 73 1933"/></Shape>
        </TextBlock>
        <TextBlock HPOS="44"
                   VPOS="1650"
                   WIDTH="4"
                   HEIGHT="4"
                   ID="eSc_textblock_18d45c94"
                   TAGREFS="BT42">
          <Shape><Polygon POINTS="48 1651 48 1654 44 1654 44 1650 48 1651"/></Shape>
        </TextBlock>
        <TextBlock HPOS="27"
                   VPOS="483"
                   WIDTH="71"
                   HEIGHT="26"
                   ID="eSc_textblock_feaf1b7e"
                   TAGREFS="BT42">
          <Shape><Polygon POINTS="73 483 98 488 93 509 27 504 73 483"/></Shape>
        </TextBlock>
        <TextBlock HPOS="61"
                   VPOS="955"
                   WIDTH="9"
                   HEIGHT="10"
                   ID="eSc_textblock_2dc7d06c"
                   TAGREFS="BT42">
          <Shape><Polygon POINTS="68 955 70 965 61 965 61 955 68 955"/></Shape>
        </TextBlock>
        <TextBlock HPOS="55"
                   VPOS="1194"
                   WIDTH="38"
                   HEIGHT="10"
                   ID="eSc_textblock_3ff5cbfe"
                   TAGREFS="BT42">
          <Shape><Polygon POINTS="72 1194 87 1194 93 1204 55 1204 72 1194"/></Shape>
        </TextBlock>
        <TextBlock HPOS="55"
                   VPOS="1333"
                   WIDTH="38"
                   HEIGHT="21"
                   ID="eSc_textblock_86440547"
                   TAGREFS="BT42">
          <Shape><Polygon POINTS="79 1333 93 1354 55 1354 61 1338 79 1333"/></Shape>
        </TextBlock>
        <TextBlock HPOS="72"
                   VPOS="1394"
                   WIDTH="15"
                   HEIGHT="10"
                   ID="eSc_textblock_28a99b42"
                   TAGREFS="BT42">
          <Shape><Polygon POINTS="77 1394 87 1398 72 1404 72 1394 77 1394"/></Shape>
        </TextBlock>
      </PrintSpace>
    </Page>
  </Layout>
</alto>
