1978 2545
854 203 358 71 128 (0 Le

356 254 1423 74 allda ſie verbleiben ſolten. Dergleichen Abſehen wolte GOtt nit ſcegnen. Die Ain⸗

357 302 1424 62 der bezeugten keinen Enſt zur Diſciplin, dahero die Eloͤſterliche Zucht ſehr abge⸗

359 346 1419 65 nommen. Dieſe Gewohnheit wurde nach und nach gehoben, und iſi endlich durch

360 390 1418 68 das Tridentiniſche Concilium die Profetlio, ſo vor erfuͤllten 16ten Jahr des Al⸗

359 431 1054 69 ters geſchehete, als nichtig und unguͤltig erkennet worden. C)

479 479 1300 72 Arnoldus ſaget weiters: die alte Moͤnch zu St. Emmeram hatten leinerne

360 528 1418 72 (Camilias lineas) Hembder, (2) wann ſie ſelbe haben koͤnten, gni eas ha-

362 576 1416 74 dere potuerunt. Die andere trugen wollene hembder, (lancis indue-

362 626 1415 66 bantur,) wegen Mangel der haarichten Kleider, ob pennriam ſcilicet cilici-

360 670 1415 66 cinarum veſtium. In dieſen Worten Arnoldi ſeynd drey Sachen amumercken.

363 715 1415 56 1. mo Die leinerne Hembder deren alten Moͤnchen zu St. Emmeram. 2. d0o Die

362 757 1415 57 Wollene deren anderen Moͤnchen, ſo die leinerne mt haben koͤnten. 2.tio Der Ab⸗

359 801 1416 64 gang und Mangel deren haarichten Kleidern. Was die alte Moͤnch vor Kleider ge⸗

357 845 1415 57 rragen haben, iſt umſtaͤndlich bey R. P. Auguſtino Calmet. (aa) zu leſen.

359 889 1413 56 Damit aber der Leſer ein Vergnuͤgen habe, ſo will ich mit wenigen Worten etwas

360 934 1411 57 melden von der Meynung Calmeti. Er ſaget, daß S. Benedictus durch das

362 969 1412 67 Wort, TUNICAM, (Nock,) welchen dieſer Heitige ſeinen Juͤngern vorſchrei⸗

357 1018 1417 60 bet, das inneriſte nnd naͤchſte Fleid an den bloſſen Leib, verſtanden, und weder

353 1064 1418 61 leinerne, noch wollene Battung, diſes Kleids erlanbt habe, ſondern VIL.-

356 1115 1414 58 LOSAM, ein haarichtes von Schaaf⸗ oder Geiß⸗Haut gemachtes Hembde, Tu⸗

355 1153 1419 55 nicam (oder inneriſten Rock an den Lrib.) Dieſer gelehrte Bencdictiner ( Cal-

355 1197 1419 62 mer) meidet aber anch, (bb) daß wegen der Eloͤſter Armuth, und Mangel ſol⸗

353 1239 1422 56 cher haarichten Kleidern in den Cuniacenler Orden hinnach ſolche Kleider nit ge⸗

355 1286 1417 58 draucht worden. Er ziehet noch verſchiedene andere Erempel an, durch welche der

355 1327 1417 67 Zebranch deren leinernen und wollernen Kleidern, tunicarum, eamiſiarum

357 1375 910 69 &c.) bey denen alten Moͤnchen gezeuget wird. (ec)

473 1415 1299 70 Diejenige ſo hoches Alter hatten, wohneten in denen Cellen, wo ein Waͤr⸗

355 1471 1341 56 me von Fener ware, ſagt Arnoldus cit. loco. (ad) Caminatar, ſeu cedas.

475 1502 1296 58 Sie lebten wie die Arme: commu niter vauverem annonam habebant.

359 1545 1416 52 Volatilia manducabant. Sie eſſeten von denen fliegenden Thieren. Was vor

360 1584 1422 60 Speiſen denen alten Moͤnchen, ſo nach der Regel S. Benedicti lebten, erlanbt

359 1627 1413 65 waren, befiehe Calmet. (ee) Daß die alte Moͤnch Benedicti von Fleiſch⸗Eſſen

359 1669 1415 75 deren vierfuͤßigen Thieren ſich enthalten haben, iſt kein Sweiffel. Es vermeynen

1673 1713 101 82 aing

391 1863 436 58 G) SelL. XXV. caP. XV.

394 1900 965 63 () Du Cange gloſlar. vertd, Caniſa. Imerala. Indulinn.

394 1944 783 65 (a) Conmnentar. in Regul. S. Bevedicti. er. 5S.

393 1975 172 46 (bb) Ldia.

397 1996 1374 75 (cc) In diſem 55. Layute hanlet R. P. Augunt. Calmer von dmn Gatturgen und Farten derrs

423 2050 698 55 Rieydern/ welche die alte aoͤnch getragen haben.

394 2092 678 55 (aa) Du Cange glollar. verno. Caminata.

396 2130 653 71 (y) Calnet. in Rerzl. S. Peged. eꝛ2. 22.
