<?xml version="1.0" encoding="UTF-8"?>
<alto xmlns:xsi="http://www.w3.org/2001/XMLSchema-instance"
      xmlns="http://www.loc.gov/standards/alto/ns-v4#"
      xsi:schemaLocation="http://www.loc.gov/standards/alto/ns-v4# http://www.loc.gov/standards/alto/v4/alto-4-2.xsd">
  <Description>
    <MeasurementUnit>pixel</MeasurementUnit>
    <sourceImageInformation>
      <fileName>image199.jpg</fileName>
      <fileIdentifier>https://archiv.ub.uni-marburg.de/eb/2010/0168</fileIdentifier>
    </sourceImageInformation>
  </Description>
  <Tags>
    <OtherTag ID="BT1" LABEL="Title" DESCRIPTION="block type Title"/><OtherTag ID="BT2" LABEL="Main" DESCRIPTION="block type Main"/><OtherTag ID="BT3" LABEL="Commentary" DESCRIPTION="block type Commentary"/><OtherTag ID="BT4" LABEL="Illustration" DESCRIPTION="block type Illustration"/><OtherTag ID="BT42" LABEL="text" DESCRIPTION="block type text"/>
    <OtherTag ID="LT33" LABEL="default" DESCRIPTION="line type default"/>
  </Tags>
  <Layout>
    <Page WIDTH="1934"
          HEIGHT="2551"
          PHYSICAL_IMG_NR="199"
          ID="eSc_dummypage_">
      <PrintSpace HPOS="0"
                  VPOS="0"
                  WIDTH="1934"
                  HEIGHT="2551">
        <TextBlock HPOS="175"
                   VPOS="226"
                   WIDTH="1439"
                   HEIGHT="917"
                   ID="eSc_textblock_c233f4a8"
                   TAGREFS="BT42">
          <Shape><Polygon POINTS="690 226 1098 238 1110 259 1076 277 1087 287 1013 306 1049 340 1303 357 1355 476 1569 493 1609 515 1614 554 1580 593 1191 667 1149 719 1179 759 1580 787 1609 918 1597 1013 1575 1037 1586 1143 1434 1126 1434 1094 1491 1052 1461 1018 986 1035 962 1052 1013 1087 900 1143 794 1126 782 1094 803 1058 238 1052 187 1035 175 731 204 691 181 627 181 447 242 436 294 464 389 464 465 345 696 317 663 287 663 243 690 226"/></Shape>
          <TextLine ID="eSc_line_5bb74cbb"
                    TAGREFS="LT33"
                    BASELINE="679 263 785 276 954 276 1077 267" 
                    HPOS="677"
                    VPOS="226"
                    WIDTH="400"
                    HEIGHT="74">
            <Shape><Polygon POINTS="1074 236 1060 236 1046 236 1032 235 1018 235 1003 235 989 233 975 233 961 233 947 233 932 232 918 232 904 232 890 231 884 231 876 232 869 231 862 231 847 231 833 229 819 229 805 229 791 229 777 228 762 228 748 228 734 226 720 226 706 226 689 226 679 232 679 263 677 289 768 299 769 299 812 290 826 300 828 300 829 300 830 300 832 300 867 291 906 300 907 300 1076 294 1077 267 1074 236 1074 236"/></Shape>
            <String CONTENT="as (0) EBg--"
                    HPOS="677"
                    VPOS="226"
                    WIDTH="400"
                    HEIGHT="74"
                    WC="0.9538727104663849"></String>
          </TextLine>
          <TextLine ID="eSc_line_3e01ad82"
                    TAGREFS="LT33"
                    BASELINE="469 435 1312 450" 
                    HPOS="467"
                    VPOS="340"
                    WIDTH="845"
                    HEIGHT="129">
            <Shape><Polygon POINTS="1305 371 1297 361 1175 359 1159 350 1158 350 1156 350 1155 350 1154 350 1131 358 1081 348 1080 348 1032 357 928 345 927 345 925 345 907 354 887 345 886 345 884 345 883 345 856 354 815 345 813 345 812 345 794 352 740 345 738 345 700 351 689 342 689 341 687 341 686 341 684 341 635 350 602 340 601 340 599 340 469 347 469 435 467 450 612 450 623 457 625 457 626 457 628 457 697 450 716 459 717 459 852 462 853 462 911 454 931 463 932 463 934 463 975 456 1003 464 1005 464 1006 464 1040 459 1111 466 1113 466 1155 459 1236 469 1237 469 1311 460 1312 450 1305 372 1305 371"/></Shape>
            <String CONTENT="CAPUTXXVIII"
                    HPOS="467"
                    VPOS="340"
                    WIDTH="845"
                    HEIGHT="129"
                    WC="0.9971132711930708"></String>
          </TextLine>
          <TextLine ID="eSc_line_5e2c8be2"
                    TAGREFS="LT33"
                    BASELINE="260 514 680 532 1602 549" 
                    HPOS="259"
                    VPOS="471"
                    WIDTH="1343"
                    HEIGHT="102">
            <Shape><Polygon POINTS="259 534 673 554 674 554 717 545 730 555 731 555 733 555 734 555 735 555 765 548 856 558 857 558 921 551 991 561 992 561 1273 558 1293 568 1294 568 1295 568 1297 568 1329 559 1366 569 1368 569 1369 569 1413 562 1443 571 1444 571 1446 571 1522 565 1555 573 1556 573 1558 573 1600 564 1602 549 1602 515 1485 501 1484 501 1483 501 1456 510 1358 500 1356 500 1355 500 1342 505 1320 496 1318 496 1232 494 1230 494 1188 504 1161 494 1159 494 1158 494 1105 503 1060 491 1059 491 1057 491 1008 500 969 487 968 487 967 487 686 493 660 480 659 480 657 480 591 490 518 481 517 481 516 481 487 488 459 476 457 476 456 476 455 476 421 487 374 474 372 474 262 471 260 514 259 534"/></Shape>
            <String CONTENT="do der vierdte Abbt iſt erwaͤhlet worden im Jahr 752. ſtunde,"
                    HPOS="259"
                    VPOS="471"
                    WIDTH="1343"
                    HEIGHT="102"
                    WC="0.9989385536459626"></String>
          </TextLine>
          <TextLine ID="eSc_line_4d8c2d3a"
                    TAGREFS="LT33"
                    BASELINE="255 572 1403 596" 
                    HPOS="253"
                    VPOS="527"
                    WIDTH="1150"
                    HEIGHT="100">
            <Shape><Polygon POINTS="255 572 253 589 321 606 323 606 324 606 364 596 415 605 416 605 521 602 533 610 534 610 535 610 537 610 626 602 659 613 660 613 662 615 718 615 718 613 720 613 721 613 731 606 795 616 796 616 798 616 840 603 932 612 934 612 996 606 1066 622 1067 623 1097 623 1097 622 1098 622 1100 622 1121 609 1165 616 1166 616 1220 612 1236 622 1237 622 1239 622 1240 622 1242 622 1266 612 1293 626 1294 626 1295 626 1297 626 1311 620 1400 627 1403 596 1400 554 1334 561 1191 547 1189 547 1188 547 1149 556 1088 556 1052 544 1050 544 1049 544 1047 544 1018 554 930 541 928 541 927 541 894 551 799 551 771 538 769 538 768 538 767 538 738 548 725 537 724 537 723 537 721 537 720 537 689 547 531 545 467 542 456 532 456 531 455 531 453 531 452 531 450 531 421 539 375 530 374 530 372 530 350 539 255 527 255 572"/></Shape>
            <String CONTENT="dem Cloſter vor, 25. Jahr, 10. Monach, 2c. Taͤg. ()"
                    HPOS="253"
                    VPOS="527"
                    WIDTH="1150"
                    HEIGHT="100"
                    WC="0.986266856100045"></String>
          </TextLine>
          <TextLine ID="eSc_line_c43b73f4"
                    TAGREFS="LT33"
                    BASELINE="625 708 1111 718" 
                    HPOS="623"
                    VPOS="647"
                    WIDTH="488"
                    HEIGHT="101">
            <Shape><Polygon POINTS="625 708 623 725 796 727 833 742 835 742 836 742 837 742 863 729 900 741 901 741 903 741 988 729 1010 745 1012 745 1013 745 1042 746 1043 748 1100 748 1100 746 1101 746 1103 746 1110 739 1111 718 1111 654 1023 653 1022 653 1020 653 972 668 924 668 908 656 907 656 906 656 904 656 820 664 784 649 782 649 781 649 779 649 751 656 733 647 731 647 730 647 728 647 727 647 727 649 711 663 676 661 660 647 659 647 657 647 656 647 625 650 625 708"/></Shape>
            <String CONTENT="Incidentia. (b)"
                    HPOS="623"
                    VPOS="647"
                    WIDTH="488"
                    HEIGHT="101"
                    WC="0.9760257085164388"></String>
          </TextLine>
          <TextLine ID="eSc_line_e8f7080a"
                    TAGREFS="LT33"
                    BASELINE="263 810 1586 834" 
                    HPOS="262"
                    VPOS="752"
                    WIDTH="1324"
                    HEIGHT="101">
            <Shape><Polygon POINTS="1572 793 1528 793 1478 779 1468 779 1454 778 1406 789 1332 778 1247 778 1246 778 1244 778 1223 786 1122 775 1121 775 1080 783 984 783 969 773 968 773 967 773 965 773 928 780 830 772 829 772 796 778 761 762 759 762 758 762 711 770 693 761 691 761 690 761 689 761 650 776 616 776 574 756 572 756 571 756 497 763 263 752 263 810 262 821 479 824 497 833 499 833 500 833 537 827 589 836 591 836 708 830 815 840 816 840 859 833 1042 844 1043 844 1097 838 1118 846 1120 846 1121 846 1247 840 1284 848 1286 848 1432 851 1433 851 1478 844 1583 853 1586 834 1580 804 1572 793"/></Shape>
            <String CONTENT="Ben in dieſem 752. ſten Jahr wurde Symdertus oder Synoberrns"
                    HPOS="262"
                    VPOS="752"
                    WIDTH="1324"
                    HEIGHT="101"
                    WC="0.977835304538409"></String>
          </TextLine>
          <TextLine ID="eSc_line_27db022f"
                    TAGREFS="LT33"
                    BASELINE="185 878 293 905 537 918 1592 936" 
                    HPOS="184"
                    VPOS="860"
                    WIDTH="1408"
                    HEIGHT="100">
            <Shape><Polygon POINTS="184 916 273 918 320 932 321 932 323 932 324 932 354 922 432 932 433 932 470 925 540 941 541 941 585 935 605 942 606 942 608 942 609 942 642 932 757 945 758 945 809 936 869 948 870 948 872 948 873 948 889 938 957 936 1074 952 1076 952 1120 943 1149 953 1151 953 1152 953 1314 945 1351 956 1352 956 1461 960 1463 960 1590 948 1592 936 1592 905 1468 890 1467 890 1327 898 1291 888 1290 888 1288 888 1200 894 1181 884 1179 884 1178 884 1056 885 1040 878 1039 878 1037 878 955 890 842 888 816 874 815 874 813 874 741 885 666 871 664 871 663 871 629 881 477 881 460 868 459 868 457 868 456 868 455 868 453 868 438 878 395 870 394 870 354 877 334 864 333 864 331 864 330 864 328 864 313 871 275 861 273 861 187 860 185 878 184 916"/></Shape>
            <String CONTENT="woͤdo, ſo Anno 777. zu Dinglſing von S. Biſchoͤffen und 12. Praͤlaten"
                    HPOS="184"
                    VPOS="860"
                    WIDTH="1408"
                    HEIGHT="100"
                    WC="0.9697711804638738"></String>
          </TextLine>
          <TextLine ID="eSc_line_840c1018"
                    TAGREFS="LT33"
                    BASELINE="289 857 1582 884" 
                    HPOS="289"
                    VPOS="813"
                    WIDTH="1293"
                    HEIGHT="91">
            <Shape><Polygon POINTS="289 857 289 874 334 874 354 884 355 884 357 884 423 875 499 887 500 887 626 880 703 891 704 891 765 882 812 882 832 894 833 894 835 894 915 887 968 897 969 897 1036 888 1113 898 1114 898 1115 898 1130 891 1203 901 1205 901 1206 901 1226 895 1242 902 1243 902 1244 902 1246 902 1270 894 1331 904 1332 904 1580 901 1582 884 1580 850 1409 840 1407 840 1318 844 1288 837 1287 837 1286 837 1250 843 1174 830 1172 830 1040 838 967 827 965 827 964 827 930 836 884 824 883 824 881 824 767 833 689 820 687 820 642 830 551 817 423 816 422 816 421 816 402 823 320 813 319 813 317 813 289 821 289 857"/></Shape>
            <String CONTENT="allhie Biſchoff. Diſer befonde ſich auch in den vornehmen Sv-"
                    HPOS="289"
                    VPOS="813"
                    WIDTH="1293"
                    HEIGHT="91"
                    WC="0.9941535816817987"></String>
          </TextLine>
          <TextLine ID="eSc_line_3d3c8e43"
                    TAGREFS="LT33"
                    BASELINE="191 938 294 958 494 966 1586 987" 
                    HPOS="189"
                    VPOS="911"
                    WIDTH="1397"
                    HEIGHT="103">
            <Shape><Polygon POINTS="189 970 265 972 287 983 289 983 290 983 350 976 493 986 494 986 582 980 618 993 619 993 621 993 622 993 646 986 684 997 686 997 687 997 689 997 725 987 745 996 747 996 748 996 750 996 785 987 813 997 815 997 816 997 818 997 849 987 890 1001 891 1001 893 1001 1049 996 1081 1006 1083 1006 1084 1006 1128 999 1152 1007 1154 1007 1155 1007 1222 999 1389 1013 1390 1014 1453 1014 1453 1013 1454 1013 1484 1000 1519 1009 1521 1009 1522 1009 1585 1001 1586 987 1586 945 1512 943 1511 943 1461 953 1441 945 1440 945 1439 945 1284 948 1251 933 1250 933 1249 933 1247 933 1195 948 1134 935 1132 935 1094 942 874 942 812 925 811 925 809 925 808 925 782 936 721 936 636 922 635 922 633 922 608 932 587 924 585 924 584 924 582 924 562 933 486 933 466 921 465 921 463 921 462 921 401 928 370 918 368 918 367 918 306 922 279 912 277 912 192 911 191 938 189 970"/></Shape>
            <String CONTENT="chalten worden, und hat geholffen zu gar nutzlichen Satzungen, wel⸗"
                    HPOS="189"
                    VPOS="911"
                    WIDTH="1397"
                    HEIGHT="103"
                    WC="0.9887630174409098"></String>
          </TextLine>
          <TextLine ID="eSc_line_30b1013c"
                    TAGREFS="LT33"
                    BASELINE="199 992 283 1009 385 1014 890 1024" 
                    HPOS="198"
                    VPOS="960"
                    WIDTH="692"
                    HEIGHT="95">
            <Shape><Polygon POINTS="198 1023 336 1026 355 1038 357 1038 358 1038 360 1038 361 1038 394 1028 459 1045 460 1045 462 1045 463 1045 493 1035 561 1051 562 1051 564 1051 587 1043 613 1052 615 1052 742 1055 744 1055 745 1055 775 1040 795 1048 796 1048 798 1048 799 1048 801 1048 801 1047 809 1040 864 1052 866 1052 889 1047 890 1024 890 986 879 977 877 977 876 977 874 977 822 989 750 989 728 977 727 977 725 977 724 977 703 986 646 979 645 979 643 979 625 984 585 970 584 970 582 970 581 970 550 980 514 969 513 969 511 969 450 980 367 966 365 966 364 966 323 976 263 962 201 960 199 992 198 1023"/></Shape>
            <String CONTENT="s damahls geſchloſſen wurden. ()"
                    HPOS="198"
                    VPOS="960"
                    WIDTH="692"
                    HEIGHT="95"
                    WC="0.9871181901544333"></String>
          </TextLine>
          <TextLine ID="eSc_line_0cb5dcd4"
                    TAGREFS="LT33"
                    BASELINE="904 1113 923 1115" 
                    HPOS="903"
                    VPOS="1061"
                    WIDTH="22"
                    HEIGHT="67">
            <Shape><Polygon POINTS="904 1113 903 1126 920 1128 923 1115 925 1068 907 1061 904 1113"/></Shape>
            <String CONTENT="⸗"
                    HPOS="903"
                    VPOS="1061"
                    WIDTH="22"
                    HEIGHT="67"
                    WC="0.9999916553497314"></String>
          </TextLine>
          <TextLine ID="eSc_line_9910809e"
                    TAGREFS="LT33"
                    BASELINE="1453 1122 1585 1119" 
                    HPOS="1451"
                    VPOS="1070"
                    WIDTH="134"
                    HEIGHT="66">
            <Shape><Polygon POINTS="1579 1113 1575 1085 1542 1085 1521 1070 1519 1070 1518 1070 1517 1070 1463 1075 1461 1075 1460 1075 1460 1077 1451 1084 1453 1122 1453 1133 1583 1136 1585 1119 1582 1085 1579 1085 1579 1113"/></Shape>
            <String CONTENT="Anno-"
                    HPOS="1451"
                    VPOS="1070"
                    WIDTH="134"
                    HEIGHT="66"
                    WC="0.9999815464019776"></String>
          </TextLine>
        </TextBlock>
        <TextBlock HPOS="192"
                   VPOS="1184"
                   WIDTH="1400"
                   HEIGHT="1014"
                   ID="eSc_textblock_f77c8319"
                   TAGREFS="BT42">
          <Shape><Polygon POINTS="214 1184 527 1218 911 1201 1015 1224 1592 1247 1580 2192 232 2198 192 1977 226 1727 221 1309 192 1240 214 1184"/></Shape>
          <TextLine ID="eSc_line_ab023a05"
                    TAGREFS="LT33"
                    BASELINE="209 1235 511 1257 1580 1281" 
                    HPOS="208"
                    VPOS="1197"
                    WIDTH="1372"
                    HEIGHT="104">
            <Shape><Polygon POINTS="1427 1240 1413 1240 1399 1238 1385 1238 1371 1237 1356 1237 1346 1237 1320 1241 1303 1234 1301 1234 1287 1234 1273 1234 1266 1232 1254 1238 1154 1238 1110 1227 1103 1227 1088 1227 1074 1225 1067 1225 1054 1231 1002 1231 984 1221 982 1221 981 1221 941 1227 873 1214 758 1211 757 1211 663 1224 440 1220 336 1201 209 1197 209 1235 208 1255 602 1278 604 1278 605 1278 629 1272 691 1279 693 1279 694 1279 730 1271 769 1282 771 1282 772 1282 774 1282 803 1274 925 1274 982 1288 984 1288 1144 1285 1308 1296 1310 1296 1463 1291 1558 1301 1559 1301 1561 1301 1579 1293 1580 1281 1580 1249 1446 1245 1427 1240 1427 1240"/></Shape>
            <String CONTENT="0) ꝛ220 tan adero an ne Eteue des Vierten Abtens keirs wergt geſetze werden: deur"
                    HPOS="208"
                    VPOS="1197"
                    WIDTH="1372"
                    HEIGHT="104"
                    WC="0.9350275544472683"></String>
          </TextLine>
          <TextLine ID="eSc_line_2f528aed"
                    TAGREFS="LT33"
                    BASELINE="238 1278 577 1301 1580 1319" 
                    HPOS="236"
                    VPOS="1252"
                    WIDTH="1344"
                    HEIGHT="90">
            <Shape><Polygon POINTS="238 1278 236 1302 397 1306 426 1316 428 1316 429 1316 431 1316 456 1309 548 1319 550 1319 656 1315 674 1322 676 1322 677 1322 752 1318 850 1326 852 1326 900 1319 972 1329 974 1329 1320 1329 1459 1340 1460 1340 1504 1333 1527 1342 1528 1342 1529 1342 1579 1335 1580 1319 1580 1293 1497 1282 1495 1282 1437 1288 1396 1279 1395 1279 1278 1285 1142 1274 1141 1274 1101 1281 1026 1272 1025 1272 974 1278 822 1275 791 1265 789 1265 788 1265 670 1271 630 1262 629 1262 433 1265 415 1257 414 1257 238 1252 238 1278"/></Shape>
            <String CONTENT="Appolloniur, als erſter Att, Anno 127, oder 128. deſteler worden. Mnchm in unter"
                    HPOS="236"
                    VPOS="1252"
                    WIDTH="1344"
                    HEIGHT="90"
                    WC="0.9609005011618137"></String>
          </TextLine>
          <TextLine ID="eSc_line_e9ce146b"
                    TAGREFS="LT33"
                    BASELINE="242 1322 569 1342 1579 1361" 
                    HPOS="241"
                    VPOS="1293"
                    WIDTH="1338"
                    HEIGHT="91">
            <Shape><Polygon POINTS="242 1322 241 1343 435 1349 496 1360 497 1360 499 1360 527 1353 568 1361 569 1361 794 1359 918 1370 920 1370 995 1363 1156 1376 1158 1376 1199 1367 1215 1377 1216 1377 1217 1377 1219 1377 1220 1377 1251 1369 1337 1380 1576 1384 1579 1361 1578 1326 1534 1333 1325 1319 1324 1319 1266 1326 1179 1318 1178 1318 981 1320 904 1309 903 1309 863 1318 795 1309 794 1309 737 1315 657 1303 656 1303 555 1310 242 1293 242 1322"/></Shape>
            <String CONTENT="Hnberto Diſchoffen tem Atdt geweſen. Es wurd m unſern Tracirions⸗Duͤchern geleſen,"
                    HPOS="241"
                    VPOS="1293"
                    WIDTH="1338"
                    HEIGHT="91"
                    WC="0.9648267681278834"></String>
          </TextLine>
          <TextLine ID="eSc_line_4a9032c9"
                    TAGREFS="LT33"
                    BASELINE="238 1364 1002 1393 1579 1398" 
                    HPOS="236"
                    VPOS="1335"
                    WIDTH="1343"
                    HEIGHT="80">
            <Shape><Polygon POINTS="238 1364 236 1380 341 1391 343 1391 344 1391 365 1386 504 1395 506 1395 507 1395 530 1388 544 1397 545 1397 547 1397 548 1398 847 1398 1162 1414 1576 1415 1579 1398 1578 1380 1525 1369 1524 1369 1162 1369 1114 1359 1113 1359 1057 1366 1003 1356 1002 1356 1001 1356 981 1363 764 1359 744 1347 742 1347 741 1347 740 1347 718 1356 537 1353 460 1350 431 1339 429 1339 428 1339 426 1339 411 1346 379 1337 378 1337 238 1335 238 1364"/></Shape>
            <String CONTENT="das unter Babone, Adten zu S. Emmeram. emge Echanaungen gemacht worden, und Ver⸗"
                    HPOS="236"
                    VPOS="1335"
                    WIDTH="1343"
                    HEIGHT="80"
                    WC="0.9828450068831444"></String>
          </TextLine>
          <TextLine ID="eSc_line_f074d04c"
                    TAGREFS="LT33"
                    BASELINE="236 1398 364 1410 740 1421 1576 1432" 
                    HPOS="235"
                    VPOS="1377"
                    WIDTH="1341"
                    HEIGHT="74">
            <Shape><Polygon POINTS="823 1387 777 1395 696 1386 694 1386 595 1391 537 1381 535 1381 402 1387 236 1377 236 1398 235 1421 1573 1451 1576 1432 1575 1404 949 1400 825 1387 823 1387"/></Shape>
            <String CONTENT="auſchungen deren Gutern geſchehen Wte ſeite tom. 1 Anccdor. P. PeZ. Part. 11T. pag."
                    HPOS="235"
                    VPOS="1377"
                    WIDTH="1341"
                    HEIGHT="74"
                    WC="0.9662513161998197"></String>
          </TextLine>
          <TextLine ID="eSc_line_139a0cf6"
                    TAGREFS="LT33"
                    BASELINE="233 1438 1036 1466 1578 1475" 
                    HPOS="232"
                    VPOS="1405"
                    WIDTH="1346"
                    HEIGHT="91">
            <Shape><Polygon POINTS="872 1424 857 1424 845 1422 840 1422 839 1422 752 1429 558 1425 521 1415 520 1415 518 1415 316 1417 233 1405 233 1438 232 1452 757 1475 758 1475 873 1471 913 1479 1093 1485 1094 1486 1424 1486 1483 1496 1484 1496 1576 1489 1578 1475 1578 1448 1371 1438 1369 1438 1307 1445 1286 1435 1284 1435 1283 1435 1149 1438 1127 1431 1125 1431 1124 1431 1122 1431 1101 1439 948 1437 921 1425 920 1425 880 1424 872 1424"/></Shape>
            <String CONTENT="1ꝛs. 187. zu leſen ſeynd. Auein dieſer Babo uedte zu Ende des Eytkren, und Anfangs des"
                    HPOS="232"
                    VPOS="1405"
                    WIDTH="1346"
                    HEIGHT="91"
                    WC="0.9702439360147299"></String>
          </TextLine>
          <TextLine ID="eSc_line_41e7803c"
                    TAGREFS="LT33"
                    BASELINE="231 1482 1579 1516" 
                    HPOS="229"
                    VPOS="1446"
                    WIDTH="1350"
                    HEIGHT="84">
            <Shape><Polygon POINTS="231 1482 229 1498 1576 1530 1579 1516 1578 1489 1244 1472 1243 1472 1196 1479 1174 1471 1172 1471 1171 1471 989 1473 906 1463 904 1463 798 1469 738 1459 737 1459 697 1466 560 1463 548 1455 547 1455 545 1455 544 1455 543 1455 521 1462 450 1454 449 1454 348 1458 231 1446 231 1482"/></Shape>
            <String CONTENT="Swoͤlfften Scculi Er wurde bey lunocentro I. angeriagt, als waͤre er unerlaudter Geiſe"
                    HPOS="229"
                    VPOS="1446"
                    WIDTH="1350"
                    HEIGHT="84"
                    WC="0.9754423412472703"></String>
          </TextLine>
          <TextLine ID="eSc_line_d97781f9"
                    TAGREFS="LT33"
                    BASELINE="233 1522 1579 1557" 
                    HPOS="232"
                    VPOS="1486"
                    WIDTH="1347"
                    HEIGHT="91">
            <Shape><Polygon POINTS="233 1522 232 1534 399 1547 401 1547 445 1541 462 1549 463 1549 465 1549 606 1546 616 1553 618 1553 619 1553 621 1553 823 1551 842 1558 843 1558 845 1558 1039 1557 1576 1577 1579 1557 1579 1529 233 1486 233 1522"/></Shape>
            <String CONTENT="(per Simoniam) zu der Wuͤrde emes Abbtens erhoben worden. Tte Moͤnch wurden theils vom"
                    HPOS="232"
                    VPOS="1486"
                    WIDTH="1347"
                    HEIGHT="91"
                    WC="0.9982127464094828"></String>
          </TextLine>
          <TextLine ID="eSc_line_19c17f7d"
                    TAGREFS="LT33"
                    BASELINE="241 1564 387 1574 1580 1601" 
                    HPOS="241"
                    VPOS="1529"
                    WIDTH="1339"
                    HEIGHT="90">
            <Shape><Polygon POINTS="241 1564 241 1581 297 1581 328 1591 330 1591 460 1594 462 1594 463 1594 482 1585 567 1597 568 1597 801 1595 856 1604 857 1604 859 1604 883 1597 908 1605 910 1605 911 1605 1037 1601 1093 1609 1094 1609 1152 1601 1266 1602 1281 1614 1283 1614 1284 1614 1286 1614 1334 1605 1355 1615 1356 1615 1578 1619 1580 1601 1579 1573 1515 1561 1514 1561 1512 1561 1493 1570 1451 1561 1450 1561 1341 1567 1219 1551 1182 1551 1181 1551 1179 1551 1178 1551 1161 1563 1077 1550 1076 1550 1029 1558 988 1550 986 1550 944 1557 918 1549 917 1549 915 1549 852 1556 788 1541 786 1541 670 1550 645 1539 643 1539 642 1539 640 1539 608 1550 535 1536 534 1536 533 1536 500 1547 432 1547 409 1536 408 1536 406 1536 347 1541 241 1529 241 1564"/></Shape>
            <String CONTENT="loner vertruben. Einige ertennten Babonem fuͤr einen Abten⸗ Henriem der Oiſchoff te-"
                    HPOS="241"
                    VPOS="1529"
                    WIDTH="1339"
                    HEIGHT="90"
                    WC="0.9729998501993361"></String>
          </TextLine>
          <TextLine ID="eSc_line_c517fa74"
                    TAGREFS="LT33"
                    BASELINE="235 1595 330 1609 473 1615 1579 1639" 
                    HPOS="233"
                    VPOS="1573"
                    WIDTH="1346"
                    HEIGHT="80">
            <Shape><Polygon POINTS="1147 1592 1145 1592 1096 1600 1061 1591 1060 1591 1059 1591 964 1595 949 1588 948 1588 947 1588 901 1595 802 1585 801 1585 480 1585 394 1575 392 1575 391 1575 367 1583 236 1573 235 1595 233 1618 414 1631 415 1631 504 1625 545 1634 687 1636 689 1636 690 1636 707 1629 724 1638 725 1638 727 1638 913 1635 924 1642 925 1642 927 1642 1025 1645 1026 1645 1185 1641 1210 1649 1212 1649 1213 1649 1331 1643 1349 1652 1351 1652 1352 1653 1578 1653 1579 1639 1579 1611 1375 1600 1373 1600 1372 1600 1351 1605 1325 1598 1324 1598 1322 1598 1293 1604 1203 1594 1202 1594 1166 1601 1148 1592 1147 1592"/></Shape>
            <String CONTENT="ſrute das Cloſter. Aues ware in Verwuͤrrung. Babo ſuchte ſeine Wuͤrde zu erhalten, dahera"
                    HPOS="233"
                    VPOS="1573"
                    WIDTH="1346"
                    HEIGHT="80"
                    WC="0.9898665473702248"></String>
          </TextLine>
          <TextLine ID="eSc_line_4b2f21ab"
                    TAGREFS="LT33"
                    BASELINE="245 1629 286 1641 391 1649 1578 1677" 
                    HPOS="243"
                    VPOS="1608"
                    WIDTH="1335"
                    HEIGHT="85">
            <Shape><Polygon POINTS="1288 1634 1237 1642 1152 1631 1151 1631 1149 1631 1118 1639 1104 1629 1103 1629 1101 1629 1100 1629 1098 1629 1071 1638 1052 1631 1050 1631 737 1631 713 1621 711 1621 699 1621 662 1628 595 1619 594 1619 507 1624 490 1617 484 1617 470 1615 469 1615 422 1621 246 1608 245 1629 243 1655 428 1669 429 1669 463 1662 489 1670 490 1670 1575 1693 1578 1677 1578 1649 1439 1638 1437 1638 1372 1645 1290 1634 1288 1634"/></Shape>
            <String CONTENT="uc nnter ihme Traditiones, (oder Echanckungen) zn S. Emmeram geſchehen. Aemig er"
                    HPOS="243"
                    VPOS="1608"
                    WIDTH="1335"
                    HEIGHT="85"
                    WC="0.9845520291477442"></String>
          </TextLine>
          <TextLine ID="eSc_line_701b4944"
                    TAGREFS="LT33"
                    BASELINE="242 1666 362 1685 1573 1713" 
                    HPOS="241"
                    VPOS="1646"
                    WIDTH="1332"
                    HEIGHT="85">
            <Shape><Polygon POINTS="463 1652 429 1659 409 1651 408 1651 406 1651 405 1651 392 1656 243 1646 242 1666 241 1690 474 1697 487 1707 489 1707 490 1707 492 1707 630 1703 653 1712 655 1712 656 1712 657 1712 683 1706 999 1720 1001 1720 1037 1714 1244 1726 1246 1726 1446 1721 1571 1731 1573 1713 1573 1687 1508 1679 1507 1679 1429 1683 1402 1675 1400 1675 771 1669 750 1659 748 1659 747 1659 540 1662 465 1652 463 1652"/></Shape>
            <String CONTENT="Im kemen Caralogo, unter die Aebdten deſer Zeiten (wo er geledt) geſetzet worden: maſſen ur"
                    HPOS="241"
                    VPOS="1646"
                    WIDTH="1332"
                    HEIGHT="85"
                    WC="0.9760158543403332"></String>
          </TextLine>
          <TextLine ID="eSc_line_71a12903"
                    TAGREFS="LT33"
                    BASELINE="242 1730 270 1734" 
                    HPOS="241"
                    VPOS="1699"
                    WIDTH="32"
                    HEIGHT="47">
            <Shape><Polygon POINTS="242 1730 241 1738 265 1746 270 1734 273 1706 246 1699 242 1730"/></Shape>
            <String CONTENT="1;"
                    HPOS="241"
                    VPOS="1699"
                    WIDTH="32"
                    HEIGHT="47"
                    WC="0.9611503481864929"></String>
          </TextLine>
          <TextLine ID="eSc_line_6eb8bc4b"
                    TAGREFS="LT33"
                    BASELINE="330 1723 1576 1747" 
                    HPOS="328"
                    VPOS="1689"
                    WIDTH="1248"
                    HEIGHT="76">
            <Shape><Polygon POINTS="330 1723 328 1737 1573 1765 1576 1747 1575 1720 330 1689 330 1723"/></Shape>
            <String CONTENT="dig drſe Wurde deſerſen, ſondern den Nen Parſten verclagt, und von vielen als Adte nicht"
                    HPOS="328"
                    VPOS="1689"
                    WIDTH="1248"
                    HEIGHT="76"
                    WC="0.9807036552916873"></String>
          </TextLine>
          <TextLine ID="eSc_line_cf02895c"
                    TAGREFS="LT33"
                    BASELINE="313 1754 401 1763 896 1774 1573 1782" 
                    HPOS="311"
                    VPOS="1727"
                    WIDTH="1262"
                    HEIGHT="67">
            <Shape><Polygon POINTS="313 1754 311 1772 1571 1794 1573 1782 1573 1758 1426 1747 1424 1747 1386 1753 1376 1746 1375 1746 1373 1746 1372 1746 1371 1746 1345 1753 1322 1744 1321 1744 1320 1744 907 1746 815 1736 813 1736 683 1741 490 1730 489 1730 428 1737 313 1727 313 1754"/></Shape>
            <String CONTENT="t worden. Der Leſer kan von Aieen Babone das mehrere leſen varte IL. Caralog; Mibtord."
                    HPOS="311"
                    VPOS="1727"
                    WIDTH="1262"
                    HEIGHT="67"
                    WC="0.9780662825634313"></String>
          </TextLine>
          <TextLine ID="eSc_line_f7ab81f7"
                    TAGREFS="LT33"
                    BASELINE="235 1812 307 1822" 
                    HPOS="232"
                    VPOS="1768"
                    WIDTH="78"
                    HEIGHT="67">
            <Shape><Polygon POINTS="232 1825 304 1835 307 1822 310 1788 241 1768 235 1812 232 1825"/></Shape>
            <String CONTENT="Nahr"
                    HPOS="232"
                    VPOS="1768"
                    WIDTH="78"
                    HEIGHT="67"
                    WC="0.9629101008176804"></String>
          </TextLine>
          <TextLine ID="eSc_line_29837e57"
                    TAGREFS="LT33"
                    BASELINE="370 1794 917 1812 1576 1819" 
                    HPOS="368"
                    VPOS="1767"
                    WIDTH="1208"
                    HEIGHT="73">
            <Shape><Polygon POINTS="370 1794 368 1809 480 1821 482 1821 551 1815 613 1825 615 1825 724 1818 801 1829 959 1832 961 1832 1012 1823 1083 1835 1084 1835 1149 1826 1223 1838 1225 1838 1293 1829 1573 1840 1576 1819 1575 1794 370 1767 370 1794"/></Shape>
            <String CONTENT="ami in prukar. vag. XCIV. num. XXX. Da nun die Aelterr Scridenten, ſo die"
                    HPOS="368"
                    VPOS="1767"
                    WIDTH="1208"
                    HEIGHT="73"
                    WC="0.9749158947435144"></String>
          </TextLine>
          <TextLine ID="eSc_line_01a276d2"
                    TAGREFS="LT33"
                    BASELINE="239 1848 304 1860" 
                    HPOS="236"
                    VPOS="1815"
                    WIDTH="73"
                    HEIGHT="57">
            <Shape><Polygon POINTS="245 1815 239 1848 236 1857 302 1872 304 1860 309 1832 252 1815 245 1815"/></Shape>
            <String CONTENT="n der"
                    HPOS="236"
                    VPOS="1815"
                    WIDTH="73"
                    HEIGHT="57"
                    WC="0.9399121880531311"></String>
          </TextLine>
          <TextLine ID="eSc_line_48d49707"
                    TAGREFS="LT33"
                    BASELINE="348 1833 431 1842 835 1852 1573 1859" 
                    HPOS="347"
                    VPOS="1804"
                    WIDTH="1226"
                    HEIGHT="70">
            <Shape><Polygon POINTS="1332 1818 1331 1818 1260 1826 1125 1818 1124 1818 1066 1825 1022 1814 1020 1814 1019 1814 952 1822 769 1822 734 1809 733 1809 731 1809 629 1818 608 1808 606 1808 605 1808 402 1811 348 1804 348 1833 347 1853 1571 1874 1573 1859 1573 1833 1461 1821 1460 1821 1459 1821 1422 1829 1386 1822 1385 1822 1354 1828 1334 1818 1332 1818"/></Shape>
            <String CONTENT="deren Aebsten in einen Catalogum zuſamm gerragen, der Nahmen Babonis, als Abßeen,"
                    HPOS="347"
                    VPOS="1804"
                    WIDTH="1226"
                    HEIGHT="70"
                    WC="0.9744414289792379"></String>
          </TextLine>
          <TextLine ID="eSc_line_a118fb91"
                    TAGREFS="LT33"
                    BASELINE="323 1863 521 1882 1566 1900" 
                    HPOS="321"
                    VPOS="1840"
                    WIDTH="1245"
                    HEIGHT="78">
            <Shape><Polygon POINTS="718 1850 717 1849 680 1849 679 1849 449 1850 323 1840 323 1863 321 1886 456 1897 457 1899 876 1899 886 1906 887 1906 889 1906 890 1906 1067 1903 1110 1910 1111 1910 1113 1910 1127 1903 1215 1903 1563 1918 1566 1900 1565 1873 1495 1863 1280 1859 1278 1859 1216 1866 1137 1857 1135 1857 1074 1863 718 1850 718 1850"/></Shape>
            <String CONTENT="(radirions.Duͤchern geleſen, werden he vermnrduch denſetden m dre Erſie Sriten drs Ele⸗"
                    HPOS="321"
                    VPOS="1840"
                    WIDTH="1245"
                    HEIGHT="78"
                    WC="0.97870525889013"></String>
          </TextLine>
          <TextLine ID="eSc_line_ac3c18ab"
                    TAGREFS="LT33"
                    BASELINE="229 1887 545 1920 1381 1927" 
                    HPOS="228"
                    VPOS="1869"
                    WIDTH="1153"
                    HEIGHT="83">
            <Shape><Polygon POINTS="1305 1896 1291 1896 1277 1896 1263 1896 1249 1896 1236 1894 1192 1900 1164 1893 1149 1893 1148 1893 1131 1899 1069 1891 1067 1891 1066 1891 1042 1899 1015 1891 1013 1891 1012 1891 896 1894 884 1889 880 1889 866 1889 857 1889 823 1894 545 1883 540 1883 526 1883 511 1882 510 1880 477 1880 476 1880 409 1886 354 1872 353 1872 229 1869 229 1887 228 1916 397 1918 545 1940 674 1941 676 1941 677 1941 714 1931 771 1944 772 1944 832 1933 907 1945 908 1945 954 1935 967 1945 968 1945 969 1945 971 1945 972 1945 996 1940 1032 1950 1033 1950 1035 1950 1137 1938 1179 1952 1181 1952 1182 1952 1379 1945 1381 1927 1379 1904 1315 1896 1305 1896"/></Shape>
            <String CONTENT="ſers S. Emmernni hinfuͤbr gerrst, und dmn Vurdtrn Addten daraus gemacht baten."
                    HPOS="228"
                    VPOS="1869"
                    WIDTH="1153"
                    HEIGHT="83"
                    WC="0.9701700860109085"></String>
          </TextLine>
          <TextLine ID="eSc_line_fae9edfd"
                    TAGREFS="LT33"
                    BASELINE="265 1944 568 1969 1466 1982" 
                    HPOS="263"
                    VPOS="1917"
                    WIDTH="1203"
                    HEIGHT="88">
            <Shape><Polygon POINTS="265 1944 263 1968 433 1972 538 1986 540 1986 856 1986 928 1994 930 1994 969 1986 1067 1998 1069 1998 1120 1988 1176 1989 1199 2001 1200 2001 1202 2001 1203 2001 1226 1992 1276 2001 1277 2001 1388 1998 1396 2005 1398 2005 1399 2005 1400 2005 1464 1998 1466 1982 1466 1957 1293 1954 1162 1937 1161 1937 1159 1937 1158 1937 1141 1948 1128 1937 1127 1937 1125 1937 1124 1937 1020 1947 920 1938 918 1938 806 1943 782 1933 781 1933 779 1933 740 1941 710 1933 708 1933 707 1933 623 1935 588 1924 587 1924 585 1924 584 1924 554 1937 493 1937 465 1921 463 1921 265 1917 265 1944"/></Shape>
            <String CONTENT="Dann Sinaderrur zur Diſchoͤntchen Regerung grtommen ſeyr? Euhe pꝛz. 110. 121."
                    HPOS="263"
                    VPOS="1917"
                    WIDTH="1203"
                    HEIGHT="88"
                    WC="0.9651474828843947"></String>
          </TextLine>
          <TextLine ID="eSc_line_b6aa8e38"
                    TAGREFS="LT33"
                    BASELINE="235 1985 242 1986" 
                    HPOS="233"
                    VPOS="1944"
                    WIDTH="15"
                    HEIGHT="51">
            <Shape><Polygon POINTS="235 1985 233 1995 241 1992 242 1986 248 1945 242 1944 235 1985"/></Shape>
            <String CONTENT=""
                    HPOS="233"
                    VPOS="1944"
                    WIDTH="15"
                    HEIGHT="51"
                    WC="0.9997497200965881"></String>
          </TextLine>
          <TextLine ID="eSc_line_e3e223d2"
                    TAGREFS="LT33"
                    BASELINE="255 1988 348 2001 585 2016 1571 2035" 
                    HPOS="253"
                    VPOS="1961"
                    WIDTH="1318"
                    HEIGHT="93">
            <Shape><Polygon POINTS="253 2013 406 2016 425 2029 426 2029 428 2029 429 2029 528 2026 551 2033 552 2033 1183 2035 1269 2049 1270 2049 1271 2049 1290 2039 1417 2052 1419 2052 1502 2042 1518 2053 1519 2053 1521 2053 1568 2054 1571 2035 1568 1995 1477 2002 1437 1992 1436 1992 1434 1992 1287 1994 1264 1985 1263 1985 1261 1985 1172 1992 1125 1979 1124 1979 1122 1979 1121 1979 1081 1991 1032 1981 1030 1981 1029 1981 1005 1992 959 1977 958 1977 957 1977 879 1989 823 1981 822 1981 511 1981 429 1965 428 1965 389 1974 358 1962 357 1962 256 1961 255 1988 253 2013"/></Shape>
            <String CONTENT="Con duſen Synodo Noich Pagzium in Criuici ſea. an ꝛas -r c. Jabr, n welddem Aase"
                    HPOS="253"
                    VPOS="1961"
                    WIDTH="1318"
                    HEIGHT="93"
                    WC="0.9502567082643509"></String>
          </TextLine>
          <TextLine ID="eSc_line_55c28c7f"
                    TAGREFS="LT33"
                    BASELINE="272 2028 548 2053 1568 2069" 
                    HPOS="270"
                    VPOS="2008"
                    WIDTH="1298"
                    HEIGHT="82">
            <Shape><Polygon POINTS="1348 2032 1338 2030 1331 2030 1329 2030 1328 2030 1305 2036 1297 2030 1291 2030 1280 2030 1227 2037 1209 2029 1206 2029 1192 2029 1178 2028 1164 2028 1149 2028 1135 2028 1121 2028 1113 2026 1039 2033 1018 2025 1008 2025 998 2025 984 2030 934 2023 923 2023 908 2023 894 2023 890 2022 836 2029 809 2020 809 2020 795 2020 792 2020 744 2028 482 2023 414 2011 272 2008 272 2028 270 2053 457 2056 535 2070 537 2070 683 2067 1020 2080 1022 2080 1079 2070 1094 2081 1096 2081 1097 2081 1098 2081 1189 2074 1213 2081 1215 2081 1216 2081 1470 2081 1532 2090 1534 2090 1535 2090 1566 2081 1568 2069 1568 2046 1352 2032 1348 2032"/></Shape>
            <String CONTENT="so nchr Anno 115.) Neſer Srrodus gebalten norden. Item Tom. I. Hiſtor. Tr ing,"
                    HPOS="270"
                    VPOS="2008"
                    WIDTH="1298"
                    HEIGHT="82"
                    WC="0.960505717075788"></String>
          </TextLine>
          <TextLine ID="eSc_line_5c723def"
                    TAGREFS="LT33"
                    BASELINE="233 2054 345 2071 568 2090 1571 2105" 
                    HPOS="232"
                    VPOS="2040"
                    WIDTH="1339"
                    HEIGHT="87">
            <Shape><Polygon POINTS="1154 2063 1139 2063 1135 2063 1098 2070 1087 2062 1083 2062 1069 2062 1063 2062 1016 2070 703 2066 690 2057 689 2057 687 2057 686 2057 528 2062 449 2046 235 2040 233 2054 232 2087 372 2090 446 2103 448 2103 480 2097 521 2107 523 2107 524 2107 564 2100 708 2113 710 2113 779 2108 802 2115 803 2115 805 2115 1006 2111 1087 2121 1088 2121 1090 2121 1111 2113 1145 2120 1147 2120 1217 2114 1244 2124 1246 2124 1365 2127 1366 2127 1420 2118 1531 2127 1532 2127 1534 2127 1569 2115 1571 2105 1571 2079 1466 2079 1447 2070 1446 2070 1444 2070 1381 2079 1307 2069 1305 2069 1304 2069 1274 2076 1158 2063 1154 2063"/></Shape>
            <String CONTENT="Moicdelboͤck zar ro NB. Untur dnen Netdernrderen erbchem dulen dvnodo grgrnwaͤmg wa."
                    HPOS="232"
                    VPOS="2040"
                    WIDTH="1339"
                    HEIGHT="87"
                    WC="0.9560508859299478"></String>
          </TextLine>
          <TextLine ID="eSc_line_ad29a20a"
                    TAGREFS="LT33"
                    BASELINE="229 2090 284 2100" 
                    HPOS="226"
                    VPOS="2056"
                    WIDTH="61"
                    HEIGHT="58">
            <Shape><Polygon POINTS="229 2090 226 2101 280 2114 284 2100 287 2071 235 2056 229 2090"/></Shape>
            <String CONTENT="ren,"
                    HPOS="226"
                    VPOS="2056"
                    WIDTH="61"
                    HEIGHT="58"
                    WC="0.9999816417694092"></String>
          </TextLine>
          <TextLine ID="eSc_line_5e0d48d2"
                    TAGREFS="LT33"
                    BASELINE="300 2103 499 2122 660 2130 1571 2140" 
                    HPOS="299"
                    VPOS="2084"
                    WIDTH="1272"
                    HEIGHT="75">
            <Shape><Polygon POINTS="554 2090 543 2088 506 2096 487 2087 486 2087 484 2087 448 2094 300 2084 300 2103 299 2130 673 2148 1044 2154 1046 2154 1047 2154 1080 2144 1121 2155 1122 2155 1310 2158 1311 2158 1362 2148 1413 2159 1415 2159 1569 2154 1571 2140 1566 2105 1542 2115 1412 2115 1217 2104 1216 2104 1145 2110 1114 2100 1113 2100 1111 2100 1110 2100 1087 2110 1042 2110 1030 2100 1029 2100 1027 2100 1026 2100 942 2107 723 2096 721 2096 676 2103 662 2093 660 2093 659 2093 657 2093 656 2093 619 2101 555 2090 554 2090"/></Shape>
            <String CONTENT="andet man temen Atdten von S. Emmerami-Cloſter. Warumden? das Cletrer detame"
                    HPOS="299"
                    VPOS="2084"
                    WIDTH="1272"
                    HEIGHT="75"
                    WC="0.9675235513009524"></String>
          </TextLine>
          <TextLine ID="eSc_line_7d2db822"
                    TAGREFS="LT33"
                    BASELINE="229 2130 439 2149" 
                    HPOS="226"
                    VPOS="2097"
                    WIDTH="213"
                    HEIGHT="65">
            <Shape><Polygon POINTS="302 2104 300 2103 300 2103 299 2103 286 2110 273 2100 272 2100 270 2100 231 2097 229 2130 226 2145 436 2162 439 2149 439 2121 313 2114 306 2104 302 2104"/></Shape>
            <String CONTENT="rrß Anna-.-"
                    HPOS="226"
                    VPOS="2097"
                    WIDTH="213"
                    HEIGHT="65"
                    WC="0.89909458973191"></String>
          </TextLine>
          <TextLine ID="eSc_line_b0e095f1"
                    TAGREFS="LT33"
                    BASELINE="229 2166 323 2181 448 2188" 
                    HPOS="226"
                    VPOS="2131"
                    WIDTH="222"
                    HEIGHT="79">
            <Shape><Polygon POINTS="229 2166 226 2183 445 2210 448 2188 448 2161 353 2144 351 2144 297 2147 289 2140 289 2138 287 2138 286 2138 284 2138 283 2138 267 2142 232 2131 229 2166"/></Shape>
            <String CONTENT="ſcon grſanden."
                    HPOS="226"
                    VPOS="2131"
                    WIDTH="222"
                    HEIGHT="79"
                    WC="0.9571577608585358"></String>
          </TextLine>
          <TextLine ID="eSc_line_915e2480"
                    TAGREFS="LT33"
                    BASELINE="453 2155 718 2171 1571 2176" 
                    HPOS="453"
                    VPOS="2131"
                    WIDTH="1118"
                    HEIGHT="92">
            <Shape><Polygon POINTS="453 2155 453 2210 493 2199 565 2213 772 2215 774 2215 775 2215 815 2198 911 2198 948 2216 949 2216 951 2216 1101 2212 1127 2219 1128 2219 1130 2219 1131 2219 1186 2202 1251 2216 1253 2216 1318 2203 1460 2208 1502 2223 1504 2223 1505 2223 1569 2209 1571 2176 1569 2144 949 2144 815 2134 813 2134 689 2140 453 2131 453 2155"/></Shape>
            <String CONTENT="ndn ꝛ) nv dge zuid Anratendun, ntneder ſon tng dacdus"
                    HPOS="453"
                    VPOS="2131"
                    WIDTH="1118"
                    HEIGHT="92"
                    WC="0.8834202610096842"></String>
          </TextLine>
        </TextBlock>
        <TextBlock HPOS="1485"
                   VPOS="243"
                   WIDTH="112"
                   HEIGHT="56"
                   ID="eSc_textblock_6235f511"
                   TAGREFS="BT42">
          <Shape><Polygon POINTS="1518 243 1592 249 1597 293 1502 299 1485 266 1518 243"/></Shape>
          <TextLine ID="eSc_line_fbf90474"
                    TAGREFS="LT33"
                    BASELINE="1512 286 1590 289" 
                    HPOS="1511"
                    VPOS="245"
                    WIDTH="79"
                    HEIGHT="71">
            <Shape><Polygon POINTS="1583 248 1579 246 1512 245 1512 286 1511 313 1588 316 1590 289 1589 262 1583 248"/></Shape>
            <String CONTENT="171"
                    HPOS="1511"
                    VPOS="245"
                    WIDTH="79"
                    HEIGHT="71"
                    WC="0.9975964426994324"></String>
          </TextLine>
        </TextBlock>
        <TextBlock HPOS="39"
                   VPOS="277"
                   WIDTH="27"
                   HEIGHT="33"
                   ID="eSc_textblock_d346b3c7"
                   TAGREFS="BT42">
          <Shape><Polygon POINTS="55 277 66 299 39 310 39 294 55 277"/></Shape>
        </TextBlock>
        <TextBlock HPOS="209"
                   VPOS="1065"
                   WIDTH="158"
                   HEIGHT="39"
                   ID="eSc_textblock_f8cfc698"
                   TAGREFS="BT42">
          <Shape><Polygon POINTS="248 1065 255 1071 367 1081 260 1087 253 1104 209 1087 248 1065"/></Shape>
        </TextBlock>
        <TextBlock HPOS="28"
                   VPOS="396"
                   WIDTH="32"
                   HEIGHT="33"
                   ID="eSc_textblock_89b54588"
                   TAGREFS="BT42">
          <Shape><Polygon POINTS="42 396 60 402 55 429 28 423 42 396"/></Shape>
        </TextBlock>
        <TextBlock HPOS="1525"
                   VPOS="1213"
                   WIDTH="33"
                   HEIGHT="4"
                   ID="eSc_textblock_6515a59f"
                   TAGREFS="BT42">
          <Shape><Polygon POINTS="1529 1213 1558 1213 1558 1217 1525 1217 1529 1213"/></Shape>
        </TextBlock>
      </PrintSpace>
    </Page>
  </Layout>
</alto>
