1571 2270
644 136 53 59 anc

146 174 1382 92 Bildnuß des heiligen Wendeln geſetzet worden, um durch deſſen Fuͤr⸗

725 136 304 63 2 (O) Lug-

1446 151 84 54 782

142 228 1386 80 ditt kunfftig ſolches ubel abzuwenden. Es wurde auch beſchloſſen alle

142 276 1381 82 Jahr an den Feſt dieſes Heiligen, den 20. Octobris, ein ſolennes

140 324 1381 90 Lob⸗Amt zu Ehren dieſes heiligen Fuͤrbitters um 10. Uhr Vormittag

136 372 290 66 zu verrichten.

268 416 1255 93 Den 9. Decembris 1721. Fruhe Morgens zwiſchen 7. und 8.

136 464 1378 93 Uhr ſahe man in Firmament einen feurigen ſo genannten Dracken,

135 518 933 74 welcher nach grauſamen Schlag verſchwunden.

264 566 1256 79 Eben dieſes 173aſte Jahr den 2. April wurde der neue Cloſter⸗

128 611 1388 80 Bau zu Stadt am Hof angefangen, welchen die Canonille Regula-

128 659 1386 86 res S. Auguſtini, de la Congregation de Notre Dame, den 15.

129 712 1386 81 Octobris Anno 1725. bezogen haben. Sie inſtruiten die Weibliche

127 760 1382 81 Jugend fuͤrnemlich in Glauben, Tugend: Item in Leſen, Schreiben,

131 810 873 62 Frantzoͤfiſcher Sprach, Naͤhen, Sticken ꝛc.

254 860 1258 75 Anno 1725. den s. Auguſt reiſeten nach niedergelegten Kayſer⸗

124 906 1385 73 lichen Principal- Commillariat, nach ihren Landen ab, Ticl. Tirl. Fro-

126 954 1381 71 benius Fuͤrſt von Fuͤrſtenberg ꝛc. ꝛc. Auf welchen den 5. Octobris ge⸗

127 1003 1382 75 folget, und allhero nach S. Lmmeram, als in das beſtimmte Ouar⸗

124 1054 1385 75 tier ankommen iſt, Titl. Titl. Foſepb Hilbelm Ernſt Fuͤrſt von Fuͤr⸗

122 1102 1131 69 ſtenberg, Landgraf in der Baar und zu Stillingen ꝛc. ꝛc.

254 1157 1251 62 Den 12. Februarii 1736. hielte Pleniſl. Titl. Francilcus Ste-

121 1200 1381 64 phanus Hertzog von Lothringen ꝛc. ꝛc. das Beylager mit Maria There-

118 1244 1386 73 ſia Ertz⸗Hertzogin in Deſterreich, Caroli VI. Roͤmiſchen Kayſers al⸗

117 1295 1384 67 terer Printzeßin Tochter. Den 9. ſulii 1797. ſtarbe ſoannes Caſto

118 1340 1384 80 de Medicis Groß⸗Hertzog zu Florentz, der Letzte dieſes berhhmtiſten

119 1392 1383 73 Geſchlechts. Nach deſſen Hintritt, Titl. Franciſcus Stephanus Her⸗

123 1446 1376 69 tzog von Lothringen, als Groß⸗Hertzog von Florentz, dieſes Groß⸗

119 1494 720 65 Hertzogthums Poſleſlion genommen.

253 1541 1246 70 Den 18. April 1728. wurde um gllrckliche Waffen wider den

122 1590 1374 69 Tuͤrcken ein offentliche Proceſſion nacher Druͤell, gehalten. Bey

118 1641 1376 66 welcher der geſamte Venerabilis Clerus ſo wohl Sœcularis als Regu-

118 1687 1376 72 taris, und ſaͤmmentliche Studenten, nebſt vielen anderen Volck er⸗

116 1732 231 70 ſchienen iſt.

244 1779 1247 78 Den 29. April 1728. ſtarbe zu Muͤnchen Tirl. Marimilianus &c.

121 1834 1370 75 Hertzog in Bayrn, Sr. Hochfuͤrſtlichen Durchlaͤucht Ferdinandi Her⸗

119 1889 1369 70 tog in Bayrns ꝛc. Erſt⸗ gebohrner Hertzog und Print, in Bluhe ſei⸗

117 1937 1375 87 Ies Alters von 18. Hahren, Die Detrubnuß ware algemein, dans

1415 1984 80 66 der
