1959 2500
51 284 74 61 Fen⸗

37 334 86 64 Lehr⸗

84 388 43 60 enl

723 222 43 61 .

768 222 347 78 2 (O) Ebr-

1528 233 89 65 297

225 270 1390 81 Am dieſe Zeit befande ſich auch alhie ein heiliger Abbt aus Bayrn,

225 331 1392 73 von Hertzog Ludwigen Geſchaͤfft halber allhero beruffen, deſſen Die⸗

226 379 1393 76 ner verurſachte in der Herderg durch Fahrlaͤßigkeit eine Brunſt, wel⸗

229 429 1392 76 cher der heilige Mann, um willen der Diener von auſſen das Zimmer

208 473 64 104 .

297 484 1322 68 iglet, nit entfiiehen koͤnnen, ſondern darinn verderden, und im

229 527 1388 75 Rauch erſticken muͤſſen; Als der Fuͤͤrſt zu dem Zimmer raumen laſſen,

227 580 1388 76 dat man ihn todt gefunden, um ſeinen dloſſen Leib ein eyſene Ketten,

229 630 1390 75 und um den HHals ein Kappen von Heilthum hangen. Der Hertzog

233 680 1386 76 ſeeſſe den Coͤrper in die Thumb⸗ Kirchen mit Ehren zur Erden beſtaͤtti⸗

227 733 840 72 gen, da er mit Wunderzeichen geleuchtet.

347 787 1272 65 Anno 1219. war ein Concilium Provinciale oder Svnodus ꝛn

234 829 1387 82 Zaltzburg. Conradus kunte demnſelben wegen einer Aufruhr allhie nit

241 881 1381 87 wwohnen, ſchickte alſo den Thumb⸗ Probſten, Dechanten, und

236 923 208 89 Scdolaſter.

233 1034 1388 75 Anno 1221. als Kanſer Friedrich in den Orienraliſchen Krieg trachte⸗

344 986 1277 72 Anno 1220. ließ Hertzog Ludwig das Schloß zu Abbach bauen.

297 1083 1324 85 lieh er vorher ſeinen Sohn Heinricum zum Roͤmiſchen Koͤnig zu

241 1127 257 85 lach eroͤnen.

344 1188 1280 75 Anno 1225. ſtunden etliche Geiſtliche auf, ermahneten die

247 1233 1375 86 Hriſten wider die Sarazener zu ziehen. Der Pabſt lollicirirt ſeibi⸗

237 1286 763 73 ts auch bey hohen Fuͤrſten und Herrn.

341 1343 1280 69 Anno 1222. hat dieſe Stadt von dem Feur groſſen Schaden

243 1387 1378 74 entten. In dieſem Jahr hat der Biſchoff Conradus die alte Burger⸗

254 1437 1365 83 tarr s. Caſſian, dem Coilegiat-Stifft Alten Capellen pleno jure in-

277 1486 141 73 porirt.

343 1534 1276 93 Anno 1226. nimmt Kayſer Friedrich unſer Cloſter in ſein Spe-

232 1566 58 84 .

311 1590 462 76 rorection und Schutz.

234 1658 81 80 Xuc

341 1641 1280 78 Allhie in der untern Stadt gegen Aufgang der Sonnen war ein

233 1709 93 81 ner

339 1698 1279 68 zeweyhet zu Ehren S. Salvator, die hat Biſchoff Conradus II.

337 1748 1285 70 Anno 1226. (mithin alſo, ſchon in ſelbigen Jahr, als der

232 1756 79 73 Hei

334 1795 1284 74 Vatter Franciſcus Ferapbicus ſeeligiſt und glorifierrt abgeſchiden,)

233 1816 50 64 ier

305 1845 1314 73 nkommenen Franciſcanern deren Conventualn, zugeeignet. Neben

240 1859 32 66 n

333 1893 1284 76 Lirchen hatten in ſelbiger Nachbarſchafft ihre Palaria und Hoff⸗

237 1912 39 58 0

280 1940 1339 82 Angen Graff Albrechr von Bogen, Pfaltzgraf Otto Churfuͤrſt, und

308 1995 1311 78 oͤg in Bayrn, deren Nahmen ſambt Frauen Lndwiga Koͤnigin in

293 2029 84 66 len,

395 2047 1224 73 Kayſer Heinrichen, und der Stadt Regentpurg ſambt ihren

262 2091 1351 97 Lvven noch heutides Tags ob dem keinen Thuͤrlein, ſo gegen Nie⸗

925 2156 72 78 91

1442 2159 172 70 dergang

80 1211 33 55 ei

34 1219 22 62 1

36 1418 51 63 ſei

65 1506 50 75 26

62 1905 54 97 .
