1566 2270
71 105 85 55 502

562 90 385 73 &s (0) E1-

65 143 1371 78 Schweden, und dero Adhrrenten. Dieſe kamen zu Haylbrunn zu⸗

68 192 1370 75 ſammen. Aber es dilponirte der Cron Schweden Cantzler Ochſen⸗

68 245 1374 69 ſtern, der nun uber die Armee das Commando uͤbernommen, alle, ir

69 296 1367 69 Copia anweſende proteſtirende Staͤnd bielmehr zu beſtaͤndiger Zuſam

69 346 1373 67 menſetzung aller Kraͤfften, und Continnirung des Kriegs, als zu einen

73 393 1366 71 Vergleich und Frieden; es ſtaͤrckete den Gegentheil die Aniſtenr des

70 445 1271 68 Koͤnigs in Franckreich, der wolt im truben Waſſer auch fiſchen.

200 491 1237 70 Beede ſtreittende Theil gebrauchten ſich hierauf der Occaſion,

68 543 1297 63 was zu gewinnen; aber die Bayriſche Armer kunte darumden ni.

1380 523 56 64 biel

73 588 1355 71 prolperiren, allweilen der vom Fridlaͤnder zum Succurs geſchickte Ge

68 640 1357 68 neral Altringer, ſo man treffen, und was gewinnen, oder ubels vei

69 689 1305 66 huͤten kunte, contramandirt worden. Es wolte der Koͤnig in Hi

68 735 1325 65 nia denen nothleidenden Catholiſchen heiffen mit einem Succurs. 2

82 783 1337 70 Fridlaͤnder wolte, ſie ſollen in Italia bleiden. Die allbereit heral

70 833 1358 68 gekommene Spanier, unter dem Duca di Feria, wolt er lieber dur⸗

71 881 1327 71 Hunger und Kaͤlte zu Grund gehen, als ehrlich mit ihrem Feind ſtr

69 931 1353 70 ten, obfigen, oder ritterlich ſterben laſſen, wie ſie dann mit dem ⸗

70 984 1309 63 tringer conjungirt bey 20000. Mann beſtehend, und in einem g

73 1029 1351 65 Vortl ſich befindend, nit ſchlagen doͤrffen Alſo muſten die Span⸗

71 1076 1341 66 ſche und Bayriſche Voͤlcker verderben. Dieſes brachte den redlich

85 1124 1306 67 Fuͤrſten Feria biß in Todt. Der Fridlaͤnder ſelbſten haͤtte offt G

73 1171 1360 74 genheit mit ſeiner ſtarcken Armee den Feind zu ſchlagen, warum-

69 1224 1324 67 aber denſelben nichts, oder nur pro torma was wenigs thun laſſe

70 1272 851 68 hat die heimliche Correſpondenz gemacht.

203 1315 1233 73 Es kamen die Weinmariſche Voͤſcker in Bayrn und Neuburs

74 1367 1348 70 Johann Philipy Crat, Graff von Scharpffenſtain, dazumahl Con

73 1417 1303 66 mendant zu Ingolſtatt wolte ihnen die Veſtung ubergeben: die⸗

1394 1406 28 54 2

71 1459 1356 75 dition aber wurde entdeckt. Er beſorgte die verdiente Straff, mach

71 1510 736 71 ſich alſo darvon, und fiel zum Feind⸗

210 1556 1228 70 Der Hertzog Dernhard von Gachſen Weinmar haͤrte Bericht

70 1610 1263 66 daß er die Stadt Regenſpurg ohne ſondere Muͤhe erobern kunte

70 1660 1272 62 len ſelbe unter dem Commando des oan. Toibres nur mit 1570.

1385 1634 54 59 ur⸗

79 1703 1354 71 Bayriſchen Soldaten beſetzt war, kein Burger, ols die vorhero ae

73 1750 1370 72 ſarmirt worden, ſich wehren werde, auch der ankommende Herto.

74 1799 1367 73 Dernard, der Religion halber angenehm, und einiger Succurs unt

75 1846 1367 74 Entſatz von dem Fridlaͤnder (uneracht ſolchen der Churfuͤrſt Marimi

75 1895 1371 88 len epſrzd begebet, und doranf den donmnwdenugn zenniſe z&

1319 1924 130 73 ſolchen
