1566 2270
70 136 91 60 620

567 157 34 40 vn

64 191 1394 85 und Hollaͤndiſchen Miniſtris die Prœliminaria unterzeichnet, und

66 250 1390 80 noch viele Beſchwaͤrden gehobden, alſo, daß den 18. Octobris 1718.

66 301 1381 77 zwiſchen denen bishero in Krieg verwickleten Hohen Potentzen ein all

68 354 1386 91 gemeiner Frieden geſchloſſen worden. Der Allmaͤchtige, ein GOkt

65 412 1391 92 des Friedens, in deſſen Handen die Hertzen deren Koͤnigen ſeynd⸗

65 462 1304 87 erfuͤlle ſelbe mit Friedens⸗Gedancken, damit unter Chriſtlichen

64 514 1296 86 ſten und Potentaten ein beſtaͤndige Ruhe und Einigkeit Herꝛſche.

1389 477 58 82 ar

203 567 1244 83 Run ſchlieſſe ich mit dem zu Ende gehenden Tauſend Sieben

61 612 1385 92 hundert, Ein⸗ und fuͤnfftzigiſten Jahr dieſe Erzehlung. Der geneigt

60 664 817 85 Leſer verzeyhe mir die degangene Faͤhler.

217 770 1224 96 Du aber, unendlich barmhertziger GOTT. der d.

59 828 1380 97 dieſen Orth allbereits Eylffhundert Jahr gnaͤdigiſt beſchu

64 892 1385 85 tzet haſt. Gibe uns, die wir an dieſes Orth dich zu loben

58 948 1391 92 beruffen ſeynd, die Gnad, daß wir mit zerknirſchten Her⸗

64 1005 1382 93 tzen unſere Suͤnden beweinen, deine unendliche Barmher⸗

97 1064 1327 96 tzigkeit beſtaͤndig loben, der Cloͤſterlichen Vollkommen⸗

142 1124 1229 96 heit nachtrachten: und deine Gnaden, mittels dei⸗

364 1186 770 83 iner Gnad, beſtaͤndig verdienen.

474 1278 554 109 A E E A.

748 2127 25 40 -

1218 2022 205 87 Megi⸗
