1566 2270
138 105 70 55 60

622 100 43 62 u

696 100 313 68 8 (0) Lhg-

117 145 1378 76 bris aber wurde in der hochen Domb⸗ Stiffts⸗ Kirchen in Gegenwari

117 203 1373 69 deren Haupt⸗Klaͤgern, und ſammentlicher Geſandſchafft, auch unge

118 252 1376 69 meiner Anzahl des Volcks eine Leich⸗Predig, und ſolennes Requien

116 302 205 62 gehalten.

246 346 1241 76 Unter dieſer Zeit hielte ſich Tirl. Titl. Herꝛ Fuͤrſt von Loͤwen⸗

118 395 1371 74 ſtein, als von Gr. Kayſeruchen Majeſtaͤt benamſter hoch⸗ anſehnlicher

113 446 1372 71 Kayſerlicher Principal-Commiſlarius, ſchon in Pruͤell, bey denen Herren

112 498 1366 66 Carthaͤuſern auf, welcher den 11. Novembris in unſer Stifft herei

109 544 1369 70 gefabren, die Zimmer beſchauet, und ohne weitere Solennitaͤt, oder

108 595 968 65 oͤffentlichen Einzug, gleich allhier verblieben iſt.

244 644 1217 66 Den 12. Novembris 1712. celebrirten die RR. PP. Domine.

105 692 1347 67 ner allhier in Regenſpurg mit einer 8⸗ taͤgigen Andacht, und Solent

108 736 1346 74 taͤt die Heiligſprechung S. Pii V. Roͤmiſchen Pabztens, dieſes heiligt

104 784 367 63 Ordens Profeſſi.

1126 803 120 52 22.

237 834 1226 75 Anno 1715. gleich Anfang des Fahrs vermerckte man ſchon al

103 885 1316 68 hier die Kranckheiten, dahero in unſerer Stadt⸗Pfarꝛ⸗ Kirchen S.

102 933 1361 70 perti, den 20. Jenner ( als am Feſt S. Sebaſtiani) Abends um⸗

99 981 1363 73 Uhr die Lauretaniſche Litaney abgeſungen worden, welches die gans

100 1029 1317 78 Octav hindurch geſchahe, und noch bis anjetzo von 20. bis 22. 2

1428 1029 34 60 rt

99 1078 399 64 ner verrichtet wird.

232 1127 1215 72 Den 19. Mertz 1775. wurde in allhie ſiger hochen Domb⸗Stifft

97 1177 1321 70 Kirchen, und in der gantzen Diœces auf allen Pfarren ein zehen⸗ſt

95 1225 1362 71 diges Gebett angeſtellet, um Abwendung deren Kranckheiten, weich

93 1272 1349 72 mehr und mehrers zunammen. Bey ſolchen Stund⸗Gebett ſeynd,

98 1322 1345 69 verſchiedenen Stunden erſchienen alle Herren Religioſen, die Stit

98 1368 607 70 ter, und auch die Studenten.

229 1418 1232 72 Den 12. Maij 1712. haben die RR. PP. Capucini allhier di⸗

94 1461 1357 80 Canonization S. Felicis, A Cantalizio mit einer 8ꝛ taͤgigen Solennita

89 1514 480 67 zu begehen angefangen.

229 1563 1227 71 Indeſſen namm das Ubel einer anſteckenden Peſtilentziſchen Seu

90 1612 1364 71 che allhier in Regenſpurg alſo zu, daß man nichts mehr verhullen koͤnn

93 1659 1356 75 te. Dahero die ſammentliche hoche Geſandſchafft, und Adel gleio

95 1710 1358 70 ſam auf einen Fag, aus der Stadt abgereiſet, und nach Auaſpur⸗

97 1754 1359 75 ſich verfuͤget. Es verlleſſen auch noch viele andere ſowohl Geiſt⸗als

94 1802 1362 75 Weltliche Perſohnen dieſe inkicirte Stadt, und begaben ſich anderſt⸗

89 1853 1241 75 wohin. Es ſolle ein groſſe Anzahl (einige wollen, ſechs bis

1338 1841 122 72 ſiebent

88 1903 1372 80 tauſend Perſohnen) aus Regenſpurg gezohen ſeyn. Tirl. Herꝛ Gral

1383 1939 78 68 vor⸗
