1978 2546
428 243 85 72 132

977 248 316 71 28 (0) Eb

539 294 1293 82 VII. um dieſe Zeit hat vermthlich WICTERPUS als Viſchoff alhie

413 343 1422 72 ſich aufgehalten. Hanſizius tom. I. Germanig Sacrœ. pag. 113. vermeinet,

414 384 1416 81 uicterpur ſeye Anno 716. zu Regenſpurg als Biſchoff durch die Legaten Grego-

411 431 1421 72 rii II. eingeſetzet worden. Unſer Arnoldus thut keine Meldung von Wicterpo,

411 473 1418 75 dab derſelbe als Biſchoff allhier geweſen ſeye. Alleinig die Prob, daß Wicterpus

411 519 1417 72 allhier als Biſchoff geſtanden, iſt von ſolcher Wichtigkeit, daß ſelde ſo leicht nich⸗

410 565 1418 67 verworſſen kan werden. Es beſindet ſich in unſerer Bibliothec ein Manulcriptun

410 605 1416 64 von IX. Sœculo, welches ein Pocta Anonymus, zu Zeiten Lndovici p;;: Db

408 647 1417 75 ORDINE COMPROVINCIALTUM PONTIEICUM, geſchrieben hate⸗

407 691 1416 72 Dieſes Mannſcriptum ſchaͤtzte Mabillonins von ſolcher Wichtigkeit zu ſeyn, das

407 735 1415 75 er alle andere Catalogos deren Biſchoͤffen in Bayrn, nach dieſen Mannſeriy.

410 785 1409 62 corrigiret zn werden verlanget. Mabillon. veter. Analect. edit. Paris. 1725.

410 830 184 59 Pas. 317.

410 908 687 72 cit. loco. ans unſerem Manuſcrivto,

531 861 1291 81 Dieſer Poet redet von denen Regenſpurgeriſchen Biſchoͤffen alſo: Mabilon-

541 991 776 82 Hie Reginenſis ſedis vocitatus ab urbe,

547 1056 1006 88 Quam Rerit primoͤ VTCTERPU& Epiſcopur ille.

540 1118 924 78 Poſt alius GaurIPALDUS qui nomine dictas,

541 1178 880 65 Tertius FTGTRICUg erat ſacratns ad aulam.

539 1227 1109 91 roſt bune jan fuerat STꝛD 2 EnTus in ordine quartus,

541 1298 1081 75 Quintus ADALITNUS fuerat, ſedemque regendo.

539 1359 1058 72 Poſt hunc BATU RICUS tenuit pius optime ſedem,

540 1417 1064 86 EBCHENFREDUS ovans ſeguitur hine paſtor opinur.

517 1496 1294 83 Der erte Piſchoff Viderper, nach dieſen Gcroipalle. der dritte 1,i.is

400 1553 1385 65 Der vierdte Findbertur. Der fuͤnffte Adalorirar. Alsͤdann Baturieus, und )

401 1595 1361 69 ebanfredus. Es erhellet alſo ans dieſen Manuſcripto ( welches ſchier um;

1764 1594 45 56 02

407 1637 1358 70 Tahr aͤlter iſt, als Arnoldus Monachus,) daß Wicterpur allhier Viſchont

400 1683 1348 70 weſen ſeyc Ich ſtimme auch Hanlizio bey, und vermeine daß Vickerpur un

408 1729 1395 75 rahr Chriſt 116. allhier dieſes Amt eines Biſchoſſfs verrichter habe ꝛc. Erſten⸗

400 1777 1334 71 Cregorins H. hat dieſes Jahr ſeine Geſandte in Bayrn geſchickt, vermuchl

401 1824 1320 69 eyfferiges Begehren Theodonis I, der damahls zu Nom ware, damit die,

403 1868 1294 64 ſandte in denen Landen deren Hertzogen drey oder vier Biſtaͤmer anfrichten

1767 1852 35 56 eu

410 1910 1330 71 Iſt alſo gantz natuͤrlich, daß in der Neſidentz⸗Stadt Thcodonis 11 ( zu 9.

404 1953 1199 78 ſpurg) ein Biſchotf angeſtellet worden, und zwar Wicterpus; dann

537 1998 1258 78 Swertens: uiderpur ware gebohren in Bayrn ans dem Agilolſingiſch.

406 2045 1383 76 Geſchlecht, ein ſrommer Mann. Daß alſo miderpur wegen beyden Umſtaͤnd.

400 2094 1299 72 als BViſchonf beſtellet habe koͤnnen werden, iͤt mehrmahlen gantz natuͤrlich. O.

1745 2083 49 54 ob

403 2144 1331 79 das Widergus nin Dayr, nnd ven Agilolſiagiſchen Geſchlecht mouͤ
