1923 2446
742 192 29 48 n.

792 179 353 73 28 (0 Lag--

1553 190 77 58 152

244 220 1389 95 Dinter, und mancher nur in Hembd, cheils in einer ſo ſchlechten

245 286 1385 80 Dath, daß er die Scham kaum decken moͤchte. Mancher lieff viel Meit

16 289 157 98 purg

244 339 1388 74 aͤcheinander, und ward nicht muͤde; er redete unter Weegs mit nie⸗

241 372 110 73 mand.

28 376 141 94 n, mi

377 392 1255 72 Wann er dann gefragt ward, warum er alſo lieff, ſo gab er

245 436 1384 79 u antwort: Sein Geiſt treibe ihm alſo. Und ſagte ſich keiner daheim

48 468 81 59 en⸗

241 474 52 58 n

290 490 1339 75 weder Mann dem Weib, der Herꝛ dem Diener, wie auch der

245 538 1385 78 Hiener dem Hermn nicht, und lieff jedermann anders nicht, als wann

275 592 1355 73 aus dem Feuer geſprungen waͤre. Es ſeynd taͤglich aus allen Lan⸗

245 640 1385 77 in etlich tauſend Menſchen dahin kommen, daß einer ſeine Wunder

38 683 107 64 15I

240 671 83 72 aͤtte

330 697 1298 70 ſehen moͤgen. Gonſt ſeynd andere Leuth, ſo nicht alſo gerrieben⸗

243 743 1385 75 ſur Bedacht dahin gangen, welche Gold und Gilder, auch anders

43 786 49 66 r

103 777 28 57 ;

245 790 1383 78 cher bracht und geopffert haben. Dieſe Kirchen ware herꝛlich inn⸗

240 819 63 71 md

307 846 1325 73 auswendig gezieret, auch mit Eingen, Orglen, Meß halten groſ⸗

300 894 1328 74 SOttes⸗Dienſt geleiſtet. Solches hat S. oder 7. Jahr gewaͤh⸗

36 933 84 64 beſet

258 934 46 67 .

323 945 1303 72 bis endlich D. Martin Luther, ſo gleich ſelbiger Zeit aufgeſtan⸗

21 985 95 61 und

243 977 72 67 en,

324 996 1304 72 die Leurhe, und dergleichen Wallfahrten abgeweiſt, da dann

38 1042 51 53 nt,

254 1023 51 72 la

323 1042 1302 73 Weeſen auch allgemach abgenommen und aufgehoͤret hat, und

255 1091 1374 70 oͤnger Zeit iſt es ein Evangeliſche Kirch, und wird zu der neuen Mfarꝛ

27 1138 42 56 in

237 1138 1393 98 enannt. GDet der Allmaͤchtige wolle ſein Heil. Goͤttliches Wort

28 1184 61 68 Or

262 1190 954 80 oh laͤnger laſſen darinn predigen, Amen. 1610.

32 1240 31 56 e

28 1288 46 55 ie

346 1280 1276 88 Nota 1 Dieſe Erehlang iſ unter der Bilduns, alwo die Walfahrter au

24 1333 77 61 Nes

250 1330 773 72 rſchiedene Arth vorgeſtellet werden, zu leſen.,

43 1379 65 69 Zao

339 1394 1285 104 M Der Verzoſer diehr Enebunz, nennet is anr dezauberte An⸗

20 1443 41 51 ꝛo

235 1413 100 125 ꝛti

36 1530 74 63 ent.

342 1527 1282 73 III. Es ſcheinet, daß derienige, ſo dieſe Erzehlung unter dieſes Bild ange⸗

241 1566 1377 76 crart, ſolche ans der Bihmiſchen Chronick Hagecii (welche derſelbe Anno 1511.

251 1608 1364 83 kendet) genommen habe zallwo, (in der tentſchen Edition. Leipzig Anno 1718.

263 1651 483 73 t 883.) ſolgendes z leſen-

50 1735 17 51 ⸗

500 1791 827 118 Die Erzehlung Hagecii.

42 1864 49 71 ert

43 1928 41 61 in

394 1937 1227 79 iſt zur ſelben Zeit, zu Regenſpurg ein Doctor der herligen

356 1988 1265 80 Schrifft geweſen, mit Nahmen Balthaſar Hubmayer, ein vor⸗

44 2019 47 62 zal

248 1989 124 118 amer

379 2042 1242 100 Prediget. Dieſer predigte heffug wider die Zuden, nicht al⸗

1530 2103 94 72 lein
