1978 2546
423 278 75 69 10

984 282 307 70 3(0) Etz-

723 390 810 141 CAPUT XXVI

407 523 1404 134 Folget nun von denen Aebbten dieſes

472 630 1282 105 Cloſters, und was ſich unter Zeit dero Regie⸗

727 704 765 102 rung denckwuͤrdiges zugetragen.

476 809 1269 135 Von dem Erſten Abbt Appollonio.

547 947 1261 89 zeweilen dieſes Cloſter von der Stifftung an allbereit r027.

553 1002 1252 87 Jahr (a) ſtehet, als hat daſſelb vil Aebbt gehabt, die faſt alle

512 1050 1283 91 in dieſer Cloſter⸗Kirchen, deroſelben Neben⸗Capellen, un

394 1101 1408 92 Creutzgang begraben ligen, die mehrern aber darum keine Grabſtei

389 1155 1414 89 haben, weilen, wie ſchon vermeldt worden, und nachfolgen wird.

391 1212 1410 80 das Cloſter durch oͤfftere Feuers⸗Brunſt in die Aſchen gelegt und ver⸗

390 1257 1409 83 wuſtet worden. Es ſeynd aber folgende: Appollonius der Erſte Abo

390 1302 1408 89 aus Griechen⸗Land von Arhen (5) ein gottſeeiiger und gelehrter man

390 1353 1406 89 wurde eingeſetzt Anno 697. (c) der erzeigte ſich nit allein im geiſtlichel

391 1403 1400 93 Weeſen auferbaͤulich und eyfferig, daß er zu dem heiligen Orden Lu

387 1458 1398 95 haͤtte, ſonder richtete auch Schulen an, (d) unterwieſe die Fugend.

386 1513 1375 85 guten Kunſten, Sprachen und heiligen Schrifft, daßz in kurter S

389 1561 1389 81 diß unſer Cloſter gleichſam ein Uaiver ſitzr worden, und das Srudiol

389 1609 1389 86 biß auf die letzte zwey Sucula continuirt, wie dann die noch in grofſt

390 1657 1357 103 Amahl vorhandene geſchribene Buͤcher derer Religioſen unerdroſſe,

391 1710 515 82 Fleib genugſam erweiſen.

567 1763 1219 92 ) Es haben auch allda wollen unterwieſen werden S. Erbardo

383 1823 1358 83 und ſein Bruder Hidulphus, ſo hernach beede Biſchoͤff worden, o

383 1868 1394 96 zu Trier eingeſetzt an ſtart des verſtordenen oder vimehr von einen

1669 1936 35 71 2

425 2070 614 68 a) Audereits 1100. Jahr von Aano se-.

427 2114 832 65 b) Eoher Appollonius getommen, tan ichnichrs Anden,

425 2148 904 74 c) Er kan erſt um 727/ oder 298. als Abdt deſteut worden ſeyn.

411 2185 684 72 La) Aventins lid. Anulium IU. Pr. edo.

420 2223 141 82 ) Ln.
