1940 2440
383 178 95 64 132

957 178 324 72 S (0) EM-

1838 238 50 53 an

376 230 1393 85 lein wider ihre Religion, ſondern auch wie ſie, mit ihrem Wuchet

1842 276 79 68 ſie)

378 284 1384 82 und Betrug, die Leuth um das Ihre braͤchten, und dem gantze.

1843 326 79 72 Wei

380 334 1381 82 Teutſchlande einen unuͤberwindlichen Schaden zufugeten. Solcht,

1836 375 75 75 ſeine

378 382 1377 85 nahmen ihnen die von Regenſpurg zu Gemuthe, und beſchloſſen in ih

1835 429 50 60 rin

378 436 1377 79 rem Rath, wie ſie beym Kayſer anhalten und zuwegen bringen wol

378 485 1383 82 ten, damit ſie der Judiſchen Beſchwerung und Schatzung entbunden,

1842 474 85 73 bind

1838 524 24 64 e

1877 536 48 63 lie

376 536 1371 83 und die Juden gantz und gar aus der Stadt, (wie dann endlichen ge

1835 578 50 63 ter

378 585 1312 76 ſchehen,) geloſen moͤchten. Dann dieſelben gemachſam, gleic

1835 623 52 64 n

383 637 1326 78 die Duͤſtel aus einen Garten ausgerottet worden, ihre HHaͤuſer th

372 685 1368 80 eingeriſſen, und die andern mit Chriſten beſetzt, ihre Synagog wu

371 736 1376 84 in Grund eingebrochen, und am felben Orth ein ſchoͤne Kirch der hoͤ

371 787 1354 77 gelobten Fungfrauen Maria zu Ehren gebaut, und war zu ſchoͤn

319 836 1409 79 1 und zarren Waria genannt. (.) Als ſolches in denen umliegeni

1830 877 47 59 ur

372 882 1367 85 Staͤdten, Maͤrckten und Doͤrffern lautbar worden, haben viel Leui.

1838 929 38 55 di

370 935 1363 83 ſo etwa Angſt, oder Beſchwernuß litten, ſich zu der zarten Marias

1835 969 81 82 llag

367 985 1328 83 lobt, und ſeynd Wahlfahrten dahin gangen, und durch ihre Ge

1828 1024 44 59 le,

368 1037 1323 84 von unſerem HErrn GOtt erhoͤret, und ihres Glaubens Nutz emy

302 1087 1427 84 (a) den. (a) Ais es aber noch lautbahrer worden, iſt ſolch ungemein⸗

1827 1125 50 57 en

368 1135 1308 83 lauffen und Wahlfahrten geweſen, nicht anders, als wann die

298 1186 1388 77 (D) betraumr oder bezauberr waͤren, (b) nicht allein von Mannen

1826 1218 62 75 aͤr

374 1233 1326 84 Weibern, ſondern auch von Knaden, Jungfrauen, und Kinde

367 1286 1337 84 Geiſtlich und Weltlich, HHerren, Knecht, und Maͤgde, desgleis

367 1335 1314 86 mancherley Handwercks⸗Leute, und iſt mancher einen langen A

364 1388 1330 82 ohn einigerley Speiß und Tranck, beo Tag und Nacht gelaul

366 1436 1313 84 Es ſeynd auch bißweilen Kinder, ſo des Weegs unbekannt, mit

367 1488 1319 81 Stuck Brod dahin gelauffen kommen. Mancher Menſch lieff dahin

366 1539 1312 82 mancherley Inſtrument, alſo wie einen jeglichen die Luſt und He,

364 1588 1302 111 uderſaleni ein Lben nit Hden⸗ oder Miſt⸗Gaden, wie ein jes

1698 1792 38 46 ifi

410 1796 1237 80 (a) Was alhier, von den erſten Zeichen an (7) biß auf Lit. (a) zn.

1676 1801 17 46 1

1701 1830 22 56 l

448 1840 1207 76 findet ſich nit in der Erzehlung, ſo zn Regenſpurg Anno 1610. unter die

447 1880 1238 84 nuß geſetzet worden, wohl acer das nachſolgende, jedoch mit einer Ver⸗

439 1928 99 49 Tung-

409 1952 1270 97 (o) Her, ſager Hagecius, als wann die Leur berrdumt oder

436 2019 1242 111 zanberss waten. De Regenignrdeniche EPlauind, hart daat we,

437 2063 635 90 turs Aus gezauderter Andachr.

1878 1542 48 46 che

1884 1573 49 55 raͤr

1877 1617 53 55 nal

1874 1651 59 59 bpu

1873 1706 61 46 wel⸗

1877 1736 50 54 ſeik

1877 1779 35 55 ye

1900 1825 23 52 n

1872 1853 63 67 Rat

1870 1903 49 54 me

1883 1987 50 57 der

1873 2026 41 57 ꝛr1
