1566 2270
620 109 43 52 ard

121 110 85 62 112

695 105 46 74 3

784 108 229 67 O) Lbzu

111 157 1374 71 Decembris 166T. Dieſer fuͤrtreffliche Biſchoff errichtete Anno 1654

112 210 1378 66 allhier emn Seminarium, in welchem zu Nutzen des Biſtumbs einigt

112 254 1377 71 Cerici beſtaͤndig unterwiſen werden. Unter ſeiner Regierung iſt au

113 303 1359 76 deſſen Befelch das Feſt S. Joſephi im gantzen Biſtumb zu feyern auge

113 351 324 62 fangen worden.

248 398 1234 82 Auf Francilcum Wilhelmum, wurde Anno 1062. den 22. Pe

114 451 1282 79 bruarii Titl. Fohann Georg Graf von Herberſtein, Canonicus-

1412 441 80 69 und

112 504 1283 76 Capellanus Imperialis, auch Thumherr und Senior zu Paffau

1413 493 64 58 ab⸗

112 552 1365 73 weſend, ſemes Alters im 7iſten Jahr, zu einen Biſchoffen allbhrer er

116 601 1359 73 waͤhlet worden. Die Confirmation von Rom folgte erſt den S. Ma

113 650 1363 76 1663. Nach 2. Wochen lang erlittenen Fieder und ſchmertzhofftei

1437 693 52 101 2

109 698 1301 72 Grieß⸗Zuſtand ſtarbe er den 12. Junii dieſes nemliche Jahr, noc

114 744 1332 75 ſeiner Conſecration, wurde den 16. Junit in Mitte der Domb⸗&

1427 784 43 73 ar

107 794 1283 74 chen, gleich vor Biſchoff Friderich von Blanckenfels begraben..

105 842 850 73 Biſchoff 1. Jahr, 2. Monath, 12. Taͤg.

238 905 1208 79 Anno 1662. ſchriebe Kayſer Leopoldus einen allgemeinen Reidh

108 959 1312 70 Ea g nach Regenſpurg aus. Den 17. ſulii 1662. erblickte das

108 1007 1273 66 Liecht Mazimilianus Maria Emmanuel, Ferdinandi Mariz Chu

105 1058 1294 73 und Hertzogens in Bayrn Sohn: Guidobaldus Ertz⸗Biſchoff zu &

105 1105 1285 74 burg, ſo wegen bevorſtehenden Reichs⸗Tag ſich zu⸗ und um R

111 1152 1296 77 ſpurg damahls ſchon aufhielte, verreiſete nach Muͤnchen, und tar

103 1203 582 69 den neugebohrnen Hertzogen.

238 1264 1170 79 Den 29. Anguſti 1662. kame Guidobaldus Ert⸗Biſcho

103 1316 1325 78 Saltzburg, als Kayſerlicher Geſandter zu dieſen bevorſtehenden Reie

148 1369 1247 74 ag, und iſt mit einen groſſen Comitatu von der Loͤblichen Cart

104 1412 1291 81 Druͤell herein in die Stadt gezogen, und geraden Weeg nach S.

98 1460 1367 77 meram, in ſein Ouartier gefahren. Den 20. Fenner 1662. wurde au

99 1509 1292 78 den Rath⸗ Haus mit gewoͤhnlichen Ceremonien der Reichs⸗ Tat

100 1558 1296 71 gefangen, und die Propoſition beſtunde in drey Puncten. 1m0.⸗

103 1605 1324 73 wider die Tuͤrcken. 2d0. Sorg vor die Sicherheit des Reie

105 1654 1327 74 ztid. Die Reſtitution, welche in den Weſtphaͤliſchen Frieden beſeh.

100 1702 1375 77 ſen worden. Der Tuͤrck wollte nichts von Frieden wiſſen, begehers

99 1747 1251 82 einen Jaͤhrlichen Tribur von zwey Million Reichs⸗ Ebaler

1393 1734 80 71 uni

103 1794 1367 81 5oooo. n wegen Krieas⸗Unkoſten. Man beſchloſſe Anno 1662.. au,

98 1841 1369 82 den Reichs⸗ Tag ver Armeen aufzuſtellen Die Fuͤrcken machter

98 1892 1360 108 lwet Ezves, nid ne dieſtt Zape dey d Somders ed 220;2,

1350 1932 116 70 derlat
