1911 2480
338 239 94 61 272

914 242 348 69 2 (0) Lèza

472 286 1259 88 Dieſe hochweiſe und vernuͤnfftige Urſachen kunten nit tiderſpro⸗

333 340 1396 91 chen werden; gieng derohalben der Schluß, den Hertzog Albrecht ein

334 396 1399 86 zuholen, und ihme zu huldigen, welches dann den S. Auguſti geſchehen,

334 446 1390 89 und ein anſehnlicher Einzug in Beyſeyn Biſchoffens von Paſſau, und

333 494 1394 92 Landgraffens von Leichtenberg gehalten worden. Die Regenſpurget

333 548 1389 84 haben ihme benebens das Schloß Donauſtauff ubergeben, und Ge⸗

332 600 1387 86 walt ertheilt ein Reſidenz allhie iu bauen, die zwar bey dem Praͤpru

330 650 1393 89 ner⸗Thor angefangen, aber nit vollendet worden, den andern Tas

329 701 868 81 hat ihme der Rath und Gemein gehuldiget.

468 756 1251 87 Hertzog Albrecht behielt Regenſpurg. Machte ihme aber unter⸗

325 803 1048 84 deſſen zum Feind den Kayſer, und die Churfuͤrſten.

467 855 1229 86 Naͤchſt deme befoͤrderte des Kayſers Ungunſt, dieweil er ſe

329 899 1375 90 Tochter Chunigundam (um welche Matrhias Koͤnig in Ungarn eoff⸗

322 957 1385 87 rig geworben) ohne Willen und Wiſſen ihres Herrn Vattern ve.

319 1004 1386 94 mittelſt ihres Vetters Sigismundi geheyrath, auch jetzt gedacht Er

327 1059 1344 85 Hertzog Sigmund, ihme Hertzog Albrechten, die Fuͤrſtliche Gragſch

325 1111 1360 87 Crrol vor das Heyrath⸗ Gut der Printzeßin Chunigundis, zugeſa

316 1158 1389 93 Welches alles, und daß er darzu Regenſpurg vom Reich ſeparitt,

316 1213 1385 86 Fridericum den Kayſer bewegt, Bayrn mit Schwerdt und Feuer.

315 1260 1341 91 verhergen. Er iſt aber davon abgehalten worden, allweilen die Sch

314 1313 1342 90 ben zu ſolcher erpedition ſich nit haben wollen gebrauchen la-

1678 1326 23 57 1

316 1366 1329 88 So batte die Fochter Chunegund den Herrn Vattern auch um⸗

310 1417 1354 87 zerhung. Koͤnig Mazimilian batte fuͤr die Schweſter. Aidertus

311 1468 1343 94 muͤthigte ſich auch, und uͤder alles hatte der Kayſer norhwen

311 1514 143 70 Krieg.

449 1565 1150 95 Anno 1a87. am noͤchſten Sonntag nach unſer ſieben;

314 1618 1328 91 Tag zu Liechtmeſſen, hielt Hertzog Albrecht allhie ſeiner Gemaͤ

307 1674 1300 85 zu Ehren ein anſehnliches Turnier, dabey er, und ſein Rerter

305 1724 1276 89 tog Georg faſt mit gantzer Ritterſchafft aus Bayrn erſchienen.

298 1775 1309 90 me haben auch beygewohnt S. Graffen, viel Herrn, Rrtter,

1629 1770 69 74 und

308 1828 1368 87 Edle, von Frauenzimmer uber 120. der Spil⸗Hoff war auf den Koc

300 1873 1394 95 Marck. Und dieſer iſt der letzte in Bayrn gehaltene Turnier geweſen

296 1927 1351 91 maſſen auch nach demſelben nur noch einer, nemlich zu VVormb.

307 1981 1332 84 gedachten 1227. Jahr, naͤchſten Sonntag nach St. Barcholoi

1651 1985 23 51 e

307 2032 1372 80 Zag, gehalten, und mit deme diß alte teutſche Ritter⸗Spiel beſchto

298 2081 1290 87 ſen worden; ſo doch zu Erhalrung und Fortpflantzung, Zucht,

300 2135 1283 112 Eugende und gnt Adelichen Buten gediedti wie man dano

1629 2124 62 68 den

1847 293 54 61 Lu

1843 343 61 63 cher

1840 391 66 70 Fro

1846 445 55 67 er,

1836 493 68 69 nun

1840 624 58 64 ſche

1846 670 34 67 v

1840 721 35 73 ꝛe

1844 781 57 53 r0.

1836 819 69 71 ſten

1837 874 58 61 ein

1839 931 63 54 trur

1853 969 33 69 N

1847 1026 30 56 ꝛ

1842 1076 55 78 Or

1839 1190 58 70 der

1837 1241 68 76 Aac

1847 1302 43 59 er

1839 1352 49 60 ein

1835 1660 45 63 M

1833 1709 65 77 ent⸗

1833 1763 58 69 der

1832 1820 51 75 ue

1833 2059 50 55 ent

1833 2098 50 66 ner
