1935 2499
350 233 98 59 282

861 227 401 67 -82S (0) Laͤga-

350 281 1401 74 ſchwiſterten in ihren Eigenrhum das Cloſter zu Biburg, und derord⸗

347 337 1408 67 neten ihren Brudern den HH. Eberbardum zu dem erſten Praͤlaten⸗

348 391 1406 64 Lebte ſo fromin, regierte ſo loͤblich, war denen Armen ſo freygebig⸗

347 444 1407 62 und gegen denen Nachbarn (ſonderlich hieſiger Stadt) ſo freundlich.

348 490 1405 66 daß er einhellig zum Ertz⸗Biſtumb Saltzburg poſtulirt worden. Der

347 541 1406 61 allhieſige Biſchoff Hartwicus wurde uneins mit Hertzog Zeinrichen,

347 592 1406 64 theils Burger hieltens mit dieſem, die andere mit dem erſten. Sr-

347 641 1399 68 Eberhard als ein Patrior, reiſete allhero und vergliche beede Par

347 696 1397 62 theyen 1161. Starbe, wie er gelebt, ſeelig Anno 1162. Anni

351 742 1390 67 1127. lieſſe Kayſer Conrad ſeinen Sohn Heinricum zum Roͤmiſche

347 795 1394 69 Koͤnig zu Aach croͤnen, der ſtarbe aber drey Jahr hernach vor ſeinel

348 844 343 62 Herrn Vattern.

488 892 1253 71 Als Anno 11a8. Kayſer Conrad in dem groſſen Zug gen Feru

345 945 1392 69 ſalem und gelobten Land war, mͤſte aus ſeinem Befehl ſein Vette

347 998 1393 65 Fridericus das Reich guberniren. Da er nun wider durch Dalmariei

347 1050 1385 68 in Teutſchland kam, und zu Saltzburg die Pfingſt⸗Feyertaͤg zus⸗

347 1099 1387 68 bracht, hielte er allhie oͤfftere Reichs⸗Taͤg, abſonderlich gleich Ann

348 1150 1389 68 1129. in welchem Heinricus Leo, Heinrici ſuperbi Sohn, (der ſi

356 1202 1366 65 ſammt Velphone in den Aſiatiſchen Krieg gebrauchen laſſen) bey de

354 1249 1371 62 Kayſer ſtarck lapplicirt um ſein vaͤtterlich Gut, aber umſonſt. Es gi

348 1300 772 67 deßwegen das Anſehen zu einem Krieg.

479 1353 1251 68 Anno 1152. ruͤſtete ſich Kayſer Conrad, in Ftalien zu Rom s.

344 1404 1338 59 eroͤnt zu werden, erkranckte aber daruͤber (man will ſchreiben, es

343 1453 1390 68 bens welſche Medici aus Anſtifftung Rogerii in Sicilien verurſachet⸗⸗

344 1506 1382 65 recommendirte denen Staͤnden ſeines Bruders Sohn Pridericum au

347 1556 1386 65 Schwaben, den man wegen des rothen Barts Ahenobarbum ode,

344 1603 1385 72 Bardarolla nennete, beyſeits ſetzend ſeinen noch minder⸗jaͤhrigen Sohil

341 1654 1388 75 auch Friderich genannt, und beſchloſſe alſo ſein Leben ſeelig Ana.

344 1718 133 60 1152.

479 1750 1251 77 Fridericns wurde den 20. Tag hernach zu Franckfurr mir alle

343 1806 1297 76 Fuͤrſten Belieben fuͤr ein Kayſer ausgeruffen, und am Conntas

341 1860 1387 69 re hernach zu Aach gecroͤnt. Doctor Hochvvarr ſchreibt, er hab na

340 1913 1319 68 dieſer Croͤnung ſeine Gachen gerichtet, hernach auf Regenſpure

1687 1886 41 67 id

338 1961 1363 72 begeben, und in unſer Kirchen ſich wider eroͤnen laſſen. Conkirn

340 2013 861 73 gleich folgendes Jahr unſere Privilegia. (,

1630 2046 88 61 Anr

1853 333 75 68 ſein

1855 384 73 61 chen

1854 430 74 65 Rei

1859 478 42 62 rr

1862 527 63 71 Za

1861 581 64 72 Bai

1859 634 46 72 ul

1865 690 40 59 er

1859 784 53 64 ait

1855 830 66 69 der

1862 884 59 71 Ro

1864 934 48 68 er

1864 982 52 74 do

1861 1034 67 71 Ga

1862 1089 49 60 erb

1869 1134 52 71 e

1865 1191 56 65 ige

1862 1235 63 75 Zai

1861 1293 60 63 Arr

1862 1335 57 78 ſehr

1859 1392 59 62 nur

1861 1438 61 69 teo

1864 1488 58 68 dor

1862 1584 56 68 ein

1868 1635 21 60 ?

1858 1684 63 69 Ja

1861 1777 50 72 die

1864 1831 50 66 rv

1861 1882 40 64 e

1855 1929 61 77 rie⸗

377 2204 313 78 () Nids Dirlona.
