1554 2270
301 146 1231 78 Interim giengen die Kriegs⸗Enpediriones ſtarck ſort, und ſeder

735 95 53 73 8

821 97 236 73 o) EMn

1456 107 74 61 N25

170 187 1361 84 Theil beflieſſe ſich gute Progrels zu thuen, damit er bey den Friedens⸗

171 239 1359 80 Tractaren mehr erhalte Es gluͤckte aber denen Kayſeriſchen diß Jahr

169 285 1359 84 deſſer als denen Schweden; noch beſſer aber denen Bayriſchen Voͤl⸗

165 326 1366 90 Cern wider die Frantzoͤfiſche, und Weinmariſche Armeen, denen ſie

165 378 1366 82 den gantzen Sommer groſſen Schaden gethan, abſonderlich aber zu

162 426 1368 87 End des Fahrs, indem ſie den 22. und 25. Novembr. des Feinds gan⸗

161 474 1357 87 te Armee zu Cutlingen, und der Enden uͤberfallen, aufgeſchlagen

157 523 1370 83 und rotaliter ruinirt, daß auſſer der wenigen, ſo ſich mit der Fluche

156 570 1370 81 lalvirt, alle auf dem Platz geblieben, oder von den unſerigen gefangen

152 619 1374 83 worden. Der Gefangenen Zahl erſtreckte ſich auf Sooo. Mann, dar⸗

148 667 1375 89 unter biel Generales und Obriſte waren; ſo verluhren auch die Feind

147 712 1380 92 alle Stuck und dero Zugehoͤr, faſt alle Standarten und Fahnen, alle

150 764 1374 83 Bagage, und unter denſelben von Silber, Gold, Edelgeſtein, und

150 810 1373 95 Geid ein uberaus groſſen Schatz Nit weniger der deſten Pferd ein

146 860 292 80 Froſſe Anzabl.

261 929 1258 86 Anno 1612. iſt in den Friedens⸗Tractaten noch wenig gehandlet

147 979 1369 89 worden, weil auch vor Ende des Jahrs der Churfuͤrſten und Staͤnde,

145 1030 1368 86 und anderer Intereſtirten Legati noch nit zuſammen kommen. So

146 1082 1367 85 war auch dieſes Jahr denen Kayſeriſch⸗ und Bayriſchen Voͤlckern mehr

146 1131 685 72 larorabl als dero Feinden. Aber

269 1215 1243 77 Anno 1625. wolt es denen Kayſerlichen Anfangs des Jahrs nit

141 1263 1367 78 wohl gehen, indeme ſie vor Janckowi; ein zimliche Schlacht verloh⸗

140 1311 1367 78 ten, und mehriſt darumen, weil ſie Anfangs victorilirt, dem Pluͤn⸗

141 1354 1363 91 dern gleich nacheyleten, und dem Feind dardurch zugelaſſen haben,

140 1411 1361 74 ſich zu recolligirn, und ein neuen Streich zu wagen, welchen die Kay⸗

138 1452 849 80 ſerliche als undereit nit widertreiben koͤnnen.

266 1518 1237 102 E geng aber beſſer denen Fapeiſses, die din uads wider denen

137 1594 1362 74 Frantzoſen unterſchiedliche kleine Schaͤden gerhan, aber hauptſaͤchlich

137 1644 1364 77 ſelde zu Herbſthauſen alſo geſchlagen, daß wenig darvon kommen:

137 1693 1361 72 t. Genersles. andere hohe und niedere Othicier in groſſer Copia⸗

142 1736 1353 81 2500. gemeine Knecht ſeynd gefangen, olle Stuck und Zugehoͤr, 28-

142 1789 1352 78 Htandarten, z2. Fahnen und anders Gezeugs mehr, durch GOttes

145 1843 1345 71 Heyſtand erobert worden. Ingleichen haben die Chur⸗Vayriſche wt⸗

142 1887 1355 91 er ein giuͤckliche Schlacht gehabt vor Allersheim⸗ und abermahl.

841 1947 170 83 uun 2

1397 1938 95 69 dem
