1554 2270
1470 116 52 27 2)

741 95 268 72 Z66 29

155 136 1371 85 lich fuͤrkommen, wle nemlichen deſelbigs Cpitolation koͤnnte ge.

157 190 1371 83 deiſeret werden. Ic muß es geſtehen, das ich u Leſung diefes erſtens Im-

161 239 1369 77 preihi erſchrocken, da lch gelehen, wie weit die Kaͤhnheit, einiger Evangeliſchen

158 287 1370 64 Stͤnden, damahls geſtiegen ſeye. Ich ware voll der Verwunderung, ob es dann

162 327 25 51 n

213 330 1315 63 lich habe ſeyn koͤnnen, dat dieſe Staͤnde, welche ſonſt in Statu Politico, und

156 368 1376 63 deſſen Ferfaffung, ein ſo tieſſes Einſehen haden, auf ſolche erſtaunliche, und einer

162 412 1364 59 keiffen Uberlegung zuwider lauͤffende Gebancken und Vorhaben verfallen ſeyen 2 Je

156 454 1376 56 erachte aber unnothig zu ſeyn, etwas mehreres darvou zu melden, indeme dieſe

152 491 1375 70 Projeer gleichſam ohnmoͤglich haͤtten Arnen ausgefuͤhret werden, obwohlen ſei⸗

150 541 997 68 de geſchwind, kurt, und leichter Dings beſchloſſen worden.

502 832 686 59 L AAAA TT A A.A AAT.

185 918 1339 104 JLacide⸗ udmann noͤchſt der Gradt am Hof gebbraig, ein feon

157 992 1371 83 I mer und geſcheider Mann, der Faſte Abbt, wird erwaͤhler den

252 1044 1274 74 22. Decembris 1629. Confirmiret den 6. Februarii 1620. von

143 1089 1381 75 Alberto IV. benediciret den s. May, und von Ferdinando III. den z.

145 1140 1378 76 October 1622. mit denen Regalibus begnadet. (2) Man ſollte glau⸗

145 1187 1377 79 ben er waͤre zu Creutz, Widerwaͤrtigkeit und Ungluͤck gebohren wor⸗

143 1232 1378 79 den, weil ſelbe ſo haͤuffig uͤber ihne kommen; dann erſtlich, gleich

143 1286 1381 72 Anno 1622. den 1. Auguſti Nachmittag um z. Uhr, hat ein Maurer

143 1329 1381 84 auf dem Vor⸗Gewoͤlb unſerer Cloſter⸗ Kirchen, durch ſchaͤndliche

150 1379 1372 80 Verwahrloſung ein Feuers⸗Brunſt erweckt, welche bey ſo heiſſer

142 1427 1375 87 Zeit gar ſchnell durch das hiltzerne Dach geloffen, die Haupt⸗Kirchen

150 1483 1364 80 ergriffen, in 2. Stunden eingeaͤſchert, und alles was darinn war,

145 1522 1372 92 berzehret. Es iſt ſo gar das Feuer in den, ſonſten etwas entlegenen

147 1575 1367 87 Kirch⸗Thurn kommen, alles Holtzwerck in ſo groſſe Flammen ge⸗

143 1621 1371 89 bracht, daß ſelbige 7. anſehnliche, und theils ſonders groſſe Glocken

142 1670 1375 87 zerſchmeltzt. Es ſtunde das gantze Cloſter in hoͤchſter Gefahr, aber

147 1718 1367 106 weil man mit Waſſer wohl verſehen ware, hat man fernerem Unglhck,

777 1775 146 82 Ett 2

1429 1775 83 62 ſon⸗

176 1964 394 65 O) Originle in Aachͤro⸗
