1566 2270
641 126 39 53 u.

142 126 87 55 566

707 126 325 69 3 (0) 8àg.

136 172 1366 77 mi abfingen laſſen, worbey ſammentliche hohe Geſandſchafften erſchie

135 228 1350 67 nen. Nach Endigung deſſelben, ware auf die Nacht Baal bey Hol

135 277 1354 71 Es wurde ein Ehren⸗Porten aufgerichtet, Geld unter das Volck ge

133 325 1362 73 worffen ꝛc. Den 1. May hat der Regenſpurgiſche Magiſtrat eben

136 370 1354 76 faſts ein ſolennes Te DEUM Se. gehalten, unter dreymahliger Ablo

133 419 1359 77 ſung des Geſchuͤtzes. Eben an dieſen Tag verordnete das hochwuͤrdt

1398 465 92 63 hohet

131 477 1239 65 ge Thumb⸗ Capitul wegen dieſer erfreulichen Geburt in dert

132 522 1358 70 Thume Kirchen ein Predig und ſolennes Hoch⸗Ambt, nebſt 2e DEllze

1447 553 42 66 ir

133 571 1305 68 Sc. zu celebriren. Gleiche Solemnitœt wurde auch den z. Ma

124 614 1362 75 unſerem Reichs⸗Stifft begangen, allwo ein Predig, Hoch⸗Ambt un

131 664 1340 80 Te DEUM Laudamus, unter Abloͤſung unſerer Stuͤcklen geholn

122 713 201 56 worden.

259 761 1132 71 DDen 2. ſulii 1776. kame ein Burgerin von Ingorſtart,.

124 812 1354 72 Mur Burgers und Beckens allda Cheweib mit ihren kleinen Soͤhniei

119 863 1354 68 von a. Jahren allhero nach S. Emmeram, verrichtete ihr Andacht be

1454 902 19 67 ⸗

116 908 1303 75 dieſem groſſen Heiligen, und erzehlete voll der Freuden, daß ſi⸗

117 959 1356 72 wegen ihres Soͤhnleins, welches in aten Jahr noch nicht reden koͤnte

116 1012 1298 67 zu dem heiligen Emmeram allihero verlobet, auf welches Geluͤbe

123 1058 1323 75 Kind alſo gleich zu reden angefangen. Das Knaͤblein nennte ſich.

112 1103 314 64 hann Ignatius.

248 1153 1185 77 Die Republie Venedig hatte Krieg mit dem Fuͤrcken.

112 1203 1360 73 Kayſer ſtunde in Allianz mit denen Venetianern, dahero man leichrlis

109 1253 1320 73 vorſehen koͤnte, daß Oeſterreich auch in dieſem Krieg verwicklet obͤr

109 1302 1290 73 werden. Der. Kayſerliche Reſident, der dem Tuͤrcken den Fe

108 1349 1358 74 einrathen wollte, bekame ein hochtrabende Antwort. Heſterreis

107 1402 1273 73 richtete ſich zum Krieg. Der Tuͤrck bekame auf einmahl gant

1400 1397 70 65 Mo

105 1445 1266 73 ream. Carolus VI. kundete dem Taͤrcken den Krieg an den 1;

1400 1436 68 65 uni

108 1496 1329 74 1716. Printz Eugenius eroͤffnete den Felozug, und liefferte den

105 1546 1363 72 Auguſt. dem Tuͤrcken bey Peterwarc ein ein Schlacht, in welcher de

1407 1585 61 62 La⸗

105 1594 1283 69 Tuͤrck geſchlagen, der Groß⸗ Vizir getoͤdtet⸗ und das Tttrefiſch

1399 1630 61 66 Ne

107 1644 1253 71 ger zur Beute worden. Wegen dieſer Victorie wurde auhier

104 1693 1367 72 genſpurg den 16. Auguſt. von dem Hochwurdigen Thumb⸗Capieol ein

104 1740 1362 74 ſolennes Danck⸗Feſt; den 23. Augult. dey S. Emmeram eben der

104 1786 1359 79 sleichen; und den 2a. detto bey denen Herren Regenſpurgern gleic

104 1836 1363 74 falls ſoͤlches gebalten. Außdieſe Victorie folgte den 17. Ocobris die

100 1885 1365 94 Eroberune Tewezwer; der gurte Bennas, wie auch Peozova uot

103 1933 820 107 iydlenba wunde den Endſer untenhaͤns

1370 1974 97 81 Shrs
