1918 2545
314 231 87 56 170

817 231 406 70 118 (0) 299.

301 277 1417 84 liche, begab ſich zu dem Pabſt Tacharia, mit ſeiner Denedision auf

302 335 1406 83 den Berg Soracte, von dannen beſſer Ruhe zu finden, und allen An⸗

301 387 1410 82 lauff zu verhuͤten auf den Benedictineriſchen Berg Caſlin, altwo er il

298 436 1410 85 hoͤchſter Demuth lebte, die ſchlechtiſte Hauß⸗Arbeit in der Kuchen

298 490 1410 82 und Cloſter verrichtete, die Schaaf huͤtete, die Krancken auf denu

299 540 1401 84 Rucken nach HHauß tragete, und in groͤſter HHeiligkeit ſein Leben z

297 589 534 78 brachte, und ſeelig endete.

429 646 1278 79 Pipinus der Franckiſche Fuͤrſt vermerckete eineſt daß Veilo Her⸗

298 695 1402 82 tog in Bayrn ſich von denen Francken ablolut machen wolte, unterſtun⸗

294 747 1406 80 de ſich Thaflilonem Utilonis und ſeiner Schweſter Soͤhnlein (ſo allhie

295 797 1406 83 gebohren worden Anno 721.) mit Liſt zu entfuͤhren, und in Franck

292 851 1406 77 reich zu bringen, wie es dann auch geſchehen, und 12. Jahr allda wob

294 900 1406 81 auferzogen worden. () Sich deßwegen danckbar zu erzeigen hat ſuͤ

301 950 1394 80 Thallilo Anno 757. denen Francken als ein neuer Lehen⸗Mann unde-

292 1001 1399 82 dachtſam verpflichtet, welches dem HH. Vattern wehe gerhan, und ꝛͤ

291 1051 1400 88 me ſelbſt hernach offt ein Reu verurſachet. Mit 12. Jahren iſt er mi

292 1101 1399 85 Pipino in lraliam gezogen, und Ticin helffen belaͤgern. Von ſeinen

294 1160 1397 78 H. Vatter Orilone ſchreibt man zweiffelhafftig, einige er ſey zu Nider

294 1208 1394 80 Altaich Moͤnch worden, und allda geſtorden Anno 765. Andere er ſer

295 1258 955 72 zu Oſterhoffen ſamt ſeiner Gemahlin begraben.

435 1306 1253 82 Thallilo wurde ein erfahrner Kriegs⸗Mann, bekame die Re

288 1358 1393 81 gierung der Hertzogthumer Bayrn und Kaͤrnten Anno 752. noch in kes

289 1413 1388 78 zeiten ſeines H. Vattern; als er aus Franckreich kam, brachte er ni

289 1466 1391 80 ſich den entſetzten Koͤnig Chilpericum, von deme vorher Meidung s.

288 1512 168 70 ſchehen.

420 1562 1247 82 Anno 712. liſe ich, daß S. Bonilacius aus Befelch des Pabl

287 1611 1383 85 allhie ein Concilium gehalten, in welchem ſich neben andern eingeful

288 1662 1335 82 den S. S. Wiibaldus, und Wunibaldus, S. Burchard der erſte Bifi

284 1715 1351 80 zu Wuͤrtzburg. S. Vivilus Biſchoff zu Lorch, von dannen ihne

284 1771 1353 79 Hunnen nacher Paſſan vertrieben, allwo hernach Sedes Epilcoy

284 1825 263 69 worden. (X)

1844 886 27 40 .,

1838 920 50 65 ꝛe)

1844 979 35 63 9.

312 2115 1170 66 () Slehe pag. 128. allwo von duſin metrers, und gann was anderes znu leſen iſt.

319 2147 1359 77 1) Von dencn Srnodie, ſo S. bonlacius schaſtmn. Euchr Eccurdun tom. I. kranin Cnis

355 2194 152 73 eot td9.

1571 1922 106 101 CA
