1566 2270
603 131 43 56 m⸗

673 131 327 66 3 (O) Etz-

102 133 88 63 172

235 181 1247 73 In dem 1726. Jahr iſt das dritte Gaden ober den Loͤwen⸗Saal

99 230 1381 75 aufgefuͤhret worden. Den 22. April 1726. erkauffte Anſelmus Abb.

102 281 1376 69 den Zehend in der TVoͤrrher Pfarr unweit Aerting in Ober⸗Payrn

107 331 1370 71 Den 12. Auguſt wurde die Kirchen zu Ehebetten von Titrl. Titl. Herrt

108 382 1350 73 Godefrido Langwert von Simmern allhieſigen Herrn Weyh⸗Biſcho

104 437 332 63 fen eingeweyhet.

238 474 1243 77 Nach Ableiben Titl. Titl. Sr. Eminence Herrn Cardinal von

1430 515 46 61 ri

109 532 1252 64 Sachſenzeiz, geweſten Kayſerlichen Principal-Commiſlarij, kame

1389 563 79 62 obe

105 583 1255 61 den 27. Septembris 1726. in ſolcher hohen Wuͤrde Titl. Titl.

104 628 1364 68 nius Ferdinandus Furſt von Fuͤrſtenberg ꝛc. ꝛc. Graf zu Heilige

105 677 1372 69 Berg ꝛc. Sein erſter Gang ware in die Kirchen zu S. Emmeram,

1412 706 64 67 An

105 731 1272 58 und von dannen in ſeine allda zubereitete Fuͤrſtliche Wohnung.

109 771 1356 72 Feſt S. Caroli fahrte derſelde das erſtemahl in die hohe Thumb⸗En

105 827 1325 67 chen. Und dieſer hohe Nahmens⸗Tag Seiner Majeſtaͤt des Kay

107 884 786 58 wurde mit groͤſter Solennitet begangen.

248 923 1215 64 Den 7. Decembris 1726. wurden von einem Titl. Hochwuͤro

108 968 1341 74 gen Conſiſtorio allhier die zwey auf der ſo genannten Gebracbins

114 1026 1285 62 Hayde neu angelegte Doͤrffer, Seedorff und ULeudorff, der

113 1075 1329 63 Hohen⸗Gebraching zugeſprochen, und einverleibt. Im Monath:

111 1122 1325 67 nit des nachfolgenden 1727ſten Fahrs iſt das Schloͤfſel Hochen⸗

111 1169 1347 70 braching (das iſt, der vordere Theil deſſelben) von Fundament al

111 1222 1326 64 widerumen aufzubauen angefangen, und im Monath Oetober

112 1268 1317 64 wohnbahren Stand hergeſtellt worden. Wie unter Abbt Cœleſt

112 1325 1283 62 zu leſen, ſo iſt von ihme Anno 1666. das Schloͤfſel und Hoff zu

112 1370 1302 58 braching widerumen erkauffet, und den Herrn Lndwig Erdeingei

1417 1399 51 58 2r

118 1420 1299 63 Verkaͤuffern, die Leibs⸗Gerechtigkeit des zum Cloſter S. Emme

1454 1450 21 57 .

116 1466 1273 64 frey eigenthumlichen Garten am Preprun, aufz. Ehliche Leibs⸗

114 1514 1293 67 ertheilet worden. Da nun in dieſem 172yſten Fahr im Monatt

116 1561 1317 75 guſt, der letzte Leib abgeſtorben, als iſt dieſer Garten dem Cloſte

113 1612 887 62 Emmerami voͤllig widerum anheim gefalten.

251 1652 1235 80 Anno 1727. fangte man an bey denen Herren Dominicanent

1413 1683 72 68 wel⸗

117 1712 1272 67 dero GOttes⸗HHauß, oder Cloſter⸗ Kirchen ſchoͤn zu renoviren,

117 1759 1337 72 ches hinnach, mit nenen Kirchen⸗Stuͤhlen: Pflaſter: herrlicher 1

122 1814 834 62 gel⸗ und neuem Altar ausgezieret worden.

233 1847 1249 79 Anno 1722. den 2. Fenner wurde in unſer hintern Stiftte

1436 1874 55 63 ꝛrl.

122 1905 1253 68 Kirchen vor den Altar der Schmertzhafften Mutter begraben

1413 1934 69 63 eim

127 1954 1244 80 Herr Erneſtus Graf von Werrernich⸗ Koͤniglich⸗Preußiſcher.

1434 1973 61 72 der
