1566 2270
620 102 42 54 uuul

123 100 83 55 518

807 100 213 71 9) 7eg-

109 146 1374 81 ten Troſt; deßwegen dann der Kayſer einen Reichs⸗Tag alſero at

111 205 1371 71 Regenſpurg angeſteller, und in Perlona ſchon im Zunis erſchienen, wet

107 256 1376 69 chen der Magiſtrat mit gebuhrender Solennitaͤt deneventitet, hernac

103 303 1368 74 ordentlich gehuldiget, und dem Gebrauch nach, beſchenckt. Die Chut

100 349 1372 94 und Fuͤrſten erſchienen theils in eigener Perſohn, theils durch ihre Le

105 404 129 63 Zaten.

232 446 1243 78 Die Propoſition geſchahe durch den Maragrafen von Baaden

98 494 1310 79 und beſtunde in folgenden Puneten 1. Wie das Roͤmniſchs Reich

99 547 1366 77 der moͤchte beruhiget, die Gemuͤther vereiniget, und der Frieden ſtabl

94 597 1371 75 ſtiret werden? 2. DDurch was Mirtel man den Krieg koͤnne fortſetzen.

94 644 1354 76 bis man die Widerwaͤrtige gewinnen moͤge? 2. Wie die fuͤſtiria:

93 692 1360 77 ſtituiret, und recht adminiſtriret werden ſolle? Dieweilen nun die in

93 736 1368 83 mittelſt ankommende Braunſchweigiſche Brieff noch kein Friedſertis

93 788 1355 80 keit und Submiſlion der Kavſerlichen Majeſtaͤt zeigten, hat der Ku

95 839 1305 79 ſer dem Niederſaͤchſiſchen Creiß beſchrieben, Ddie Unbefugnuß deren

1398 843 64 59 bot

93 889 1311 77 Braunſchweig, indeme ſie wider gethane Lehens⸗Pflicht, ihre.

89 937 1348 78 cker den Banieriſchen, wider den Kayſer und Reich conjungiret, u

89 983 1353 81 den Ober⸗Gaͤchfiſchen Creiß wieder zum Abfall ziehen woden, ꝛc. voͤ

92 1032 1352 81 geſtellet. Ihr Kayſerliche Majeſtaͤt hoffen doch, ſie werden getreu ut

90 1083 1106 72 beſtaͤndig verbleiben, und den Schaden wenden helffen.

223 1133 1142 75 Obwohlen gedachte Hertzogen von Braunſchweig, als

1386 1123 68 80 ein

84 1176 1319 78 des Kanſers zu dem Reichs⸗Tag nicht deruffen worden, inaleicher

85 1229 1361 78 Land⸗Graͤfin von Heſſen, ſo haben doch Ihr Kayſerliche Majeſtaͤt al

90 1278 1329 76 Anhalten deren Chur⸗Fuͤrſten ihnen allergnaͤdigſt verwilligt zu ko

83 1322 1302 77 men, und ihr Nothdurfft vorzubringen. Es beklagten ſich der &

90 1372 1296 82 Furſt von Trier, und PPfaltz⸗Graf Carl Ludwig, daß ſie nich

90 1421 1353 79 den Reichs⸗Tag ciriret worden. Dieſes wurd ihnen von Kayſerliche

84 1467 1306 84 Majeſtaͤt aus Liebe des Friedens auch erlaubt. Der Pfaitz⸗(

84 1518 1365 76 von Simmern, Philipp Ludkrvig, des Friderici Bruder wollte aus

87 1568 1354 73 dey dem Roͤmiſchen Reich gantz unſchuldig ſeyn, und ercuſiret alles

84 1618 1367 76 was er gethan haͤtte. Mit einem Wort, alle des Kayſers Feind wolt

83 1667 1369 79 ten recht, und niemand peecirt haben. Wollte der Kayſer Rube unt

84 1710 1370 83 Frieden, muͤßte er verzeyhen denen, die ſich noch nicht demuͤrdigten,

87 1760 1214 87 ſonder gewaffnet kamen; und erſt noch mit jenen thaͤtigen,

1304 1755 153 83 die mi

82 1812 1113 78 denen Feinden conſpiriret, und noch Zuneigung hatten.

214 1856 1234 78 Es ſuchte auch der Kayſer wiederum die Interpoſition des Pabn

78 1906 1365 96 zwoiſchen ihme, und Franckreuch, inglienchen des Eonioe in Aenn.

1335 1949 117 75 mars
