1935 2499
412 234 99 63 260

926 233 47 66 ntt

987 233 335 68 18 (O0 Esg--

700 369 846 104 CATUTAAATA.

495 505 1305 75 Berhardus der 12te Abbt hat die Regierung angetretten Ann.

533 562 1267 66 106a. aber laͤnger nicht als S. Jahr A. Monath, und 6. Taͤs

526 610 1270 67 verwaltet, und ſtarb Anno 1070. Dieſer Abbt hat Gundach⸗

408 663 1386 68 rum. Biſchoffen zu Aichſtaͤt (ſo nach laut Mayntziſcher Chronie zuro

407 713 1382 68 der Roͤmiſchen Kayſerin Agnetis Caylan war) die Capellen bey d.

408 764 1388 70 ſeeligen Aurelie-Clauſen zu Ehren S. Andree weyhen laſſen Anno 1obs

405 816 1373 68 Indict. 12. (a) Sein Succeſſor war Rupertus ( der 15 te,) der

407 862 1382 75 GOtt das Guberno 27. Jahr, 1. Monath, und 8. Taͤg vergonne

408 913 489 75 Der ſtarb Anno 1095.

947 1028 347 92 Incidentia.

498 1149 1289 76 Nno r066. iſt unſer Cloſter gantz abgebrunnen, daß auch die her,

404 1207 1243 64 AA liche Mauern, von Carolo Magno erbaut, eingefallen.

541 1255 1235 70 Auno 1072. den 15. April hat das Wetter in die Dombes.

401 1305 1381 70 chen geſchlagen, abgebrennet, und die Glocken verderbt. Das naͤd

401 1357 1358 74 ſtel Jahr hierauf, als Anno 1072. iſt das Cloſter F. Panl abgebri

398 1418 102 56 nen.

532 1453 1179 72 Dieweilen das Hertzogthum Bayrn nunmehr uber 100.

400 1511 1314 66 an ſeinem ordentlichen Stammen und Hern blieb, und ſoviet

398 1560 1323 68 mancherley Abwechslung ſich begeben, wurden uͤber die Stadt Ri

407 1611 1297 66 ſpurg allhie von dem Kayſer Burg⸗Grafen verordnet, und g.

402 1663 1284 59 die aufſehen ſollten, daß es allenthalben recht zugieng; und, ſi

401 1710 1374 71 Bayrn etwas wider den Kayſer, oder das Reich ſich unterfangen wol

402 1764 1276 75 ten (welches dann zu etlichenmahlen geſchah) daß ſie auch.

1719 1792 64 62 pot

441 1967 1327 71 (O) Alo brzenget es an Manuleripeum Ad Num. 515. Von deſer F. Andree caeuen ꝛ.

1744 1992 43 53 A⸗

479 2020 1242 61 Pag. 112. etwas mehrers gemeldter worden. unter dueſen Abbr Eberbardo, wue obige

1716 2033 67 53 ordes

475 2064 1209 58 nuſcriprum lehret, int von Ottone Giſchoffen,/ die Cavella S. Denedisti eingeweyhe

1715 2082 29 44 te

473 2097 1213 64 Es hat auch Orto Biſchoff zu Regenſpurg unter Ederhardo Abdten, wie im vorigen⸗

1690 2106 92 68 fordert

470 2136 1214 72 meldet worden, die Taramn nachsclaſfen, weſcht Ledhaerdur Oiſchoh von dem Cones,

472 2179 504 65 Vide Litteras Octonir Epiſcorr.
