1923 2446
788 173 342 77 13 (0) Ebg-

31 216 138 78 Wucher

245 214 1381 101 on der Arbeit geweſen. Manche Frau mit einer Milch⸗Gelten, wie

1546 206 73 52 132

36 274 131 68 gantzer

245 254 40 62 ie

298 274 1326 88 bon der Kuhe aufgeſtanden, die andere mit einer Spinde, und

39 319 126 73 Solche.

251 320 1373 94 Leiffen: desgleichen auch ein Handwercks⸗Mann mit dem, ſo er an

27 369 132 72 en in ih

240 370 1375 93 ſemer Ardeit in HHanden hatte: als, ein Weber mit einer Schuͤten,

17 423 140 68 gen wot

243 407 43 60 in

307 421 1311 88 Zimmermann mit einer Band⸗Art, und der Buͤttner mit dem

32 475 129 71 unden,

245 467 1370 98 oind⸗Meſſer ꝛc. In Summa, wann einen die Luſt ankommen war.

19 525 131 70 chen s.

298 523 1320 89 eff er unſaumlichen dahin, und nahm ihm nicht ſo viel Weil, ſei⸗

239 558 51 58 ter

20 577 77 75 leic

303 573 1308 87 Zeng aus denen Haͤnden zu legen. Einen betraf die Luſt bey Tag,

61 630 61 67 thi

247 604 45 61 en

307 629 1307 81 andern bey der Nacht, oder gegen Abends, ſo lieffen auch erliche

72 680 38 52 N

296 675 1319 81 Einter und grimmiger Kaͤlte, mancher nur in einen HHembde, oder

23 717 125 72 er hod

288 722 1323 93 ichen mit ſo viel Wathe, damit er ſeine Schaam bedecken moͤgen.

33 785 73 67 cho

300 777 1313 87 eff mancher viel Meil Wegs nach einander, und wurde nicht muͤ⸗

19 830 118 68 egend

303 828 1310 83 edete auch unter Weegs mit niemand. Und wann man dann ei⸗

237 857 44 65 er

61 872 76 69 eutl

301 875 1312 87 ragte, warum er alſo lieffe? So gab er zur Antwort: Er waͤre

245 910 40 54 ꝛ

23 925 125 73 aria s

301 924 1310 84 einen Geiſt alſo getriben. Und deren keiner hat ſich daheimen an⸗

237 945 25 63 ⸗

292 971 1317 87 gt, weder der Mann ſeinem Weibe, noch das Weib dem Man⸗

239 1008 36 51 e.

47 1040 41 57 ni

311 1021 1295 90 Die Herren verlieſſen ihre Diener, und die Diener ihre Herrn⸗

248 1053 30 58 n

24 1074 103 74 ein 5

300 1072 1304 87 ieff jedermann nicht anders, als wann er aus dem Feuer geſprun⸗

237 1107 36 50 er

25 1133 57 68 die

301 1119 1306 94 ſvaͤre. Es ſind taͤglichen aus mancherley Landen etlich tanſend

35 1191 56 51 en

274 1170 1328 93 ſonen auda ankommen, daß maͤnniglichen, wer allda geweſen,

232 1216 1434 103 ute Wunder ſehen moͤgen. (c) Die anderen aber, ſo nicht alſo ge⸗ (e

55 1229 38 61 d.

46 1275 65 64 leic

846 1285 88 67 Jii

1504 1300 102 62 trie⸗

47 1388 30 53 zt

256 1420 1344 99 O) Dieſe vorgehende Erzehlung geſiehle dem Herrn Regenſpurger, der die in

275 1466 1324 99 Lnyfer geſtochene Bildnut Anno 1610. verſertiget hat. Dahero derſelbe ſol⸗

277 1511 1322 95 bhe ihme zu Nutzen gemachet. Rnn aber, will, und kan ich nit urtheilen, als

282 1554 1314 88 waͤre dieſe ſo umſtaͤndige Relation, (maſſen ich nit weiß, ob Hagecius da⸗

278 1598 1318 93 nahls zu Regenſpurg geweſen ſeye,) von denen Epoͤtrlern, die bald in Regen⸗

279 1644 1315 85 ſurg eingeſchlichen, verſaſſet worden, damit dieſe Andacht vernichtet wurde,

282 1676 84 55 gelch

385 1694 1206 76 Er zehlung, alsdann Hagecio zn Handen kommen, und er dieſelde in

277 1728 1315 88 ſin Chronicon (nichts doͤſes darvon urtheilend,) velleicht eingetragen maa

277 1754 110 65 haben.

417 1778 1175 76 Indeſſen fnde ich in dieſer Erzehlung keine Zanberſruck. Daß, 1.mo

277 1805 1317 97 Jung und Naͤes, einen langen Wreg, ohne Spriß und Tranck, Tag und

275 1845 1316 100 Kacht, gelauffen. Daß 2.do die Kinder mit einen Stnck Brod daher kom⸗

274 1887 1314 106 nen ſeyen: Dat z. uio verſchidene Perſohnen mit allerhand Inſtrumenten, ſo

282 1930 1310 102 e in Handen hatten, erſchienen: Daß a.toͤ einige zerriſſen, nur in emen

279 1979 1311 91 Pemdde ꝛc. alda geſehen worden: Daß S.to viele auf den Weeg uichrs gere⸗

274 2023 1311 119 vi bld De Mand drn And, dae. waud den Mann nhir durrenr, ;

1511 2095 73 79 ngt

38 1782 55 63 eſet

28 1831 34 51 ie

39 1952 38 60 er

24 2005 53 87 2
