1923 2446
24 218 147 66 Licrich⸗

54 269 103 74 e ihn

27 364 130 73 ſreden

55 418 89 69 , la

38 470 89 65 em&

125 509 27 65 9t

82 565 60 58 Alt

88 614 64 65 O

48 720 89 69 Unde

39 820 67 67 eict

38 915 97 74 200..

44 979 60 52 nV

48 1084 21 56 .

247 222 1402 95 Aiclas, die andere vor dem Jacober⸗Cſor bey St. Lajarus. Das

808 186 329 72 i8 (0) Etz-

1561 214 88 52 109

250 286 1398 79 Capitel nihmts ad referendum, der Adminiſtrator wollt keinesweegs

247 334 1400 87 enw illigen; ſie kuntens auch in damahliger Reichs⸗Verſammlung

247 387 1400 84 aͤlhie nicht erzwingen, was man aber mit Fug nicht thun kunte, das

248 434 1397 85 geſchah hinnach mit Gewalt, ungeacht daß vorhero zwiſchen Hoch⸗

248 483 1397 86 zedachten HHermn Adminiſtratorn ſoannes, und Cammerer und Rath

251 534 1396 85 uͤhier Anno 1728. aufgerichten Vertrags, vermoͤg deſſen in folgenden

254 584 1386 90 ormalien ( der Begraͤbnuß halber) bedingt und beſchloſſen worden,

252 638 1395 79 raͤt keine neue Sepulrurn ohne Bewillig⸗ und Zulaſſung unſers gnaͤdi⸗

247 687 1401 84 Aſten Herꝛns von Regenſpurg als Ordinarii, vorgenommen werden

243 737 118 62 ibllen.

248 838 1400 81 dor nur hiltzerne Plancken gehabt, und meiſtens offen ſtunde, Anfanas

353 786 1292 85 Dis Fahr iſt am Waſſer⸗Thor bey dem Windfang, da es zu⸗

251 888 1394 86 in Maur aufgefuhrt, hernach ein veſter Thurn gebauet worden zum

252 925 203 80 Deſchutz.

360 987 1284 85 Anno 1529. iſt die Paſtey hinter dem Frauen⸗Eloſter zum

247 1035 1398 86 ſeiligen Creutz, zwiſchen St. Jacobs⸗ und Prepruner⸗Thor, weit

263 1073 19 60 e

319 1089 1325 83 Luͤrck vor Wienn lag, erbauet worden, dardey auch ein Inſeri-

244 1136 640 81 ption in Stain gehauen zu leſen.

361 1186 1286 91 Es kammen dieſen Sommer als den 22. Julit, und 12. Augu⸗

251 1237 1392 86 al, zweymahl HHertzog Ludwig in Bayrn, Pfaltz⸗ Graf Friderich

255 1288 1389 81 no anderer Fuͤrſten Bottſchaffter allhero, berarhſchlagend wegen des

245 1333 1399 91 Luͤrckens. Er hauſete interim in Ungarn und Oeſterreich nach ſeinem

251 1377 474 78 Helieben gut Tuͤrckiſch.

360 1432 1284 95 Anno 1720. den 16. Febr. kauffte Herꝛ Chriſtoph Plarer, ge⸗

256 1479 1389 94 deſter Reichs⸗Pfenning⸗Meiſter im Krieg, den Herm Hanns Fuch⸗

250 1531 1394 95 en die Hauptmann⸗ Stell ab per zooo. fl. Er detam zwar den Con-

256 1569 66 67 enz

328 1588 1317 90 von Hof, ſtard aber gleich im zweyten Jahr hernach. In die⸗

256 1614 34 64 es

313 1636 1332 93 Jahrs letzten Monath hat der denen Catholiſchen ſehr gefaͤhrliche

258 1683 899 91 chmalcaldiſche Bund ein Anfang bekommen.

366 1738 1277 92 Anno 1551. verſammleten ſich alhie wieder viel Fuͤrſten. Den

309 1789 1334 91 februarii hatte ſein Einritt Pfaltz⸗Graf Friderich mit z0. Pferden,

252 1818 60 65 den

331 1835 34 62 z.

379 1842 1268 86 Februarti der Ertz⸗ Biſchoff von Saltzburg mit zo. Eodem

254 1863 59 76 ae

320 1892 958 78 der HHertzog Ludwig aus Bayrn mit So. Pferd.

373 1936 1270 99 Dis Jahr kam Koͤnig Ferdinand von der Roͤmiſchen Croͤnung

250 1963 62 71 aut

323 1994 1320 86 dem Waſſer allhero. Er wurd lolenniter empfangen von dem Bu

251 2036 1392 139 ) nd Eenvs n Dꝛ9lentnnd deren dnweſenden Ehnſten us At

898 2110 77 90 FII

1508 2114 128 79 ſchaff⸗

66 1422 31 56 9

72 1619 23 52 9

25 1807 90 70 eyb

85 1842 50 74 5t
