1571 2270
657 100 283 76 1 (01)2

993 100 32 68 o

1412 90 87 63 60⸗

133 145 1361 98 Vrod, ſo der-Leib Ch iſti iſt, (n) auf, und ſo er er es wieder

131 199 1360 89 hat auf den Altar nieder gelegt, hebt er an, den anderen Theil von der

131 248 1356 89 gemeldten Einſetzung zu ſingen, und hebt darnach den Kelch auf, und

131 308 947 76 letzt ahn dann auch wieder auf den Altar nieder.

263 345 1223 88 Welches Aufheben aber gleichwohl nicht geſchicht zu einer An⸗

128 398 1363 81 zeigung eines Opfers, oder daß ſolches Werck ein Opfer ſeye, ſondern

123 448 1365 79 allein (ꝛdieweil GOtt der HHErꝛ gewoͤhnlich zu allen ſeinen Verheiffun⸗

123 494 1365 81 gen, und Zuſagung uns zu einer Staͤrcke, und Verſicherung derſelben

126 541 1360 83 Zuſagung aͤuſſerliche Zeichen verordnet, und gegeden hat,) damit

117 592 1365 80 wir ſehen, was GOtt zu der Zuſagung, ſo bey dieſen herlichen Abend⸗

116 631 1365 92 mahl geſchicht, fuͤr Zeichen hat verordnet, ſo werden dieſelbe Zeichen

116 687 1367 79 mit den Augen anzuſehen, aufgehoben, und gezeiget, auf daß neben

114 732 1367 105 den Worten, ſo wir mit denen Ohren hoͤren, auch durch das aͤuſſer⸗

730 793 197 64 G959 2

1401 778 77 69 lich

141 923 1332 85 c) Acht gu carholſch. Der vneſter her nach ausgeſdrochenen Werten das Dres aus, ſo der

172 973 1299 77 Leib Chriſti iſt. wvu Catholiſche ſagen, daß der Leib Ehrtn IEſu gegenwaͤrtig ſey, da der

167 1013 1304 81 Prieſter mit erhebten Haͤnden die Geſtalten des Brods zeiget. Ich habe aber brͤhero allzeit

169 1053 1299 84 gehoͤret, daß die Herren Lutheraner lehren: Der Leib JEſu Chriſti ſeye nicht gegenwaͤr⸗

174 1097 1289 79 tig vor den Genut deſſelbens. Zu deme wird hier geſagt: Das Brod ſeye der Leib

172 1133 1293 80 Chriſti. Mann die Herren Aegenſpurger es alſo verſtehen, daß nur die Geſtalten des Brods

169 1170 1294 79 vorhanden/ und das Brod in den Leib JEſu Chriſtt verwandelt ſepe worden, ſo ſeynd ſie gut Ca⸗

170 1206 1292 75 tholiſch. Wann ſie aber ſagen, die Weſenheit des Brods ſepe nicht verwandlet, ſondern verbleibe

170 1243 1289 77 ein Hrod, ſo ſeynd dieſe Wort falſch: Daß das Brod der Leib Chriſti ſeye: Dann als⸗

167 1278 1292 77 dann iſt das Dros ein Dros, uns nicht der Leid chriſtꝛꝛc. Alleinig huer ꝛß tem Platz von dieſer

164 1317 1294 68 Materie weitlaͤuffig etwas zu handlen, weiches in andern Buͤchern zu finden. Genng ſolle mdeſ⸗

165 1351 1293 71 ſen ſeyn, daß die Herren Regenſpurger in dirſem Dericht ſagen, daß der Leib JEſu Chrifti gegen⸗

164 1389 1293 68 warrig ſeye, da der Prieſter dieſe Ceremonie der Aufhebung verrichtet. Jetzt frage ich, weilen

162 1426 1291 67 dann der Prieſter noch andere Ceremonien und Gebetter vermoͤg dieſer Ordnung, i ſeinen Chriftlt⸗

161 1455 1290 74 chen Amt, zu ve richten hat) biß die Communion anfanget; Ob der Leib JEſu Chriſti, ſo bey der

160 1488 1287 77 Aufhebung ſchon gegenwaͤrtig ift, anzubetten ſeye vor der Communion, oder nicht? Iſt er ge⸗

164 1525 1285 80 genwartig (wie die Wort dreſes BVerichts lauten) ſo muß der Menſch vor ſeinen Erloͤſer nieder⸗

158 1559 1291 80 fallen, und ſelben andetten. Iſt er nicht gegenaͤrtig, ſo ſeyno die Wort dieſes Berichts, deren

162 1592 1286 80 Herren Regenſpu ger/ falſch⸗ nd vor ihre Gemeinde verfuihreriſch. dann der lantere Buchftaden

161 1629 1285 86 ſagt, es ſeye der Leib HEſu Chriſtt gegenwaͤrtig. Es herer nicht es wird der Len

156 1670 1290 80 Ehrifi darein ſyn. ſondern gartz tar, es iſt der Leib Chriſti. Vteleicht haben die Herren

150 1713 1296 71 Regenſourger Anno 1512, nuch ein andere Meynnng gehabt, von dieſem heiligen Aitars Saera-

155 1747 1286 72 ment, ale anſeho. Hrannt iſt, wt Lcher mir denen andern, ſogenannten Neformatoren, i

151 1785 1291 75 die em Sturk ſich herumge chlager habe. Chriſtur JEſus welcher ſein Reues Teſtament emngeſe-

151 1814 1287 81 het, gebranchte ſich  eren deur ichen Vorten, um lein Teſtement und Willen dͤenen Menichen

150 1852 1291 82 zi ertichen, Er ass der weiſſiſte GOit ſehte ſoiche Wort, die kemer Verorahung meeworffen

146 1889 1287 109 t tdnatr. Enn Ertonm nobn Er har, w dnsh ir vatehnn gston Deſes iſt neh⸗

150 1957 85 72 teib.
