1935 2499
409 211 103 59 211

911 211 398 69 a828 (0) Eaza-

407 259 1393 93 tiger Renlgios, und arbeitſamer Mann, der viel Lobwuͤrdiges geſchrie⸗

409 316 1388 79 ben, abſonderlich aber das Leben, und Miracula S. Emmerami. Dat

405 365 1388 86 Leben B. Ramvoldi, ſo z0. Jahr vorhero geſtorben. Er beſchrie

407 415 1384 87 de das Einkommen des Cloſters, und was zu demſelben einige kandi

407 467 1384 85 ret und verehret, in ſo alten Terminis, daß jetziger Zeit nicht meh

405 517 1382 91 koͤnnten verſranden werden. (c) Item wie einige von GOtt geſtrafft wot

404 571 1392 84 den, die dem Cloſter ſchaden wollten. Beliebe dem Leſer nur eins,

404 617 1382 88 nicht allein der Materi halber, ſondern auch ſeinem alten, damahl

407 671 1383 82 gebraͤuchlichen Srilo zu lieb, zu vernehmen. l Unus aurem ejusdes

404 717 1380 92 ſtirpis (aus vorgehenden erhellet, daß er ſeinen Stammen vermeint,

405 773 1388 83 verduræ cerricis Nomine Adalramus, kacit quod. noluit Emmeramus,

405 820 1375 90 vendicarerat enim ſibi injuſte Prudiorum partem, quod nepos eju

404 867 914 86 Marryri lub reſtibus dedir in hœreditatem.

933 1010 342 81 Incidentia.

491 1121 1292 92 Nno 102;. wurde Biſchoff allhie Gebhardus H, ein Canonie

400 1177 1369 89 A A von Augſpurg, hat regieret 12. Jahr, ſtarb Anno 1056. ut

397 1227 996 73 hat das Ruhe⸗Berh in unſer Kirchen bekommen.

530 1277 1248 89 Unter dem heiligen Kayſer Hainrich hat Babo ein Graf do

395 1325 1363 89 Abenſperg, und Rohr, ein Bruder Ottonis L. aus dem uralten Stai

391 1381 1380 86 men der Fuͤnſten und Grafen von Scheuern, der heiligen Cunegos

394 1428 1310 90 Hofmeiſter, und Burg⸗Graf allhie zu Regenſpurg, von zweyen

390 1478 1336 86 lichen Gemahlinen z2. Soͤhn, und 2. Toͤchter erzeugt, die er alle

390 1527 1346 90 bendig dey einander hatte; auf ein Zeit, als Kayſer Gaynrich allhie

390 1577 1308 93 Regenſpurg ware, da er gemeiniglich HHof gehalten, befahle er

384 1628 1306 86 obgenannten Grafen, er ſoll mit ihme auf das Geiand reutten,

1707 1636 50 71 n

393 1682 1350 85 nicht diel Diener mit ſich nehmen; dem Grafen gefiele der Befelch.

1741 1689 28 58 a

387 1732 1349 85 wohl, weil er Gelegenheit haͤrte ſeine z2. Soͤyn den Kayſer vot

383 1786 1307 82 ſtellen, und zu recommendiren. Lieſſe alle aufs ſchoͤnſte kleyden,

1709 1793 46 59 ur

381 1833 1367 96 ausruͤſten, gabe jeden einen Diener zu, und erſchiene alſo ſamt dene

1726 1885 27 66 ſe

427 2054 1348 72 (9) Dleſ. Dechrabung u n den alen Trawen Duch m Eudmn wachrs R. P. Dernerder 2a

457 2092 1240 89 vn E Anesdot vurte z. un Dnud arguͤet. Ven Arno las dlenac te D gn Ana,

1725 2090 28 45 .

455 2129 315 67 2o. gmeldte worden⸗
