1991 2551
770 279 46 63 .

346 321 1213 89 Talnilo machte ſich nach und nach verdaͤchtig bey Pipino, als hielte er

845 279 46 82 3

955 279 229 76 0) &ez-

375 376 1184 78 es mit denen Longobardern, und wolte ſich von denen Franckiſchen Koͤ⸗

375 419 1180 82 nigen abreiſſen. Dahero muſte derſelbe Anno 757. zu Compiegne-

377 460 1177 82 dey Pipino erſcheinen. Er verſprache und ſchwure die Trene, aber

374 501 1171 82 haltete ſein Verſprechen nit. Deliderius der Longobarder Kuͤng,

371 548 1178 79 gabe Taͤſſiloni ſeine Tochter Luitbergam zur Eye, verſprache ihm

371 589 1176 79 auch Haͤlff wider Pipinum. Tatlilo rebellirte mehrmahlen, wird

371 629 1176 81 aber von Bertrada Pipini Gemahlin, in Begleitſchafft B. Srurmti

371 676 1174 73 Fnldneriſchen Aobtens widernm beſaͤuffugel, Anno 770. Eccard.

374 722 1171 74 Tom. L. Franc. Orient. pag. 60S. Thaſli lo reiſete mit Bertra-

375 765 1169 81 da zu den Longobarder Koͤnig. Vide Meichelpock. Tom. 1. hiſt.

370 803 1172 88 Friling. parte Inſtrumenraria. cap. 22. Item Eccard. Tom. L.

368 847 480 77 Franc. Orient. pag. 610.

333 932 1211 94 eippinns der Kaͤnig, Vatter Carolomanni und Caroli (hernad

365 990 1179 75 Magni) ſtirbt Anno 768. Sein Sohn Carolomannus, folget den

364 1030 1176 79 Vatter in die Ewigkeit Anno 771. Carolus regierte von nun an,

360 1072 1184 78 gantz allein. Bertrada, die Mutter dieſer beeden Bruͤdern, und Ge⸗

364 1115 1178 78 mahun Pippini, verlieſſe gleichfahls das Zeirliche Anno 782. Thac-

364 1159 1181 78 hilo fangte wirdernmen an zu rebelliren Hadrianus Rimiſcher

361 1203 1183 79 Papſi trohete ihme mit den Geiſtlichen Bahn, wann Thallilo ſeine

361 1242 1181 85 deſchworene Threu brechen wurde Thaltiͤlo bemerckte ſelbſten, das

360 1288 1182 86 Carolus der Koͤnig zu nahe kame, und er auf alen Seirhen einge⸗

353 1330 1184 84 ſchloſſen wurde, dahero demuͤthigte er ſich, und huldigte Carolo.

351 1371 1187 92 aͤdergade ihme anch 12. Geiſel, und zugleich ſeinen Sohn Theodo-

351 1412 1126 86 nem Anno 787. Eccard. tom. 1. Franc. Orient. pag. 720.

350 1454 1187 85 Ader ſchon mehrmalen, auf Anſtuͤften Seiner Ehe⸗Gemahl Luit-

353 1492 1182 92 berga, drache Thaſfilo ſeinen Schwur und Threu. Carolus der

348 1543 1182 96 Koͤng beruffete die Fuͤrnehmſte ſeines Reichs nach ngelheim.

353 1592 1174 91 Taſlilo wurde als ſchuldig zum Tod verdammet, doch aus Gnade,

351 1642 1180 85 wurde er zu den Cloſter⸗Leden angchalten, und muͤßte ein Moͤnch

351 1685 1180 87 werden, Anno 782. Eccard. tom. I. pag. 725. & 728. Tharli-

354 1727 1173 91 ſo kame nach Franckfurth Anno 791, allwo rin Concilium gehalten

353 1771 1174 86 corden, brkanute offentiich ſeine Faͤhler, verzenhete jedermann, dir⸗

355 1797 108 69 tet und

348 1860 1172 85 ſen wvorden. Beſiehe Eccardum tom. L. Franc. Orientalis vag-

482 1825 1043 76 Gnad vor ſeine Kinder, welche auch in die Croͤſter verichlol.

358 1889 71 54 55.

469 1910 1052 75 Von dem Cioſter, in welches Tainilo, und ſein Sohn ver-

344 1944 1176 88 ſchloſen worden, wo ſeide geſtorden, und begraben ſeyn ſollen, ſeynd

343 1985 1177 92 die Meinungen verſchieden. Mabillon. lib. 25. Annal. Benec-

343 2018 93 61 ctin.

446 2036 1075 86 num. 81. vermeinet die verſchiedene Meinungen alſo zu verei⸗

347 2074 1170 90 lien, daß nemuch Taikiio dey S. Goar, ſo dem Cloſter Pruͤm zuge-

343 2101 105 70 hoͤrin,

344 2164 1173 96 lcnin zn Eneri erdann naͤren bende nach L aurisheim aa S. Na-

470 2127 1050 78 geſchoren ſcye worden. Theodo ſein Cohn aber, den S. Ma-

945 2230 66 68 2

1483 2232 153 73 zarivn

1598 300 78 71 1t⸗
