1934 2551
58 317 73 54 wie

48 355 83 73 Ati⸗

75 412 41 57 iſt

65 452 64 72 uni

87 505 37 70 e

45 562 79 65 ken⸗

39 606 91 77 hart.

45 670 74 64 par

66 711 60 65 ont

847 233 334 77 S (0) Ett-

1605 243 83 61 207

392 289 1298 78 Ludoricus Balbns, Caroli Calvi Sohn, ſuccedirte im Reich

272 341 1415 75 einem HHerꝛn Vatter, aber mit Sorgen, rmoͤ. weilen ihme die Fur⸗

269 393 1421 76 ſten in Franckreich wegen ſeines HHerꝛn Vattern hochmaͤthigen und ſtren⸗

277 446 1408 72 ſen Herꝛſchen nicht gunſtig waren. 2do. Beſorgte er ſein Vetter Lu-

273 494 1414 75 dorieus, als Victorios daͤrffte ihn in Franckreich uͤberfallen, dahers

276 545 1408 75 r durch. Geſandte deſſen Freundſchafft evfferig geſuchet, und erhalten,

280 598 1410 75 ſie hat aber nicht lang gewehrt, dann Baldus iſt das ander Jahr her⸗

277 643 488 86 pach im April geſtorden.

392 690 1309 85 Anno 2ry hat das Bayriſche Kriegs⸗Volck aus Fralia ein un⸗

273 752 1408 75 ſewohnete Kranckheit mit heim gebracht, daß alſo, der nur gemeſſet,

293 795 33 53 ee

350 809 1335 59 gaͤhen Jods geſtorben; dahero man denen Rieffenden zugeſpro⸗

273 836 85 73 den-

394 856 1289 73 belff dir GOrr. So m ein loͤbliches Sprich⸗ Wort erwachſen.

273 882 75 77 Me

367 911 1317 69 olcher Kranckheit iſt auch Carolomannus dehafft geweſen, Anno

297 958 1388 72 (7. iſt Carolus Calvus geſtorben, und Ludovici Sohn Carolus, den

275 1009 1406 73 dan nennete Crallum, Carolomanni Bruder Kayſer, den 7. Septemd.

275 1037 104 72 Anno

392 1064 1288 64 878. zu Rom gecroͤnet worden. Die Soraben, wandalos,

302 1111 1381 70 ohmen, und andere, ſo Tuͤringen verwuͤſteten, triebe er zuruck

283 1160 1400 74 irch Poponem, Fuͤrſten von Hennenberg Anno 880. Lrvenribal-

275 1187 66 79 ins

350 1215 1334 71 aus Maͤhren fiele Anno 88g. in Ungarn und Bayrn, ſo bald er

275 1240 76 72 der

375 1265 1310 74 von der Ankunfft Caroli hoͤrete, legte er die Waffen nieder.

304 1313 1377 75 aͤch Ableiden Carolomanni ſeines Brudern wurde er auch Koͤnig in

283 1363 1394 75 ſtanckreich. Namme Vidonem von Spolero wieder zu Gnaden,

282 1395 58 67 nd

357 1412 1318 74 Hagonem, der ein Rebellion in Franckreich erciriren wollte,

299 1459 1382 77 tam er gefangen, deraudt ꝛhn der Augen, und verſchloß ihne in ein

294 1510 1345 80 uſter. Starbe ader ſelbſten von dem Reich verſtoſſen Anno 882.

389 1563 1292 76 Carolomannus aus Diſpeſition ſeines Hermn Vattern wurde

302 1614 1378 85 mig in Bayrn, und Herꝛ uͤber Ungarn, Kaͤrnten, Boͤhmen und

280 1666 1397 87 Aaͤhren; regierte aber nur a. Jahr: (u) conkrmirte uns unterſchied⸗

287 1696 67 62 che

365 1723 1313 76 undirte nnd verehrte Guͤtter; ſtarb zu Alten⸗Oertingen, und

275 1736 107 83 wurd

267 1791 74 88 on

408 1778 1266 72 alldorten in der damahligen Benedictiner⸗Cloſter⸗Kirchen,

364 1822 832 74 hym ſelbſt geſtifftet, begraben Anno 880.

395 1877 1283 78 Auf dielen Tod⸗ Fall iſt Ludovicus Germanicus ſein Bruder

302 1921 1375 92 odald nach Regenſpurg kommen, emen Land⸗Tag gehalten, und

284 1947 37 62 r

331 1979 1346 84 erb⸗Huldigung von denen Bayrn eingenommen. Unter welchem

1595 2045 80 69 ein

69 1028 50 51 m.

56 1067 57 66 or

59 1118 65 65 mil

68 1513 55 70 hes

72 1581 44 51 n,

68 1626 45 64 jai

89 1774 18 58 t

304 2176 590 115 D) De nn Dglonarn mn nrnene
