<?xml version="1.0" encoding="UTF-8"?>
<alto xmlns:xsi="http://www.w3.org/2001/XMLSchema-instance"
      xmlns="http://www.loc.gov/standards/alto/ns-v4#"
      xsi:schemaLocation="http://www.loc.gov/standards/alto/ns-v4# http://www.loc.gov/standards/alto/v4/alto-4-2.xsd">
  <Description>
    <MeasurementUnit>pixel</MeasurementUnit>
    <sourceImageInformation>
      <fileName>image323.jpg</fileName>
      <fileIdentifier>https://archiv.ub.uni-marburg.de/eb/2010/0168</fileIdentifier>
    </sourceImageInformation>
  </Description>
  <Tags>
    <OtherTag ID="BT1" LABEL="Title" DESCRIPTION="block type Title"/><OtherTag ID="BT2" LABEL="Main" DESCRIPTION="block type Main"/><OtherTag ID="BT3" LABEL="Commentary" DESCRIPTION="block type Commentary"/><OtherTag ID="BT4" LABEL="Illustration" DESCRIPTION="block type Illustration"/><OtherTag ID="BT42" LABEL="text" DESCRIPTION="block type text"/>
    <OtherTag ID="LT33" LABEL="default" DESCRIPTION="line type default"/>
  </Tags>
  <Layout>
    <Page WIDTH="1959"
          HEIGHT="2500"
          PHYSICAL_IMG_NR="323"
          ID="eSc_dummypage_">
      <PrintSpace HPOS="0"
                  VPOS="0"
                  WIDTH="1959"
                  HEIGHT="2500">
        <TextBlock HPOS="16"
                   VPOS="300"
                   WIDTH="132"
                   HEIGHT="1665"
                   ID="eSc_textblock_20ca329b"
                   TAGREFS="BT42">
          <Shape><Polygon POINTS="47 300 137 311 148 577 131 644 148 683 131 750 148 1143 109 1183 137 1227 109 1400 126 1422 120 1931 81 1965 33 1948 16 1826 38 1704 33 1577 16 1565 22 1233 44 1204 16 1148 33 1048 16 1004 33 837 16 766 38 659 38 466 16 438 38 404 22 316 47 300"/></Shape>
          <TextLine ID="eSc_line_b11bc2bc"
                    TAGREFS="LT33"
                    BASELINE="40 344 122 337" 
                    HPOS="36"
                    VPOS="301"
                    WIDTH="86"
                    HEIGHT="58">
            <Shape><Polygon POINTS="105 306 91 305 77 304 63 302 50 301 36 306 40 344 41 359 122 347 122 337 106 306 105 306"/></Shape>
            <String CONTENT="Fer"
                    HPOS="36"
                    VPOS="301"
                    WIDTH="86"
                    HEIGHT="58"
                    WC="0.8022892773151398"></String>
          </TextLine>
          <TextLine ID="eSc_line_305a341f"
                    TAGREFS="LT33"
                    BASELINE="48 445 120 438" 
                    HPOS="44"
                    VPOS="395"
                    WIDTH="76"
                    HEIGHT="67">
            <Shape><Polygon POINTS="48 445 50 462 120 456 120 438 113 395 44 405 48 445"/></Shape>
            <String CONTENT="dat"
                    HPOS="44"
                    VPOS="395"
                    WIDTH="76"
                    HEIGHT="67"
                    WC="0.9996259411176046"></String>
          </TextLine>
          <TextLine ID="eSc_line_6d25ea61"
                    TAGREFS="LT33"
                    BASELINE="66 490 119 487" 
                    HPOS="63"
                    VPOS="451"
                    WIDTH="56"
                    HEIGHT="55">
            <Shape><Polygon POINTS="66 490 66 506 119 498 119 487 116 451 63 451 66 490"/></Shape>
            <String CONTENT="ri⸗"
                    HPOS="63"
                    VPOS="451"
                    WIDTH="56"
                    HEIGHT="55"
                    WC="0.9999918142954508"></String>
          </TextLine>
          <TextLine ID="eSc_line_a47c3259"
                    TAGREFS="LT33"
                    BASELINE="43 547 125 540" 
                    HPOS="38"
                    VPOS="490"
                    WIDTH="87"
                    HEIGHT="71">
            <Shape><Polygon POINTS="43 547 43 561 125 554 125 540 116 490 80 502 38 500 43 547"/></Shape>
            <String CONTENT="nach"
                    HPOS="38"
                    VPOS="490"
                    WIDTH="87"
                    HEIGHT="71"
                    WC="0.9999854862689972"></String>
          </TextLine>
          <TextLine ID="eSc_line_aab394fe"
                    TAGREFS="LT33"
                    BASELINE="44 595 119 591" 
                    HPOS="41"
                    VPOS="554"
                    WIDTH="78"
                    HEIGHT="52">
            <Shape><Polygon POINTS="44 595 44 606 119 606 119 591 115 554 41 556 44 595"/></Shape>
            <String CONTENT="wie⸗"
                    HPOS="41"
                    VPOS="554"
                    WIDTH="78"
                    HEIGHT="52"
                    WC="0.9999938309192657"></String>
          </TextLine>
          <TextLine ID="eSc_line_493fbc6b"
                    TAGREFS="LT33"
                    BASELINE="44 647 115 640" 
                    HPOS="40"
                    VPOS="594"
                    WIDTH="75"
                    HEIGHT="68">
            <Shape><Polygon POINTS="44 647 45 662 115 651 115 640 108 594 40 605 44 647"/></Shape>
            <String CONTENT="tanl"
                    HPOS="40"
                    VPOS="594"
                    WIDTH="75"
                    HEIGHT="68"
                    WC="0.8670272976160049"></String>
          </TextLine>
          <TextLine ID="eSc_line_9519a9c9"
                    TAGREFS="LT33"
                    BASELINE="45 695 104 693" 
                    HPOS="43"
                    VPOS="652"
                    WIDTH="61"
                    HEIGHT="68">
            <Shape><Polygon POINTS="45 695 47 720 104 706 104 693 100 652 43 654 45 695"/></Shape>
            <String CONTENT="Fuͤr"
                    HPOS="43"
                    VPOS="652"
                    WIDTH="61"
                    HEIGHT="68"
                    WC="0.9967174232006073"></String>
          </TextLine>
          <TextLine ID="eSc_line_a177429e"
                    TAGREFS="LT33"
                    BASELINE="23 750 120 741" 
                    HPOS="22"
                    VPOS="705"
                    WIDTH="98"
                    HEIGHT="61">
            <Shape><Polygon POINTS="22 736 23 750 25 766 120 756 120 741 115 705 25 720 22 736"/></Shape>
            <String CONTENT="etzunß"
                    HPOS="22"
                    VPOS="705"
                    WIDTH="98"
                    HEIGHT="61"
                    WC="0.9973157544930776"></String>
          </TextLine>
          <TextLine ID="eSc_line_eeff5a3d"
                    TAGREFS="LT33"
                    BASELINE="73 795 98 794" 
                    HPOS="70"
                    VPOS="756"
                    WIDTH="28"
                    HEIGHT="53">
            <Shape><Polygon POINTS="73 795 73 809 98 809 98 794 94 756 70 756 73 795"/></Shape>
            <String CONTENT="n"
                    HPOS="70"
                    VPOS="756"
                    WIDTH="28"
                    HEIGHT="53"
                    WC="0.9999690055847168"></String>
          </TextLine>
          <TextLine ID="eSc_line_93165e36"
                    TAGREFS="LT33"
                    BASELINE="40 850 116 845" 
                    HPOS="37"
                    VPOS="802"
                    WIDTH="79"
                    HEIGHT="63">
            <Shape><Polygon POINTS="40 850 40 863 79 865 80 865 81 865 116 852 116 845 113 808 76 802 75 802 73 802 37 815 40 850"/></Shape>
            <String CONTENT="zer"
                    HPOS="37"
                    VPOS="802"
                    WIDTH="79"
                    HEIGHT="63"
                    WC="0.8837769627571106"></String>
          </TextLine>
          <TextLine ID="eSc_line_cf83fdc2"
                    TAGREFS="LT33"
                    BASELINE="45 900 116 895" 
                    HPOS="41"
                    VPOS="847"
                    WIDTH="75"
                    HEIGHT="78">
            <Shape><Polygon POINTS="45 900 47 925 116 909 116 895 111 847 41 858 45 900"/></Shape>
            <String CONTENT="choß"
                    HPOS="41"
                    VPOS="847"
                    WIDTH="75"
                    HEIGHT="78"
                    WC="0.9999397695064545"></String>
          </TextLine>
          <TextLine ID="eSc_line_c61d053a"
                    TAGREFS="LT33"
                    BASELINE="61 950 104 947" 
                    HPOS="56"
                    VPOS="908"
                    WIDTH="48"
                    HEIGHT="58">
            <Shape><Polygon POINTS="61 950 61 966 102 958 104 947 98 908 56 912 61 950"/></Shape>
            <String CONTENT="ziu"
                    HPOS="56"
                    VPOS="908"
                    WIDTH="48"
                    HEIGHT="58"
                    WC="0.9999705950419108"></String>
          </TextLine>
          <TextLine ID="eSc_line_2c1cf17a"
                    TAGREFS="LT33"
                    BASELINE="30 1004 108 997" 
                    HPOS="26"
                    VPOS="950"
                    WIDTH="82"
                    HEIGHT="83">
            <Shape><Polygon POINTS="30 1004 33 1033 108 1009 108 997 101 950 26 966 30 1004"/></Shape>
            <String CONTENT="uldt"
                    HPOS="26"
                    VPOS="950"
                    WIDTH="82"
                    HEIGHT="83"
                    WC="0.8441552147269249"></String>
          </TextLine>
          <TextLine ID="eSc_line_793dd51a"
                    TAGREFS="LT33"
                    BASELINE="59 1051 108 1044" 
                    HPOS="54"
                    VPOS="1006"
                    WIDTH="55"
                    HEIGHT="60">
            <Shape><Polygon POINTS="59 1051 61 1062 87 1066 88 1066 90 1066 109 1055 108 1044 98 1006 54 1018 59 1051"/></Shape>
            <String CONTENT="an"
                    HPOS="54"
                    VPOS="1006"
                    WIDTH="55"
                    HEIGHT="60"
                    WC="0.8871381878852844"></String>
          </TextLine>
          <TextLine ID="eSc_line_35388dda"
                    TAGREFS="LT33"
                    BASELINE="47 1100 112 1093" 
                    HPOS="41"
                    VPOS="1048"
                    WIDTH="72"
                    HEIGHT="71">
            <Shape><Polygon POINTS="47 1100 48 1119 113 1106 112 1093 105 1048 41 1058 47 1100"/></Shape>
            <String CONTENT="Hal"
                    HPOS="41"
                    VPOS="1048"
                    WIDTH="72"
                    HEIGHT="71"
                    WC="0.8212666809558868"></String>
          </TextLine>
          <TextLine ID="eSc_line_d60179b5"
                    TAGREFS="LT33"
                    BASELINE="43 1158 87 1154" 
                    HPOS="37"
                    VPOS="1104"
                    WIDTH="51"
                    HEIGHT="77">
            <Shape><Polygon POINTS="43 1158 44 1181 88 1177 87 1154 80 1104 37 1113 43 1158"/></Shape>
            <String CONTENT="iff"
                    HPOS="37"
                    VPOS="1104"
                    WIDTH="51"
                    HEIGHT="77"
                    WC="0.9915098349253336"></String>
          </TextLine>
          <TextLine ID="eSc_line_dc3aa76d"
                    TAGREFS="LT33"
                    BASELINE="38 1351 79 1348" 
                    HPOS="36"
                    VPOS="1305"
                    WIDTH="43"
                    HEIGHT="74">
            <Shape><Polygon POINTS="38 1351 41 1379 79 1363 79 1348 72 1305 36 1315 38 1351"/></Shape>
            <String CONTENT="a"
                    HPOS="36"
                    VPOS="1305"
                    WIDTH="43"
                    HEIGHT="74"
                    WC="0.9998824596405029"></String>
          </TextLine>
          <TextLine ID="eSc_line_dcd44967"
                    TAGREFS="LT33"
                    BASELINE="27 1455 97 1448" 
                    HPOS="23"
                    VPOS="1408"
                    WIDTH="74"
                    HEIGHT="65">
            <Shape><Polygon POINTS="27 1455 29 1473 97 1458 97 1448 90 1408 23 1419 27 1455"/></Shape>
            <String CONTENT="ene"
                    HPOS="23"
                    VPOS="1408"
                    WIDTH="74"
                    HEIGHT="65"
                    WC="0.9959509571393331"></String>
          </TextLine>
          <TextLine ID="eSc_line_b7cf80bc"
                    TAGREFS="LT33"
                    BASELINE="47 1554 68 1551" 
                    HPOS="41"
                    VPOS="1512"
                    WIDTH="27"
                    HEIGHT="57">
            <Shape><Polygon POINTS="47 1554 50 1569 68 1562 68 1551 59 1512 41 1513 47 1554"/></Shape>
            <String CONTENT="1"
                    HPOS="41"
                    VPOS="1512"
                    WIDTH="27"
                    HEIGHT="57"
                    WC="0.9999805688858032"></String>
          </TextLine>
          <TextLine ID="eSc_line_11f45c47"
                    TAGREFS="LT33"
                    BASELINE="52 1648 83 1645" 
                    HPOS="48"
                    VPOS="1608"
                    WIDTH="35"
                    HEIGHT="54">
            <Shape><Polygon POINTS="52 1648 52 1662 83 1661 83 1645 77 1608 48 1612 52 1648"/></Shape>
            <String CONTENT="ur"
                    HPOS="48"
                    VPOS="1608"
                    WIDTH="35"
                    HEIGHT="54"
                    WC="0.9999908208847046"></String>
          </TextLine>
          <TextLine ID="eSc_line_936edf27"
                    TAGREFS="LT33"
                    BASELINE="50 1694 105 1690" 
                    HPOS="45"
                    VPOS="1651"
                    WIDTH="60"
                    HEIGHT="64">
            <Shape><Polygon POINTS="50 1694 51 1715 87 1704 102 1708 105 1690 100 1651 45 1652 50 1694"/></Shape>
            <String CONTENT="em"
                    HPOS="45"
                    VPOS="1651"
                    WIDTH="60"
                    HEIGHT="64"
                    WC="0.9998930394649506"></String>
          </TextLine>
          <TextLine ID="eSc_line_e822dcb6"
                    TAGREFS="LT33"
                    BASELINE="37 1850 86 1841" 
                    HPOS="31"
                    VPOS="1804"
                    WIDTH="56"
                    HEIGHT="66">
            <Shape><Polygon POINTS="37 1850 41 1870 87 1856 86 1841 76 1804 31 1819 37 1850"/></Shape>
            <String CONTENT="nn"
                    HPOS="31"
                    VPOS="1804"
                    WIDTH="56"
                    HEIGHT="66"
                    WC="0.9997275769710541"></String>
          </TextLine>
          <TextLine ID="eSc_line_381aa0ca"
                    TAGREFS="LT33"
                    BASELINE="50 1893 69 1891" 
                    HPOS="47"
                    VPOS="1862"
                    WIDTH="22"
                    HEIGHT="50">
            <Shape><Polygon POINTS="69 1891 66 1863 47 1862 50 1893 52 1912 69 1905 69 1891"/></Shape>
            <String CONTENT="5"
                    HPOS="47"
                    VPOS="1862"
                    WIDTH="22"
                    HEIGHT="50"
                    WC="0.9999839067459106"></String>
          </TextLine>
          <TextLine ID="eSc_line_2231cb0f"
                    TAGREFS="LT33"
                    BASELINE="44 1944 98 1943" 
                    HPOS="43"
                    VPOS="1904"
                    WIDTH="55"
                    HEIGHT="62">
            <Shape><Polygon POINTS="44 1944 44 1966 97 1956 98 1943 94 1904 43 1911 44 1944"/></Shape>
            <String CONTENT="hel⸗"
                    HPOS="43"
                    VPOS="1904"
                    WIDTH="55"
                    HEIGHT="62"
                    WC="0.9369572252035141"></String>
          </TextLine>
        </TextBlock>
        <TextBlock HPOS="205"
                   VPOS="227"
                   WIDTH="1426"
                   HEIGHT="1999"
                   ID="eSc_textblock_a3fb150c"
                   TAGREFS="BT42">
          <Shape><Polygon POINTS="736 227 1097 227 1165 283 1453 261 1543 227 1631 244 1619 2226 394 2187 227 2143 205 1243 216 338 361 288 665 277 736 227"/></Shape>
          <TextLine ID="eSc_line_38db17a9"
                    TAGREFS="LT33"
                    BASELINE="726 261 740 262" 
                    HPOS="725"
                    VPOS="230"
                    WIDTH="16"
                    HEIGHT="47">
            <Shape><Polygon POINTS="729 231 726 261 725 277 737 277 740 262 741 236 732 230 729 231"/></Shape>
            <String CONTENT="."
                    HPOS="725"
                    VPOS="230"
                    WIDTH="16"
                    HEIGHT="47"
                    WC="0.8981291651725769"></String>
          </TextLine>
          <TextLine ID="eSc_line_5ccdbf61"
                    TAGREFS="LT33"
                    BASELINE="764 270 818 276 1015 275 1114 261" 
                    HPOS="762"
                    VPOS="227"
                    WIDTH="352"
                    HEIGHT="74">
            <Shape><Polygon POINTS="1094 227 1080 227 1067 227 1053 227 1039 227 1025 227 1011 227 1003 227 1001 229 992 227 983 227 969 227 955 227 941 227 928 227 907 230 896 227 886 227 872 227 864 227 860 231 851 227 844 227 830 227 816 227 803 227 789 227 775 227 762 227 764 270 764 291 786 291 796 300 796 301 797 301 798 301 800 301 801 301 844 290 873 297 875 297 876 297 930 287 961 297 962 297 964 297 965 297 994 287 1011 295 1012 295 1014 295 1114 293 1114 261 1107 237 1094 227"/></Shape>
            <String CONTENT="2 (0) 2&amp;t-"
                    HPOS="762"
                    VPOS="227"
                    WIDTH="352"
                    HEIGHT="74"
                    WC="0.9852437913417816"></String>
          </TextLine>
          <TextLine ID="eSc_line_55a95232"
                    TAGREFS="LT33"
                    BASELINE="1533 265 1618 268" 
                    HPOS="1532"
                    VPOS="227"
                    WIDTH="86"
                    HEIGHT="67">
            <Shape><Polygon POINTS="1617 241 1603 238 1589 236 1575 233 1561 230 1547 227 1533 229 1533 265 1532 286 1615 294 1618 268 1618 241 1617 241"/></Shape>
            <String CONTENT="297"
                    HPOS="1532"
                    VPOS="227"
                    WIDTH="86"
                    HEIGHT="67"
                    WC="0.9999226927757263"></String>
          </TextLine>
          <TextLine ID="eSc_line_a9fac98f"
                    TAGREFS="LT33"
                    BASELINE="340 331 861 336 1618 327" 
                    HPOS="340"
                    VPOS="281"
                    WIDTH="1278"
                    HEIGHT="73">
            <Shape><Polygon POINTS="340 354 1436 354 1436 352 1528 345 1615 351 1618 327 1615 288 1474 281 1472 281 1397 290 1318 283 1317 283 1162 291 976 284 975 284 973 284 958 291 627 286 626 286 625 286 623 286 612 294 340 294 340 331 340 354"/></Shape>
            <String CONTENT="Anno 1201. wurde Biſchoff allhie Conradus HT. ein Graff von"
                    HPOS="340"
                    VPOS="281"
                    WIDTH="1278"
                    HEIGHT="73"
                    WC="0.9999160867626384"></String>
          </TextLine>
          <TextLine ID="eSc_line_2316eea4"
                    TAGREFS="LT33"
                    BASELINE="225 379 530 387 1617 380" 
                    HPOS="225"
                    VPOS="336"
                    WIDTH="1392"
                    HEIGHT="72">
            <Shape><Polygon POINTS="225 397 352 397 383 406 384 406 459 408 461 408 537 401 719 405 721 405 722 405 741 397 762 406 764 406 765 408 836 408 836 406 837 406 866 398 898 406 900 406 901 406 983 400 1039 405 1040 405 1094 394 1160 405 1161 405 1162 405 1185 395 1283 405 1285 405 1286 405 1310 398 1392 402 1393 402 1394 402 1396 402 1412 393 1447 393 1472 404 1474 404 1475 404 1615 391 1617 380 1615 348 1579 336 1578 336 1576 336 1575 336 1542 347 1464 336 1462 336 1461 336 1415 348 1332 348 1303 336 1301 336 1300 336 1299 336 1251 348 1192 337 1190 337 1126 348 1048 337 1047 337 1046 337 1008 347 971 337 969 337 968 337 873 341 872 341 854 351 737 351 714 341 712 341 711 341 636 350 609 341 608 341 607 341 605 341 566 351 475 341 473 341 412 351 391 340 390 340 225 340 225 379 225 397"/></Shape>
            <String CONTENT="Frontenhauſen und vom alten Geſchlecht der TOelphen, Thumb⸗"
                    HPOS="225"
                    VPOS="336"
                    WIDTH="1392"
                    HEIGHT="72"
                    WC="0.9827537789183148"></String>
          </TextLine>
          <TextLine ID="eSc_line_882f733e"
                    TAGREFS="LT33"
                    BASELINE="226 427 493 440 1618 431" 
                    HPOS="226"
                    VPOS="388"
                    WIDTH="1392"
                    HEIGHT="74">
            <Shape><Polygon POINTS="226 451 518 462 519 462 521 462 543 455 591 461 593 461 594 461 626 451 678 461 679 462 789 462 789 461 790 461 807 452 822 459 823 459 825 459 914 451 985 459 986 459 1042 451 1064 459 1065 459 1067 459 1068 459 1092 450 1142 456 1143 456 1180 448 1215 456 1217 456 1218 456 1269 448 1299 458 1300 458 1301 459 1385 459 1385 458 1386 458 1387 458 1401 450 1581 455 1582 455 1617 447 1618 431 1615 400 1458 388 1457 388 1456 388 1454 388 1435 401 1397 401 1374 390 1372 390 1371 390 1369 390 1346 395 1310 388 1308 388 1218 401 1136 401 1067 390 1065 390 1064 390 1039 401 919 395 918 395 821 402 780 393 779 393 778 393 732 398 676 391 675 391 673 391 644 404 582 404 533 391 532 391 530 391 487 404 450 393 448 393 447 393 395 404 344 393 226 393 226 427 226 451"/></Shape>
            <String CONTENT="Hrobſt zu Freyſing. Dieſer ware wegen ſeiner vortrefflchen Qualite⸗"
                    HPOS="226"
                    VPOS="388"
                    WIDTH="1392"
                    HEIGHT="74"
                    WC="0.9923738054375151"></String>
          </TextLine>
          <TextLine ID="eSc_line_41ed1802"
                    TAGREFS="LT33"
                    BASELINE="229 472 319 486 466 490 1615 484" 
                    HPOS="229"
                    VPOS="440"
                    WIDTH="1386"
                    HEIGHT="72">
            <Shape><Polygon POINTS="229 500 368 500 430 511 432 512 550 512 550 511 551 511 583 501 598 511 600 511 601 511 602 511 676 504 807 509 808 509 809 509 811 509 829 498 904 509 905 509 993 498 1067 498 1082 508 1083 508 1085 508 1086 508 1087 508 1089 508 1107 497 1222 504 1224 504 1225 504 1247 498 1306 508 1307 508 1483 500 1613 506 1615 484 1611 444 1572 450 1511 440 1510 440 1508 440 1475 451 1457 441 1456 441 1454 441 1364 448 1342 443 1340 443 1339 443 1337 443 1311 451 1279 441 1278 441 1276 441 1110 450 1080 441 1079 441 1078 441 939 452 914 443 912 443 911 443 910 443 886 452 854 444 853 444 851 444 748 452 736 444 734 444 733 444 732 444 730 444 711 454 562 454 540 447 539 447 537 447 536 447 514 455 382 455 359 445 358 445 229 444 229 472 229 500"/></Shape>
            <String CONTENT="en jedermann ſo angenehm, daß er auch des heiligen Roͤmiſchen"
                    HPOS="229"
                    VPOS="440"
                    WIDTH="1386"
                    HEIGHT="72"
                    WC="0.989097638208358"></String>
          </TextLine>
          <TextLine ID="eSc_line_821c286a"
                    TAGREFS="LT33"
                    BASELINE="227 525 347 538 447 541 1617 534" 
                    HPOS="227"
                    VPOS="488"
                    WIDTH="1390"
                    HEIGHT="73">
            <Shape><Polygon POINTS="227 551 514 561 515 561 516 561 541 551 634 559 636 559 722 550 761 559 762 559 764 559 765 559 798 550 964 558 965 558 966 558 993 548 1019 558 1021 558 1022 559 1147 559 1147 558 1149 558 1150 558 1169 547 1285 547 1317 556 1318 556 1319 556 1408 548 1447 554 1449 554 1450 554 1465 547 1499 555 1500 555 1501 556 1615 556 1617 534 1614 501 1525 501 1503 488 1501 488 1500 488 1371 501 1350 493 1349 493 1246 488 1244 488 1243 488 1224 497 1190 488 1189 488 1187 488 1186 488 1185 488 1160 504 1082 504 1058 491 1057 491 1055 491 989 501 968 491 966 491 965 491 908 498 879 491 878 491 876 491 875 491 847 505 783 505 759 495 758 495 757 495 672 504 626 495 625 495 623 495 622 495 609 504 502 505 483 498 482 498 480 498 422 504 384 493 383 493 227 493 227 525 227 551"/></Shape>
            <String CONTENT="Reichs Cantzler wurde. Er verkaufft Hertzog Ludwigen in Bayrn"
                    HPOS="227"
                    VPOS="488"
                    WIDTH="1390"
                    HEIGHT="73"
                    WC="0.9970137740744919"></String>
          </TextLine>
          <TextLine ID="eSc_line_cdf69013"
                    TAGREFS="LT33"
                    BASELINE="236 580 458 593 1611 588" 
                    HPOS="236"
                    VPOS="543"
                    WIDTH="1375"
                    HEIGHT="69">
            <Shape><Polygon POINTS="236 600 325 600 384 611 386 611 387 611 389 611 402 602 451 611 452 612 847 612 847 611 848 611 876 601 979 601 1025 609 1026 609 1111 601 1176 611 1178 611 1232 598 1379 601 1394 609 1396 609 1397 611 1567 611 1567 609 1568 609 1611 597 1611 588 1607 552 1517 554 1465 543 1464 543 1400 551 1336 543 1335 543 1333 543 1287 555 1268 543 1267 543 1265 543 1183 543 1182 543 1180 543 1130 556 1046 548 1044 548 996 558 871 558 826 544 825 544 823 544 822 544 796 556 737 548 736 548 734 548 733 548 719 558 630 558 587 547 586 547 584 547 565 558 525 558 451 547 450 547 397 556 376 544 375 544 373 544 372 544 295 552 236 544 236 580 236 600"/></Shape>
            <String CONTENT="ein Erb⸗ Gut Fronrenhauſen um 7000. Pfund Regenſpurger."
                    HPOS="236"
                    VPOS="543"
                    WIDTH="1375"
                    HEIGHT="69"
                    WC="0.9799689477140253"></String>
          </TextLine>
          <TextLine ID="eSc_line_7369adf9"
                    TAGREFS="LT33"
                    BASELINE="229 631 351 641 580 644 1614 637" 
                    HPOS="229"
                    VPOS="590"
                    WIDTH="1385"
                    HEIGHT="73">
            <Shape><Polygon POINTS="1136 591 1135 591 1030 604 880 593 879 593 805 605 669 597 668 597 666 597 639 606 465 606 443 600 441 600 440 600 389 606 229 595 229 631 229 654 622 663 623 663 683 655 815 663 816 663 818 663 848 656 933 662 935 662 936 662 953 655 1035 662 1036 662 1037 662 1064 654 1111 662 1112 662 1114 662 1135 654 1215 661 1217 661 1218 661 1243 651 1310 658 1311 658 1439 648 1513 658 1514 658 1613 656 1614 637 1610 590 1554 601 1525 593 1524 593 1522 593 1521 593 1519 593 1506 602 1407 602 1374 593 1372 593 1371 593 1369 593 1351 600 1329 591 1328 591 1326 591 1274 598 1217 591 1215 591 1168 601 1137 591 1136 591"/></Shape>
            <String CONTENT="Hauete und dorirte mit denen das Burger Spital zur Sradr am Hoff."
                    HPOS="229"
                    VPOS="590"
                    WIDTH="1385"
                    HEIGHT="73"
                    WC="0.9926712448780354"></String>
          </TextLine>
          <TextLine ID="eSc_line_9db27cad"
                    TAGREFS="LT33"
                    BASELINE="226 684 459 697 1618 688" 
                    HPOS="225"
                    VPOS="641"
                    WIDTH="1393"
                    HEIGHT="75">
            <Shape><Polygon POINTS="226 684 226 706 511 716 512 716 564 715 565 715 584 705 694 715 696 715 740 705 758 715 759 715 761 716 800 716 800 715 921 708 1030 713 1032 713 1065 706 1123 712 1125 712 1172 702 1218 712 1219 712 1221 712 1222 712 1236 704 1261 711 1262 711 1264 711 1265 711 1267 711 1282 701 1379 701 1456 711 1457 711 1532 701 1556 711 1557 711 1558 711 1617 700 1618 688 1614 647 1579 654 1561 645 1560 645 1558 645 1557 645 1536 654 1489 641 1488 641 1407 641 1406 641 1331 654 1275 643 1274 643 1193 655 1133 644 1132 644 1130 644 1104 655 1072 650 1071 650 992 656 960 648 958 648 957 648 865 656 846 648 844 648 775 648 773 648 772 648 748 658 640 651 639 651 529 658 473 647 472 647 377 659 354 647 352 647 225 647 226 684"/></Shape>
            <String CONTENT="Ich liſe, daß an dieſem Orth vorhero ein Benedictiner Cloſter ſoll"
                    HPOS="225"
                    VPOS="641"
                    WIDTH="1393"
                    HEIGHT="75"
                    WC="0.9873949993740428"></String>
          </TextLine>
          <TextLine ID="eSc_line_55062261"
                    TAGREFS="LT33"
                    BASELINE="226 729 336 743 447 747 1615 738" 
                    HPOS="226"
                    VPOS="694"
                    WIDTH="1389"
                    HEIGHT="78">
            <Shape><Polygon POINTS="226 759 369 759 415 772 416 772 418 772 511 762 546 769 547 769 548 769 583 759 696 772 697 772 743 762 796 770 797 770 839 763 853 770 854 770 855 772 973 772 973 770 1036 759 1076 766 1078 766 1079 766 1080 766 1097 755 1222 769 1224 769 1312 762 1435 768 1436 768 1437 768 1464 756 1485 763 1486 763 1488 763 1614 751 1615 738 1613 705 1543 694 1542 694 1468 705 1351 695 1350 695 1349 695 1347 695 1332 705 1272 698 1271 698 1105 706 1085 697 1083 697 1082 697 1080 697 1062 706 921 698 919 698 918 698 880 709 779 709 709 700 708 700 707 700 687 709 629 701 627 701 626 701 608 711 470 712 433 712 416 701 415 701 414 701 412 701 368 711 334 701 333 701 226 701 226 729 226 759"/></Shape>
            <String CONTENT="Leweſen ſeyn, wer aber ſelbiges geſtifftet, oder wie es in Abgang kom⸗"
                    HPOS="226"
                    VPOS="694"
                    WIDTH="1389"
                    HEIGHT="78"
                    WC="0.9884007568870272"></String>
          </TextLine>
          <TextLine ID="eSc_line_50cbcea3"
                    TAGREFS="LT33"
                    BASELINE="226 773 309 793 377 797 890 800" 
                    HPOS="225"
                    VPOS="747"
                    WIDTH="665"
                    HEIGHT="72">
            <Shape><Polygon POINTS="226 773 225 804 313 804 343 815 344 815 345 816 397 816 397 815 398 815 419 805 434 816 436 816 437 816 439 816 540 815 541 815 543 815 551 808 579 818 580 818 582 819 648 819 648 818 650 818 651 818 651 816 658 811 707 818 708 818 709 818 711 818 721 809 887 818 890 800 889 766 857 765 846 755 846 754 844 754 843 754 841 754 840 754 804 765 772 752 771 752 741 752 740 752 739 752 737 752 737 754 725 763 641 751 640 751 551 762 523 754 522 754 521 754 519 754 500 761 358 761 313 747 312 747 226 747 226 773"/></Shape>
            <String CONTENT="nen? hab ich nit erfahren koͤnnen."
                    HPOS="225"
                    VPOS="747"
                    WIDTH="665"
                    HEIGHT="72"
                    WC="0.9974222165696761"></String>
          </TextLine>
          <TextLine ID="eSc_line_98073d79"
                    TAGREFS="LT33"
                    BASELINE="341 850 1618 843" 
                    HPOS="340"
                    VPOS="798"
                    WIDTH="1278"
                    HEIGHT="65">
            <Shape><Polygon POINTS="341 850 341 862 1511 863 1513 863 1618 854 1618 843 1615 798 1558 798 1557 798 1556 798 1536 806 1515 798 1514 798 1513 798 1414 806 1381 798 1379 798 1378 798 1325 808 1271 800 1269 800 1268 800 1249 808 1174 802 1172 802 1079 809 1048 801 1047 801 1046 801 1044 801 1021 809 1000 801 998 801 930 801 929 801 848 811 694 802 693 802 644 812 452 812 434 804 433 804 432 804 430 804 408 812 379 804 377 804 376 804 340 809 341 850"/></Shape>
            <String CONTENT="Es haben die Hertzogen aus Bayrn vor und nach, da die"
                    HPOS="340"
                    VPOS="798"
                    WIDTH="1278"
                    HEIGHT="65"
                    WC="0.9939577714452204"></String>
          </TextLine>
          <TextLine ID="eSc_line_c3f3ca83"
                    TAGREFS="LT33"
                    BASELINE="230 887 511 901 1617 894" 
                    HPOS="230"
                    VPOS="848"
                    WIDTH="1387"
                    HEIGHT="72">
            <Shape><Polygon POINTS="230 911 707 920 708 920 751 913 955 919 957 919 958 919 976 911 994 919 996 919 997 920 1130 920 1130 919 1189 909 1230 918 1232 918 1314 908 1332 916 1333 916 1335 916 1394 911 1469 918 1471 918 1531 908 1599 918 1600 918 1601 918 1603 918 1617 908 1617 894 1613 850 1506 858 1460 848 1458 848 1414 855 1335 848 1333 848 1269 861 1129 851 1128 851 1010 863 898 863 875 854 873 854 872 854 871 854 851 863 773 863 690 854 689 854 687 854 659 863 584 852 583 852 440 863 416 854 415 854 414 854 348 863 319 850 318 850 230 850 230 887 230 911"/></Shape>
            <String CONTENT="Stadt zu einer Reichs⸗Stadt worden, mit ſambt denen Biſchoͤffen dieſe"
                    HPOS="230"
                    VPOS="848"
                    WIDTH="1387"
                    HEIGHT="72"
                    WC="0.9851871607960134"></String>
          </TextLine>
          <TextLine ID="eSc_line_147f3735"
                    TAGREFS="LT33"
                    BASELINE="237 931 402 951 1615 943" 
                    HPOS="237"
                    VPOS="900"
                    WIDTH="1378"
                    HEIGHT="73">
            <Shape><Polygon POINTS="237 963 318 963 351 973 352 973 354 973 355 973 379 966 511 972 512 972 514 972 541 962 586 972 587 972 589 972 608 965 828 972 829 972 1076 970 1078 970 1079 970 1093 962 1207 968 1208 968 1210 968 1243 959 1260 966 1261 966 1262 966 1331 961 1354 969 1356 969 1357 970 1440 970 1440 969 1442 969 1458 962 1544 968 1546 968 1547 968 1567 958 1614 958 1615 943 1613 908 1481 901 1479 901 1478 901 1426 913 1310 902 1308 902 1307 902 1272 913 1244 905 1243 905 1242 905 1203 913 1149 900 1147 900 1146 900 1144 900 1143 900 1119 915 1014 915 969 901 968 901 966 901 965 901 948 909 921 902 919 902 918 902 916 902 893 915 821 909 819 909 818 909 803 918 687 918 621 905 619 905 618 905 594 916 511 918 487 908 486 908 419 905 418 905 416 905 370 918 330 904 329 904 237 904 237 931 237 963"/></Shape>
            <String CONTENT="ſecht zugleich, und in gemein gehabt, nemlich, das Schuitheiffen⸗"
                    HPOS="237"
                    VPOS="900"
                    WIDTH="1378"
                    HEIGHT="73"
                    WC="0.9892714427067684"></String>
          </TextLine>
          <TextLine ID="eSc_line_bea6e7a5"
                    TAGREFS="LT33"
                    BASELINE="237 981 393 1002 1613 998" 
                    HPOS="237"
                    VPOS="952"
                    WIDTH="1376"
                    HEIGHT="70">
            <Shape><Polygon POINTS="237 1011 364 1011 383 1020 384 1020 386 1022 654 1022 654 1020 655 1020 680 1011 701 1020 703 1020 704 1022 1004 1022 1004 1020 1085 1012 1242 1019 1243 1019 1244 1019 1276 1011 1292 1020 1293 1020 1294 1020 1296 1020 1297 1020 1317 1013 1349 1020 1350 1020 1421 1009 1610 1016 1613 998 1608 952 1497 963 1394 954 1393 954 1329 966 1232 954 1230 954 1157 962 1133 954 1132 954 1130 954 1087 962 1068 955 1067 955 1065 955 990 966 890 958 889 958 887 958 886 958 872 968 753 968 707 954 705 954 704 954 703 954 701 954 679 968 636 968 605 955 604 955 602 955 601 955 558 966 547 959 546 959 544 959 543 959 480 963 420 955 419 955 340 966 320 954 319 954 318 954 237 954 237 981 237 1011"/></Shape>
            <String CONTENT="Amdt, Frid⸗Gericht, Cammer⸗Amt, und die Muͤnt, (wie man noch"
                    HPOS="237"
                    VPOS="952"
                    WIDTH="1376"
                    HEIGHT="70"
                    WC="0.9896656741698583"></String>
          </TextLine>
          <TextLine ID="eSc_line_90570831"
                    TAGREFS="LT33"
                    BASELINE="234 1026 270 1033" 
                    HPOS="232"
                    VPOS="987"
                    WIDTH="44"
                    HEIGHT="61">
            <Shape><Polygon POINTS="234 1026 232 1037 265 1048 270 1033 276 990 240 987 234 1026"/></Shape>
            <String CONTENT="u"
                    HPOS="232"
                    VPOS="987"
                    WIDTH="44"
                    HEIGHT="61"
                    WC="0.999961256980896"></String>
          </TextLine>
          <TextLine ID="eSc_line_891e1c02"
                    TAGREFS="LT33"
                    BASELINE="308 1047 983 1052 1618 1045" 
                    HPOS="308"
                    VPOS="1004"
                    WIDTH="1310"
                    HEIGHT="68">
            <Shape><Polygon POINTS="308 1065 972 1072 973 1072 1011 1065 1039 1072 1040 1072 1042 1072 1043 1072 1062 1065 1140 1072 1142 1072 1194 1065 1217 1072 1218 1072 1219 1072 1221 1072 1236 1065 1315 1065 1371 1072 1372 1072 1617 1063 1618 1045 1615 1013 1524 1004 1362 1004 1361 1004 1321 1012 1282 1004 1280 1004 1279 1004 1254 1012 1229 1004 1228 1004 1226 1004 1186 1012 1174 1004 1172 1004 1171 1004 1014 1004 1012 1004 1011 1004 1010 1004 996 1013 897 1013 801 1004 800 1004 798 1004 772 1013 465 1013 422 1005 420 1005 332 1012 309 1004 308 1047 308 1065"/></Shape>
            <String CONTENT="den ſchwartzen ſilbernen Pfenning ein Biſchoff⸗Kopff ſihet,) den"
                    HPOS="308"
                    VPOS="1004"
                    WIDTH="1310"
                    HEIGHT="68"
                    WC="0.9908779691904783"></String>
          </TextLine>
          <TextLine ID="eSc_line_6ff37602"
                    TAGREFS="LT33"
                    BASELINE="236 1093 266 1090 311 1098 454 1104 1618 1095" 
                    HPOS="234"
                    VPOS="1051"
                    WIDTH="1384"
                    HEIGHT="78">
            <Shape><Polygon POINTS="236 1093 236 1115 380 1115 402 1127 404 1127 405 1127 407 1129 457 1129 457 1127 458 1127 490 1118 555 1126 557 1126 558 1126 559 1126 579 1113 622 1126 623 1126 625 1127 679 1127 679 1126 734 1118 747 1123 748 1123 750 1123 751 1123 773 1112 829 1125 830 1125 993 1113 1094 1123 1096 1123 1139 1115 1218 1122 1219 1122 1221 1122 1239 1113 1251 1119 1253 1119 1254 1119 1311 1112 1344 1122 1346 1122 1347 1122 1404 1111 1617 1111 1618 1095 1615 1063 1535 1051 1533 1051 1471 1065 1415 1052 1414 1052 1317 1066 1251 1055 1250 1055 1249 1055 1219 1062 1193 1052 1192 1052 1190 1052 1076 1068 1026 1058 1025 1058 1023 1058 1007 1065 940 1059 939 1059 937 1059 916 1068 869 1062 868 1062 866 1062 843 1069 725 1059 723 1059 722 1059 683 1069 625 1059 623 1059 622 1059 590 1069 565 1061 564 1061 562 1061 561 1061 536 1070 411 1062 409 1062 408 1062 380 1072 336 1058 334 1058 333 1058 234 1058 236 1093"/></Shape>
            <String CONTENT="Rſaſter⸗ Zoll und Mauth; darum dann zum oͤffteren zwiſchen denen"
                    HPOS="234"
                    VPOS="1051"
                    WIDTH="1384"
                    HEIGHT="78"
                    WC="0.9903417592868209"></String>
          </TextLine>
          <TextLine ID="eSc_line_1a7acb6a"
                    TAGREFS="LT33"
                    BASELINE="268 1141 332 1152 461 1155 1611 1148" 
                    HPOS="268"
                    VPOS="1101"
                    WIDTH="1343"
                    HEIGHT="75">
            <Shape><Polygon POINTS="268 1166 334 1166 355 1175 357 1175 358 1176 439 1176 439 1175 440 1175 457 1166 671 1173 672 1173 673 1173 693 1165 714 1173 715 1173 716 1173 878 1165 1058 1172 1060 1172 1061 1172 1079 1162 1257 1170 1258 1170 1297 1162 1312 1169 1314 1169 1315 1169 1317 1169 1350 1161 1418 1169 1419 1169 1421 1169 1442 1161 1521 1161 1608 1169 1611 1148 1610 1116 1554 1101 1553 1101 1551 1101 1550 1101 1499 1115 1469 1101 1468 1101 1400 1101 1399 1101 1397 1101 1342 1116 1279 1102 1278 1102 1157 1116 1118 1104 1117 1104 1115 1104 1114 1104 1075 1118 997 1105 996 1105 897 1106 896 1106 894 1106 876 1119 833 1119 815 1106 814 1106 812 1106 811 1106 809 1106 789 1115 768 1106 766 1106 765 1106 655 1119 594 1105 593 1105 591 1105 558 1119 507 1113 505 1113 504 1113 482 1122 395 1122 368 1106 366 1106 268 1106 268 1141 268 1166"/></Shape>
            <String CONTENT="ſchoͤffen, und Bayr⸗ Fuͤrſten Aufſtoͤß, Uneinigkeit, Zwitracht,"
                    HPOS="268"
                    VPOS="1101"
                    WIDTH="1343"
                    HEIGHT="75"
                    WC="0.9904895103166974"></String>
          </TextLine>
          <TextLine ID="eSc_line_0075af1c"
                    TAGREFS="LT33"
                    BASELINE="237 1180 261 1186" 
                    HPOS="233"
                    VPOS="1143"
                    WIDTH="33"
                    HEIGHT="54">
            <Shape><Polygon POINTS="237 1180 233 1195 257 1197 261 1186 266 1148 244 1143 237 1180"/></Shape>
            <String CONTENT="6"
                    HPOS="233"
                    VPOS="1143"
                    WIDTH="33"
                    HEIGHT="54"
                    WC="0.9998241066932678"></String>
          </TextLine>
          <TextLine ID="eSc_line_091996ec"
                    TAGREFS="LT33"
                    BASELINE="269 1188 339 1201 534 1206 1617 1195" 
                    HPOS="269"
                    VPOS="1151"
                    WIDTH="1348"
                    HEIGHT="79">
            <Shape><Polygon POINTS="269 1219 382 1219 398 1229 400 1229 401 1229 402 1230 436 1230 436 1229 437 1229 439 1229 451 1222 666 1226 668 1226 669 1226 671 1226 683 1218 716 1226 718 1226 719 1226 818 1225 819 1225 851 1215 955 1215 990 1223 992 1223 993 1223 1044 1216 1094 1223 1096 1223 1172 1216 1404 1220 1406 1220 1407 1220 1408 1220 1424 1211 1444 1218 1446 1218 1447 1218 1449 1218 1462 1211 1524 1219 1525 1219 1617 1213 1617 1195 1614 1162 1543 1151 1449 1151 1447 1151 1446 1151 1444 1151 1425 1163 1278 1152 1276 1152 1203 1165 1092 1155 1090 1155 1022 1166 996 1155 994 1155 993 1155 992 1155 968 1165 925 1156 923 1156 922 1156 894 1168 772 1161 771 1161 769 1161 768 1161 754 1170 682 1170 636 1158 634 1158 633 1158 575 1170 548 1162 547 1162 546 1162 477 1168 461 1161 459 1161 458 1161 390 1172 347 1161 345 1161 269 1161 269 1188 269 1219"/></Shape>
            <String CONTENT="auch wohl Krieg ſich erhoben Dahero ſolche abzuſtellen, hat HHer⸗"
                    HPOS="269"
                    VPOS="1151"
                    WIDTH="1348"
                    HEIGHT="79"
                    WC="0.9898617295118478"></String>
          </TextLine>
          <TextLine ID="eSc_line_cee40745"
                    TAGREFS="LT33"
                    BASELINE="250 1237 283 1243" 
                    HPOS="248"
                    VPOS="1198"
                    WIDTH="39"
                    HEIGHT="58">
            <Shape><Polygon POINTS="250 1237 248 1243 277 1256 283 1243 287 1206 255 1198 250 1237"/></Shape>
            <String CONTENT="19"
                    HPOS="248"
                    VPOS="1198"
                    WIDTH="39"
                    HEIGHT="58"
                    WC="0.9998833239078522"></String>
          </TextLine>
          <TextLine ID="eSc_line_5630789d"
                    TAGREFS="LT33"
                    BASELINE="300 1245 345 1252 496 1256 1618 1252" 
                    HPOS="300"
                    VPOS="1209"
                    WIDTH="1318"
                    HEIGHT="70">
            <Shape><Polygon POINTS="300 1268 370 1268 429 1279 430 1279 529 1270 775 1279 776 1279 878 1266 953 1277 954 1277 990 1270 1004 1277 1005 1277 1007 1279 1086 1279 1086 1277 1087 1277 1107 1268 1140 1277 1142 1277 1143 1277 1208 1266 1278 1276 1279 1276 1280 1276 1301 1265 1347 1272 1349 1272 1462 1265 1615 1276 1618 1252 1615 1212 1442 1209 1440 1209 1385 1216 1350 1209 1349 1209 1347 1209 1325 1220 1260 1220 1226 1211 1225 1211 1224 1211 1222 1211 1221 1211 1204 1222 1157 1222 1139 1212 1137 1212 1136 1212 1100 1219 1076 1211 1075 1211 915 1211 914 1211 912 1211 911 1211 894 1220 623 1215 622 1215 621 1215 593 1222 534 1216 533 1216 390 1222 372 1212 370 1212 300 1212 300 1245 300 1268"/></Shape>
            <String CONTENT="Ludwig mit obangezogenen Biſchoff Conrado, neue Vertrag"
                    HPOS="300"
                    VPOS="1209"
                    WIDTH="1318"
                    HEIGHT="70"
                    WC="0.986561072956432"></String>
          </TextLine>
          <TextLine ID="eSc_line_b1e2f8ed"
                    TAGREFS="LT33"
                    BASELINE="232 1277 282 1286" 
                    HPOS="229"
                    VPOS="1237"
                    WIDTH="57"
                    HEIGHT="72">
            <Shape><Polygon POINTS="229 1288 275 1309 282 1286 286 1247 250 1247 238 1237 232 1277 229 1288"/></Shape>
            <String CONTENT="und"
                    HPOS="229"
                    VPOS="1237"
                    WIDTH="57"
                    HEIGHT="72"
                    WC="0.9433538118998209"></String>
          </TextLine>
          <TextLine ID="eSc_line_9f3f8d05"
                    TAGREFS="LT33"
                    BASELINE="307 1306 1614 1302" 
                    HPOS="305"
                    VPOS="1259"
                    WIDTH="1309"
                    HEIGHT="64">
            <Shape><Polygon POINTS="307 1306 307 1323 1613 1318 1614 1302 1611 1268 1293 1259 1292 1259 1290 1259 1289 1259 1269 1272 1218 1272 1193 1261 1192 1261 1190 1261 1189 1261 1160 1272 1096 1262 1094 1262 1093 1262 1064 1272 986 1265 985 1265 983 1265 968 1272 901 1261 900 1261 898 1261 897 1261 879 1273 769 1273 746 1262 744 1262 743 1262 683 1273 637 1265 636 1265 634 1265 633 1265 619 1275 577 1275 548 1265 547 1265 546 1265 544 1265 525 1275 439 1275 425 1265 423 1265 422 1265 305 1263 307 1306"/></Shape>
            <String CONTENT="Frideinigung aufgericht, welche der vermeynte Kayſer Philipp"
                    HPOS="305"
                    VPOS="1259"
                    WIDTH="1309"
                    HEIGHT="64"
                    WC="0.9946522821982702"></String>
          </TextLine>
          <TextLine ID="eSc_line_bb6ab3a5"
                    TAGREFS="LT33"
                    BASELINE="237 1329 325 1351 464 1359 1618 1354" 
                    HPOS="237"
                    VPOS="1309"
                    WIDTH="1381"
                    HEIGHT="71">
            <Shape><Polygon POINTS="237 1366 351 1366 411 1379 412 1379 466 1370 518 1379 519 1380 709 1380 709 1379 711 1379 737 1370 862 1376 864 1376 908 1366 926 1377 928 1377 929 1377 930 1379 1306 1379 1306 1377 1307 1377 1337 1370 1406 1376 1407 1376 1511 1363 1615 1365 1618 1354 1615 1316 1568 1309 1567 1309 1565 1309 1536 1325 1508 1325 1483 1312 1482 1312 1400 1309 1399 1309 1397 1309 1374 1319 1324 1311 1322 1311 1321 1311 1275 1325 1254 1313 1253 1313 1251 1313 1186 1323 1167 1315 1165 1315 1164 1315 1129 1322 1079 1312 1078 1312 1076 1312 1053 1323 1028 1316 1026 1316 1025 1316 985 1326 693 1326 564 1313 562 1313 464 1327 343 1327 308 1312 307 1312 237 1312 237 1329 237 1366"/></Shape>
            <String CONTENT="ano 1205. deſtaͤttiget, worvon im 52. Capitel was mehrers. Er"
                    HPOS="237"
                    VPOS="1309"
                    WIDTH="1381"
                    HEIGHT="71"
                    WC="0.9847079432401501"></String>
          </TextLine>
          <TextLine ID="eSc_line_cfb5468c"
                    TAGREFS="LT33"
                    BASELINE="233 1380 322 1404 422 1408 1614 1402" 
                    HPOS="233"
                    VPOS="1358"
                    WIDTH="1381"
                    HEIGHT="73">
            <Shape><Polygon POINTS="233 1431 291 1431 293 1431 294 1431 309 1422 412 1431 414 1431 454 1423 487 1431 489 1431 490 1431 565 1423 725 1431 726 1431 728 1431 747 1423 794 1429 796 1429 851 1420 903 1430 904 1431 946 1431 946 1430 947 1430 965 1420 989 1430 990 1430 992 1430 1055 1420 1144 1427 1146 1427 1314 1419 1328 1427 1329 1427 1331 1427 1332 1427 1333 1427 1353 1419 1436 1419 1451 1426 1453 1426 1454 1426 1493 1420 1576 1429 1578 1429 1579 1429 1614 1419 1614 1402 1613 1369 1593 1358 1592 1358 1590 1358 1510 1365 1457 1358 1456 1358 1396 1370 1326 1359 1325 1359 1205 1372 1079 1362 1078 1362 1076 1362 1037 1372 994 1365 993 1365 946 1372 890 1362 889 1362 846 1372 798 1363 797 1363 725 1373 651 1363 650 1363 648 1363 614 1373 582 1363 580 1363 579 1363 577 1363 544 1373 439 1366 437 1366 393 1373 344 1361 343 1361 234 1361 233 1380 233 1431"/></Shape>
            <String CONTENT=" Ain eyfferiger Beſchutzer ſowohl unſers Cloſters als ſeines Guiffts,"
                    HPOS="233"
                    VPOS="1358"
                    WIDTH="1381"
                    HEIGHT="73"
                    WC="0.9754226164541383"></String>
          </TextLine>
          <TextLine ID="eSc_line_d370eabe"
                    TAGREFS="LT33"
                    BASELINE="240 1427 282 1440" 
                    HPOS="234"
                    VPOS="1393"
                    WIDTH="56"
                    HEIGHT="68">
            <Shape><Polygon POINTS="240 1427 234 1441 273 1461 282 1440 290 1406 248 1393 240 1427"/></Shape>
            <String CONTENT="nnte"
                    HPOS="234"
                    VPOS="1393"
                    WIDTH="56"
                    HEIGHT="68"
                    WC="0.9124875664710999"></String>
          </TextLine>
          <TextLine ID="eSc_line_bc49c65a"
                    TAGREFS="LT33"
                    BASELINE="300 1450 626 1458 1617 1448" 
                    HPOS="300"
                    VPOS="1408"
                    WIDTH="1317"
                    HEIGHT="72">
            <Shape><Polygon POINTS="300 1470 466 1480 468 1480 540 1469 730 1479 732 1479 960 1466 1171 1476 1172 1476 1174 1476 1175 1476 1187 1466 1230 1473 1232 1473 1233 1473 1267 1465 1450 1470 1451 1470 1489 1463 1504 1473 1506 1473 1507 1473 1508 1473 1615 1472 1617 1448 1613 1419 1533 1419 1478 1408 1476 1408 1475 1408 1457 1418 1442 1408 1440 1408 1439 1408 1394 1408 1393 1408 1235 1420 1174 1409 1172 1409 1068 1419 1043 1412 1042 1412 1040 1412 1039 1412 1019 1423 982 1423 965 1412 964 1412 962 1412 961 1412 908 1423 883 1413 882 1413 822 1412 821 1412 819 1412 803 1420 779 1413 778 1413 776 1413 775 1413 733 1426 669 1426 654 1415 653 1415 651 1415 565 1413 564 1413 562 1413 511 1426 454 1415 452 1415 397 1426 358 1415 357 1415 300 1415 300 1450 300 1470"/></Shape>
            <String CONTENT="bderwehnter Maſſen, allein Fundator. Stiffter, und Erheber ge⸗"
                    HPOS="300"
                    VPOS="1408"
                    WIDTH="1317"
                    HEIGHT="72"
                    WC="0.9918183030620698"></String>
          </TextLine>
          <TextLine ID="eSc_line_3992c36a"
                    TAGREFS="LT33"
                    BASELINE="240 1476 300 1500 375 1511 1617 1500" 
                    HPOS="240"
                    VPOS="1454"
                    WIDTH="1377"
                    HEIGHT="90">
            <Shape><Polygon POINTS="240 1525 348 1525 451 1544 452 1544 577 1536 611 1544 612 1544 614 1544 734 1543 736 1543 761 1531 803 1537 804 1537 805 1537 860 1520 989 1520 1065 1538 1067 1538 1144 1530 1197 1534 1199 1534 1200 1534 1201 1534 1215 1526 1271 1538 1272 1538 1411 1537 1454 1533 1456 1533 1490 1516 1615 1526 1617 1500 1613 1468 1518 1468 1496 1456 1494 1456 1422 1454 1421 1454 1419 1454 1382 1468 1324 1456 1322 1456 1244 1468 1187 1456 1186 1456 1185 1456 1157 1470 1129 1461 1128 1461 1126 1461 1125 1461 1097 1470 1025 1462 1023 1462 979 1472 957 1458 955 1458 954 1458 869 1458 868 1458 803 1459 801 1459 746 1473 543 1463 541 1463 540 1463 509 1476 465 1476 429 1463 427 1463 426 1463 425 1463 394 1477 359 1477 330 1462 329 1462 243 1462 240 1476 240 1525"/></Shape>
            <String CONTENT="Eten, jetzo alſo genannten S. Catharine Hoſprtals zur Stadr am"
                    HPOS="240"
                    VPOS="1454"
                    WIDTH="1377"
                    HEIGHT="90"
                    WC="0.9747580294647524"></String>
          </TextLine>
          <TextLine ID="eSc_line_5d1e7a4f"
                    TAGREFS="LT33"
                    BASELINE="240 1537 325 1554" 
                    HPOS="236"
                    VPOS="1500"
                    WIDTH="94"
                    HEIGHT="79">
            <Shape><Polygon POINTS="240 1537 236 1556 318 1579 325 1554 330 1508 245 1500 240 1537"/></Shape>
            <String CONTENT="vork."
                    HPOS="236"
                    VPOS="1500"
                    WIDTH="94"
                    HEIGHT="79"
                    WC="0.9995851993560791"></String>
          </TextLine>
          <TextLine ID="eSc_line_426cd7d0"
                    TAGREFS="LT33"
                    BASELINE="343 1609 1615 1604" 
                    HPOS="341"
                    VPOS="1558"
                    WIDTH="1274"
                    HEIGHT="76">
            <Shape><Polygon POINTS="343 1609 343 1634 418 1625 472 1633 473 1633 597 1626 658 1633 659 1633 661 1633 680 1625 705 1631 707 1631 708 1631 747 1625 765 1631 766 1631 768 1633 905 1633 905 1631 907 1631 929 1622 1010 1622 1023 1629 1025 1629 1026 1629 1098 1622 1175 1630 1176 1630 1178 1630 1196 1622 1368 1629 1369 1629 1412 1620 1528 1629 1529 1629 1531 1629 1553 1620 1586 1629 1588 1629 1589 1629 1590 1629 1615 1619 1615 1604 1611 1562 1407 1569 1372 1558 1371 1558 1369 1558 1254 1570 1215 1559 1214 1559 1212 1559 1132 1570 1076 1559 1075 1559 1073 1559 1051 1569 1033 1561 1032 1561 1030 1561 972 1572 954 1561 953 1561 951 1561 775 1561 773 1561 683 1572 600 1562 598 1562 597 1562 596 1562 577 1573 341 1566 343 1609"/></Shape>
            <String CONTENT="Anno 1217. haltet Kayſer Fridrich der Ander allhie ein groſ⸗"
                    HPOS="341"
                    VPOS="1558"
                    WIDTH="1274"
                    HEIGHT="76"
                    WC="0.9866245379050572"></String>
          </TextLine>
          <TextLine ID="eSc_line_036e9190"
                    TAGREFS="LT33"
                    BASELINE="237 1630 270 1636" 
                    HPOS="234"
                    VPOS="1575"
                    WIDTH="42"
                    HEIGHT="77">
            <Shape><Polygon POINTS="234 1644 265 1652 270 1636 276 1595 247 1575 237 1630 234 1644"/></Shape>
            <String CONTENT="er"
                    HPOS="234"
                    VPOS="1575"
                    WIDTH="42"
                    HEIGHT="77"
                    WC="0.9998022019863129"></String>
          </TextLine>
          <TextLine ID="eSc_line_d8d80c23"
                    TAGREFS="LT33"
                    BASELINE="301 1648 354 1659 469 1663 1614 1659" 
                    HPOS="301"
                    VPOS="1612"
                    WIDTH="1313"
                    HEIGHT="69">
            <Shape><Polygon POINTS="301 1676 1257 1681 1258 1681 1260 1681 1261 1681 1274 1675 1417 1680 1418 1680 1419 1680 1444 1673 1471 1680 1472 1680 1474 1680 1513 1673 1611 1680 1614 1659 1611 1625 1500 1612 1499 1612 1292 1626 1246 1626 1219 1613 1218 1613 1217 1613 1153 1625 1104 1613 1103 1613 1017 1625 972 1613 971 1613 969 1613 968 1613 935 1625 876 1615 875 1615 758 1625 682 1615 680 1615 679 1615 650 1626 598 1615 597 1615 596 1615 569 1627 491 1627 451 1615 450 1615 301 1615 301 1648 301 1676"/></Shape>
            <String CONTENT="ſeichs⸗Fag. Beſtaͤttigte dieſer Stadt Freyheit, verleyht HHertzog"
                    HPOS="301"
                    VPOS="1612"
                    WIDTH="1313"
                    HEIGHT="69"
                    WC="0.9821909996179434"></String>
          </TextLine>
          <TextLine ID="eSc_line_4e9ac9db"
                    TAGREFS="LT33"
                    BASELINE="250 1681 352 1708 422 1713 1614 1711" 
                    HPOS="250"
                    VPOS="1663"
                    WIDTH="1364"
                    HEIGHT="71">
            <Shape><Polygon POINTS="250 1720 334 1720 357 1733 358 1733 359 1733 361 1733 459 1720 476 1731 477 1731 479 1731 541 1734 543 1734 611 1723 640 1733 641 1733 643 1733 693 1726 707 1734 708 1734 709 1734 711 1734 900 1727 971 1734 972 1734 973 1734 1000 1725 1048 1734 1050 1734 1125 1725 1289 1734 1290 1734 1292 1734 1312 1725 1368 1730 1369 1730 1371 1730 1397 1722 1453 1734 1454 1734 1533 1722 1611 1729 1614 1711 1610 1669 1521 1675 1483 1665 1482 1665 1481 1665 1479 1665 1458 1673 1436 1665 1435 1665 1433 1665 1432 1665 1400 1677 1386 1670 1385 1670 1383 1670 1350 1676 1319 1663 1318 1663 1317 1663 1315 1663 1272 1677 1200 1665 1199 1665 1197 1665 1167 1675 1132 1668 1130 1668 1129 1668 1101 1679 1036 1679 1012 1666 1011 1666 923 1666 922 1666 921 1666 898 1677 861 1670 860 1670 828 1677 801 1669 800 1669 798 1669 754 1677 725 1666 723 1666 722 1666 721 1666 694 1677 632 1669 630 1669 629 1669 602 1679 515 1679 498 1668 497 1668 496 1668 494 1668 384 1676 350 1663 348 1663 250 1663 250 1681 250 1720"/></Shape>
            <String CONTENT="adwigz in Bayrn die Pfalt am Rhein, vermaͤhute Ortoni Hertos"
                    HPOS="250"
                    VPOS="1663"
                    WIDTH="1364"
                    HEIGHT="71"
                    WC="0.9851253420114517"></String>
          </TextLine>
          <TextLine ID="eSc_line_d7b01e2b"
                    TAGREFS="LT33"
                    BASELINE="234 1727 284 1734" 
                    HPOS="233"
                    VPOS="1681"
                    WIDTH="55"
                    HEIGHT="67">
            <Shape><Polygon POINTS="234 1727 233 1734 280 1748 284 1734 288 1694 240 1681 234 1727"/></Shape>
            <String CONTENT="zu"
                    HPOS="233"
                    VPOS="1681"
                    WIDTH="55"
                    HEIGHT="67"
                    WC="0.9996068477630615"></String>
          </TextLine>
          <TextLine ID="eSc_line_d1770e7f"
                    TAGREFS="LT33"
                    BASELINE="301 1741 344 1759 441 1765 1610 1758" 
                    HPOS="301"
                    VPOS="1716"
                    WIDTH="1309"
                    HEIGHT="71">
            <Shape><Polygon POINTS="301 1776 866 1787 868 1787 935 1783 936 1783 958 1773 1062 1786 1064 1786 1065 1786 1092 1775 1151 1772 1179 1779 1180 1779 1182 1779 1183 1779 1212 1772 1407 1784 1408 1784 1490 1770 1531 1777 1532 1777 1608 1769 1610 1758 1607 1719 1101 1719 1100 1719 1019 1726 987 1716 986 1716 985 1716 983 1716 964 1727 922 1727 903 1716 901 1716 900 1716 898 1716 858 1727 687 1720 686 1720 684 1720 666 1727 604 1718 602 1718 601 1718 571 1729 526 1720 525 1720 523 1720 509 1727 483 1720 482 1720 480 1720 451 1726 433 1719 432 1719 305 1719 301 1741 301 1776"/></Shape>
            <String CONTENT="oͤugs Sohn die Hertzogin Agnes Heinrici Leonis Tochter. Die⸗"
                    HPOS="301"
                    VPOS="1716"
                    WIDTH="1309"
                    HEIGHT="71"
                    WC="0.9777341494957607"></String>
          </TextLine>
          <TextLine ID="eSc_line_ce398e2a"
                    TAGREFS="LT33"
                    BASELINE="241 1773 269 1781" 
                    HPOS="219"
                    VPOS="1737"
                    WIDTH="58"
                    HEIGHT="121">
            <Shape><Polygon POINTS="241 1773 219 1843 241 1858 269 1781 277 1745 268 1737 266 1737 265 1737 263 1737 250 1740 241 1773"/></Shape>
            <String CONTENT=""
                    HPOS="219"
                    VPOS="1737"
                    WIDTH="58"
                    HEIGHT="121"
                    WC="0.9987579584121704"></String>
          </TextLine>
          <TextLine ID="eSc_line_5d9dc97d"
                    TAGREFS="LT33"
                    BASELINE="300 1802 489 1816 1618 1808" 
                    HPOS="300"
                    VPOS="1765"
                    WIDTH="1318"
                    HEIGHT="72">
            <Shape><Polygon POINTS="300 1833 411 1829 477 1837 479 1837 573 1829 601 1836 602 1836 604 1837 832 1837 832 1836 972 1827 1078 1834 1079 1834 1169 1825 1199 1833 1200 1833 1201 1833 1203 1833 1224 1825 1244 1833 1246 1833 1247 1834 1304 1834 1304 1833 1306 1833 1322 1825 1539 1831 1540 1831 1617 1822 1618 1808 1614 1768 1568 1773 1449 1765 1447 1765 1349 1779 1075 1772 1073 1772 980 1779 944 1769 943 1769 941 1769 833 1781 794 1775 793 1775 701 1781 655 1770 654 1770 653 1770 579 1781 501 1772 300 1770 300 1802 300 1833"/></Shape>
            <String CONTENT="geinrich fiele von ſeinem eignen Bruder Ortone ab, und halff dem"
                    HPOS="300"
                    VPOS="1765"
                    WIDTH="1318"
                    HEIGHT="72"
                    WC="0.9809130616486073"></String>
          </TextLine>
          <TextLine ID="eSc_line_b80b632f"
                    TAGREFS="LT33"
                    BASELINE="248 1831 332 1858 401 1865 1040 1866" 
                    HPOS="247"
                    VPOS="1811"
                    WIDTH="793"
                    HEIGHT="79">
            <Shape><Polygon POINTS="247 1873 365 1873 380 1886 382 1886 383 1886 384 1886 386 1886 415 1879 437 1887 439 1887 657 1888 658 1888 659 1888 661 1888 661 1887 672 1877 689 1887 690 1887 691 1887 730 1890 732 1890 733 1890 762 1881 773 1890 775 1890 776 1890 778 1890 809 1888 811 1888 840 1879 879 1888 880 1888 882 1888 883 1888 911 1881 1037 1884 1040 1866 1040 1834 992 1818 990 1818 989 1818 987 1818 930 1834 872 1820 871 1820 869 1820 868 1820 857 1827 846 1819 846 1818 844 1818 843 1818 841 1818 840 1818 839 1818 815 1831 790 1823 789 1823 787 1823 732 1833 712 1818 711 1818 709 1818 708 1818 707 1818 679 1831 655 1823 654 1823 653 1823 651 1823 650 1823 650 1825 639 1833 584 1825 583 1825 582 1825 564 1833 527 1833 515 1822 514 1822 512 1822 511 1822 458 1831 448 1823 448 1822 447 1822 445 1822 444 1822 408 1823 387 1811 386 1811 384 1811 383 1811 382 1811 355 1819 344 1811 343 1811 341 1811 251 1811 248 1831 247 1873"/></Shape>
            <String CONTENT="aver Fridrich, ſtard aber bald hernach-"
                    HPOS="247"
                    VPOS="1811"
                    WIDTH="793"
                    HEIGHT="79"
                    WC="0.9733786368981386"></String>
          </TextLine>
          <TextLine ID="eSc_line_f0e86b6e"
                    TAGREFS="LT33"
                    BASELINE="347 1908 612 1918 1617 1909" 
                    HPOS="345"
                    VPOS="1869"
                    WIDTH="1272"
                    HEIGHT="69">
            <Shape><Polygon POINTS="347 1908 347 1926 482 1926 557 1938 558 1938 803 1937 804 1937 805 1937 822 1926 840 1934 841 1934 843 1934 897 1927 916 1936 918 1936 919 1937 1028 1937 1028 1936 1085 1923 1157 1933 1158 1933 1221 1925 1233 1933 1235 1933 1236 1933 1237 1933 1239 1933 1274 1920 1415 1920 1479 1930 1481 1930 1482 1930 1515 1922 1554 1931 1556 1931 1557 1931 1615 1919 1617 1909 1613 1869 345 1873 347 1908"/></Shape>
            <String CONTENT="Anno 1216. haben ſich die Prediger⸗Moͤnch S. Dominici Oe⸗"
                    HPOS="345"
                    VPOS="1869"
                    WIDTH="1272"
                    HEIGHT="69"
                    WC="0.993201988830901"></String>
          </TextLine>
          <TextLine ID="eSc_line_e421d5eb"
                    TAGREFS="LT33"
                    BASELINE="244 1927 305 1943" 
                    HPOS="240"
                    VPOS="1886"
                    WIDTH="72"
                    HEIGHT="72">
            <Shape><Polygon POINTS="244 1927 240 1938 298 1958 305 1943 312 1905 252 1886 244 1927"/></Shape>
            <String CONTENT="ens"
                    HPOS="240"
                    VPOS="1886"
                    WIDTH="72"
                    HEIGHT="72"
                    WC="0.9995859464009603"></String>
          </TextLine>
          <TextLine ID="eSc_line_a93a8e18"
                    TAGREFS="LT33"
                    BASELINE="345 1959 590 1969 1618 1962" 
                    HPOS="345"
                    VPOS="1915"
                    WIDTH="1273"
                    HEIGHT="73">
            <Shape><Polygon POINTS="345 1979 668 1988 669 1988 829 1981 912 1987 914 1987 968 1977 1019 1984 1021 1984 1060 1976 1103 1986 1104 1986 1105 1986 1133 1977 1217 1984 1218 1984 1280 1976 1376 1984 1378 1984 1424 1975 1542 1984 1543 1984 1544 1984 1574 1977 1593 1984 1594 1984 1596 1984 1597 1984 1618 1973 1618 1962 1615 1923 1571 1916 1569 1916 1444 1927 1324 1915 1322 1915 1272 1925 1264 1919 1262 1919 1261 1919 1260 1919 1258 1919 1257 1919 1242 1929 1210 1916 1208 1916 1207 1916 1155 1923 1104 1916 1103 1916 1101 1916 1100 1916 1079 1930 930 1930 894 1923 893 1923 809 1930 786 1923 784 1923 783 1923 782 1923 759 1931 602 1931 586 1923 584 1923 583 1923 518 1931 498 1919 497 1919 496 1919 345 1919 345 1959 345 1979"/></Shape>
            <String CONTENT="allhie eingefunden, ihr meiſtes von einen Truckſeſſen von Eck⸗"
                    HPOS="345"
                    VPOS="1915"
                    WIDTH="1273"
                    HEIGHT="73"
                    WC="0.9972875839279544"></String>
          </TextLine>
          <TextLine ID="eSc_line_efe1f009"
                    TAGREFS="LT33"
                    BASELINE="241 1976 325 2000" 
                    HPOS="237"
                    VPOS="1937"
                    WIDTH="97"
                    HEIGHT="76">
            <Shape><Polygon POINTS="241 1976 237 1986 279 2008 280 2008 319 2013 325 2000 334 1959 251 1937 241 1976"/></Shape>
            <String CONTENT="nuͤh."
                    HPOS="237"
                    VPOS="1937"
                    WIDTH="97"
                    HEIGHT="76"
                    WC="0.9998632550239563"></String>
          </TextLine>
          <TextLine ID="eSc_line_d65999cb"
                    TAGREFS="LT33"
                    BASELINE="341 2004 618 2020 1619 2012" 
                    HPOS="341"
                    VPOS="1966"
                    WIDTH="1278"
                    HEIGHT="72">
            <Shape><Polygon POINTS="341 2027 740 2038 741 2038 926 2031 972 2037 973 2037 975 2037 1004 2029 1029 2037 1030 2037 1032 2037 1033 2037 1053 2027 1086 2037 1087 2037 1089 2037 1151 2027 1304 2036 1306 2036 1387 2026 1478 2036 1479 2036 1481 2036 1482 2036 1497 2026 1619 2023 1619 2012 1615 1966 1543 1981 1447 1968 1393 1968 1392 1968 1390 1968 1339 1981 1294 1968 1293 1968 1292 1968 1207 1979 1169 1968 1168 1968 1167 1968 1165 1968 1128 1983 1078 1970 1076 1970 1075 1970 1073 1970 1072 1970 1051 1983 964 1970 962 1970 961 1970 919 1983 832 1970 830 1970 829 1970 794 1984 740 1984 594 1977 593 1977 533 1984 444 1970 341 1970 341 2004 341 2027"/></Shape>
            <String CONTENT="bekommen, ſo dann auch bey ihnen begraben ligt. Aber Anno"
                    HPOS="341"
                    VPOS="1966"
                    WIDTH="1278"
                    HEIGHT="72"
                    WC="0.9913656638379682"></String>
          </TextLine>
          <TextLine ID="eSc_line_046ed956"
                    TAGREFS="LT33"
                    BASELINE="257 2029 323 2047" 
                    HPOS="252"
                    VPOS="1994"
                    WIDTH="78"
                    HEIGHT="68">
            <Shape><Polygon POINTS="257 2029 252 2041 316 2062 323 2047 330 2015 265 1994 257 2029"/></Shape>
            <String CONTENT="229"
                    HPOS="252"
                    VPOS="1994"
                    WIDTH="78"
                    HEIGHT="68"
                    WC="0.9999536673227946"></String>
          </TextLine>
          <TextLine ID="eSc_line_20ced246"
                    TAGREFS="LT33"
                    BASELINE="352 2058 655 2070 1615 2061" 
                    HPOS="352"
                    VPOS="2019"
                    WIDTH="1263"
                    HEIGHT="72">
            <Shape><Polygon POINTS="352 2081 565 2081 611 2088 612 2088 676 2080 690 2090 691 2090 693 2090 858 2091 860 2091 966 2080 1001 2090 1003 2090 1004 2091 1076 2091 1076 2090 1078 2090 1079 2090 1089 2083 1108 2090 1110 2090 1111 2090 1182 2077 1236 2088 1237 2088 1614 2080 1615 2061 1614 2026 1593 2019 1592 2019 1590 2019 1589 2019 1550 2030 1411 2025 1410 2025 1301 2031 1239 2020 1237 2020 1236 2020 1210 2033 1157 2033 1132 2022 1130 2022 1129 2022 1128 2022 1100 2031 1065 2020 1064 2020 1062 2020 1018 2029 983 2020 982 2020 980 2020 979 2020 961 2030 928 2020 926 2020 925 2020 923 2020 896 2033 882 2025 880 2025 879 2025 878 2025 835 2034 700 2027 698 2027 598 2034 580 2023 579 2023 577 2023 352 2023 352 2058 352 2081"/></Shape>
            <String CONTENT="ſͤt ihr Reſidenr vom Figefrido Biſchoffen allhie erweitert, und"
                    HPOS="352"
                    VPOS="2019"
                    WIDTH="1263"
                    HEIGHT="72"
                    WC="0.9938382061700972"></String>
          </TextLine>
          <TextLine ID="eSc_line_41bb843b"
                    TAGREFS="LT33"
                    BASELINE="233 2075 332 2098" 
                    HPOS="229"
                    VPOS="2030"
                    WIDTH="108"
                    HEIGHT="89">
            <Shape><Polygon POINTS="233 2075 229 2090 323 2119 332 2098 337 2058 304 2055 290 2043 290 2041 288 2041 287 2041 286 2041 284 2041 272 2047 243 2030 233 2075"/></Shape>
            <String CONTENT="nrſen"
                    HPOS="229"
                    VPOS="2030"
                    WIDTH="108"
                    HEIGHT="89"
                    WC="0.9999051928520203"></String>
          </TextLine>
          <TextLine ID="eSc_line_9ea93258"
                    TAGREFS="LT33"
                    BASELINE="351 2108 734 2123 1428 2119 1613 2111" 
                    HPOS="351"
                    VPOS="2072"
                    WIDTH="1262"
                    HEIGHT="71">
            <Shape><Polygon POINTS="351 2108 351 2131 465 2131 494 2141 496 2141 497 2141 594 2133 608 2141 609 2141 611 2141 612 2143 780 2143 780 2141 782 2141 821 2131 839 2140 840 2140 841 2140 986 2136 1037 2143 1039 2143 1611 2131 1613 2111 1608 2076 1492 2081 1478 2073 1476 2073 1475 2073 1426 2073 1425 2073 1424 2073 1404 2081 1382 2073 1381 2073 1379 2073 1378 2073 1347 2080 1314 2073 1312 2073 1243 2083 1154 2073 1153 2073 1151 2073 1130 2083 1085 2075 1083 2075 1008 2083 947 2072 946 2072 896 2083 704 2083 684 2075 683 2075 682 2075 680 2075 659 2081 629 2073 627 2073 626 2073 505 2081 491 2073 490 2073 489 2073 351 2072 351 2108"/></Shape>
            <String CONTENT="H. Orden, die Kirchen s. Blaſii auf Sanct Jacobs Hoff zugeeig⸗"
                    HPOS="351"
                    VPOS="2072"
                    WIDTH="1262"
                    HEIGHT="71"
                    WC="0.9858640172789174"></String>
          </TextLine>
          <TextLine ID="eSc_line_3d3d9e18"
                    TAGREFS="LT33"
                    BASELINE="232 2125 279 2136" 
                    HPOS="227"
                    VPOS="2086"
                    WIDTH="59"
                    HEIGHT="62">
            <Shape><Polygon POINTS="232 2125 227 2141 275 2148 279 2136 286 2098 238 2086 232 2125"/></Shape>
            <String CONTENT="ꝛr"
                    HPOS="227"
                    VPOS="2086"
                    WIDTH="59"
                    HEIGHT="62"
                    WC="0.9999760389328003"></String>
          </TextLine>
          <TextLine ID="eSc_line_ac15cbcc"
                    TAGREFS="LT33"
                    BASELINE="304 2144 395 2162 643 2175 1093 2176 1614 2162" 
                    HPOS="304"
                    VPOS="2120"
                    WIDTH="1310"
                    HEIGHT="78">
            <Shape><Polygon POINTS="304 2184 473 2184 558 2197 559 2197 602 2190 641 2198 643 2198 736 2188 794 2197 796 2198 1071 2198 1071 2197 1136 2186 1280 2195 1282 2195 1393 2183 1439 2195 1440 2195 1442 2197 1490 2197 1490 2195 1492 2195 1542 2180 1614 2180 1614 2162 1611 2136 1544 2120 1543 2120 1485 2131 1460 2122 1458 2122 1457 2122 1456 2122 1454 2122 1432 2137 1354 2137 1310 2123 1308 2123 1307 2123 1306 2123 1272 2137 1190 2137 1150 2123 1149 2123 1147 2123 1146 2123 1105 2138 990 2138 965 2129 964 2129 962 2129 961 2129 960 2129 946 2138 844 2138 825 2127 823 2127 822 2127 821 2127 794 2137 739 2129 737 2129 736 2129 712 2138 633 2126 632 2126 630 2126 629 2126 614 2137 568 2137 534 2125 533 2125 532 2125 452 2136 423 2125 422 2125 304 2125 304 2144 304 2184"/></Shape>
            <String CONTENT="sorden. Man ſindet noch der Zeit der Burgerlichen Zunfften⸗"
                    HPOS="304"
                    VPOS="2120"
                    WIDTH="1310"
                    HEIGHT="78"
                    WC="0.9847365446009878"></String>
          </TextLine>
          <TextLine ID="eSc_line_c02ccfa3"
                    TAGREFS="LT33"
                    BASELINE="1531 2213 1618 2211" 
                    HPOS="1531"
                    VPOS="2163"
                    WIDTH="87"
                    HEIGHT="85">
            <Shape><Polygon POINTS="1614 2169 1579 2163 1569 2163 1563 2163 1540 2172 1532 2165 1531 2165 1531 2213 1531 2236 1560 2233 1579 2247 1581 2247 1582 2247 1583 2248 1618 2248 1618 2211 1615 2172 1614 2169"/></Shape>
            <String CONTENT="und"
                    HPOS="1531"
                    VPOS="2163"
                    WIDTH="87"
                    HEIGHT="85"
                    WC="0.9995230436325073"></String>
          </TextLine>
        </TextBlock>
        <TextBlock HPOS="22"
                   VPOS="2011"
                   WIDTH="82"
                   HEIGHT="37"
                   ID="eSc_textblock_845957ec"
                   TAGREFS="BT42">
          <Shape><Polygon POINTS="47 2011 104 2011 104 2048 33 2043 22 2022 47 2011"/></Shape>
        </TextBlock>
        <TextBlock HPOS="83"
                   VPOS="2105"
                   WIDTH="15"
                   HEIGHT="21"
                   ID="eSc_textblock_fbba0d57"
                   TAGREFS="BT42">
          <Shape><Polygon POINTS="91 2105 98 2120 88 2126 83 2111 91 2105"/></Shape>
        </TextBlock>
      </PrintSpace>
    </Page>
  </Layout>
</alto>
