1935 2499
865 244 399 64 -èS (O) Lt-

351 249 96 64 29a

351 292 1406 75 Kanſer erklaͤret. Er namm ſich als ein großmuͤthiger Held um Ver

350 344 1401 75 beſſer⸗ und Befriedigung des Reichs ſtarck an. Vernichtigte unbili

352 397 1407 73 ge Geſaͤtz, und lieſſe ſich Anno 1209. zu Rom croͤnen. Brachte dat

354 447 1404 75 folgende Jahr viel Land und Leuth in Iralia, Apulia, und Calabrie

351 495 1407 76 zum Reich: fiele aber auch in dem Bann des Papſts, weil er nas

351 551 1397 72 empfangener Croͤnung das jenige, ſo er dem Papſt verſprochen, wie

350 603 1397 68 der umgeſtanden, und nicht halten wollen. Als er in dieſem Stan

351 655 1364 68 und Bann wieder in Teutſchland kommen, haben viel Chur⸗ und &

350 703 1404 73 ſten ihre Afrection von ihme abgezogen, und von ſeiner Entſetzunt

350 755 1350 73 gedacht, abſonderlich die Ertz⸗Biſchoͤff zu Mayntz und Trier, C

351 805 1393 72 Fuͤrſten, Tndovieus Hertzog in Bayrn, Leopolad aus Oeſterreich, nes

351 855 1399 65 mann aus Tuͤringen, Ottacter Koͤnig in Boͤhm, und Conraa Fiſchol

356 905 1380 73 zu Speyer; erwaͤhlten alſo Anno 1212. Fridericum, Kayſer Hai

350 953 1393 75 richs des VI. Sohn, dem ſie vorhero ſchon in der Wiegen gehzuldi

350 1009 1379 72 get. Dem Koͤnig in Franckreich gefiehl dieſe Wahl auch wohl, a

352 1059 1348 68 derſt aber dem Koͤnig in Engelland, der ſtunde dem Ottoni bey. C

351 1110 1386 71 alſo immerdar Krieg, bis Ottonem ein Fieber, und anderes ergriffe

351 1162 789 72 wobon er ſein Leben fruhezeitig endete.

490 1207 1219 66 Es hatten die Juden vor Alters unterſchiedliche Begraͤbnuſ

345 1260 1310 67 vor dieſer Stadt, maſſen dann ſolches die erhebte Grab⸗ Stein

347 1313 1310 69 ren zwar die wenigſte in der Stadt zu ſehen, weilen die meiſte zu

345 1363 1349 76 nen Gebaͤuen genutzt worden) zu erkennen geben. Die erſte Begi

350 1410 1361 76 nuß ware jenſeyts des Regens oberhalb Galler, an dem, dei

347 1464 1331 72 Bauren wohl⸗ bekannten Berglein, die Judenau genannt. Die

348 1516 1321 66 dere war zwiſchen hieſiger Stadt und Abach, an unſers EIl

345 1570 1324 69 Berg und HHoltzwachs, Arglew genannt. Dieweilen aber ſolche

345 1622 1323 66 graͤbnuß ihnen zu weit entlegen ware, haben ſie von vor gedachter

1707 1649 27 53 n

347 1671 1311 65 ſeren Abbt Eberharden ein Stuck von des Cloſters Breiten voi

352 1720 1316 69 TVeyh St. Derers⸗Chor erhandlet, und entgegen dem Cloſte

350 1770 1275 75 HHoſpital in Patzes⸗ Winckel, neden g0. Pfund Regenſpurger

1643 1802 79 68 Ant

345 1824 1283 69 ning, und ſaͤhrlicher Penlivn 1. Pfund cediret, ſo geſchehen

1680 1845 60 62 pot

351 1875 1306 65 1210. (d) Dieſer Acker aber iſt Anoo 15729. den 2. FFebruari

347 1924 1311 73 gemeiner Stadt unſerem Cloſter unterm Abbt Leonardo wieder

345 1976 332 75 kauffet worden.

1637 2003 88 67 Ann

1701 2083 25 60 s

380 2118 1286 63 (a) E Originall in Arehiro noltro. vide Hirteras Eberhardi AMbatic. Dee Urſce

416 2161 1217 71 Alienation, und Gel)⸗Wargelsͤ warenditvorhergehende EraCtionrr,nn Darſelgungende

1866 373 59 65 Hr

1861 427 61 56 ten

1866 469 56 75 Re

1865 520 51 68 eir

1871 573 55 67 0o

1869 683 54 58 zer

1866 734 53 60 ne

1866 927 57 68 An

1869 987 24 50 a

1864 1128 44 63 ia

1872 1182 33 67 zo

1872 1237 33 61 ir

1873 1299 39 44 2r

1866 1330 42 69 dj

1876 1502 46 62 99

1866 1572 53 73 ſen

1880 1628 32 65 2

1873 1674 43 66 Lu

1869 1724 52 71 ſer

1871 1799 23 51 .

1871 1922 30 63 n

1866 2025 43 68 dil

1869 2079 36 61 ꝛe
