1978 2545
929 199 116 71 -823

1106 200 232 75 O) E--

418 240 1422 97 heiligerer Orth, als die Kirch und Begraͤbnuß diſes Martyrers alhie zu

417 299 1419 86 Regenſpurg zu finden geweſt, welchen nicht allein das gemeine Volck

415 343 1424 95 in der Naͤhe und Ferne, ſonder auch die gewaltigiſte Kayſer, Koͤ⸗

414 395 1423 97 nig, Fuͤrſten, und hohe Potentaten in Franckreich, Leutſchland, und

413 445 1423 97 Bayrn, fuͤrnemlich Pipinus; Carolus Magnus; ſein Sohn Ludovi-

411 497 1425 99 cus der Aelter Koͤnig in Bayrn und Teutſchland; Carolomannus in

411 552 1418 96 Bayrn; Arnolphus der Kayſer; Orto Magnus; Orto der Ander,

410 606 1425 91 und andere hoch geehrt haben. (c) Denen gienge allen vor mit einem

408 651 1420 101 guten Erempl Hertzog Theodo, der wegen ſeiner ungerathner Kinder,

407 705 1426 96 die diſem heiligen Mann Emmeramo ein ſo ſchmertzhaften Tod verur⸗

406 763 1426 88 zachet, und angethan, GOtt zu verſoͤhnen, dem heiligen Martyrer

407 804 1425 103 abzubitten, und den Schand⸗Fleck abzuwaſchen, beſchloſſen, zu diſer

404 856 1419 102 Capellen S. Gcorgii auf dem Marter⸗Berg, ein Cloſter aufzubauen,

403 904 1425 104 in welchen durch geiſtliche Ordens⸗Leut, unter der Regul des heiligen

406 960 1422 97 Vatters Benedicti GOrt Tag und Nacht, wie auch der heilige Em-

398 1010 1428 102 meramus gelobt, und geehrt wurde, deßwegen dann noch ſelbiges

401 1059 957 89 Jahr diſer Stifftung ein Anfang gemacht. (a,

533 1114 1292 93 Gleichwie nun viele fromme Chriſten an Leib⸗ und Seelen⸗Zu⸗

396 1162 1420 100 ſtaͤnden, von Unſern heiligen Emmeramo. groſſe Huͤlf empfangen,

394 1215 1428 95 alſo ſeynd auch zu deſſen heiligen Grab und Altar viel Opfer geſche⸗

391 1262 1427 95 hen, alſo daß nach a5. Jahren ſeiner Marter, als im Jahr Chriſti, so7.

394 1314 1422 97 ſchon der erſte Abbt Appollonius dem Cloſter vorzuſtehen iſt verord⸗

390 1367 1426 94 net worden,: welches hernach der H. Kayſer Carl der Grofſe Anno

394 1418 1421 104 752. unter dem Biſchoff Simderto noch herꝛlicher und ſtattlicher hat er⸗

390 1470 364 64 bauen laſſen. (e)

529 1518 1280 92 (U) Der gottſeelige Kayſer Arnolphus aber hat daſſelbige nit

389 1560 1419 101 allein mit der Stadt⸗Maur eingefangen, und beſchlieſſen laſſen, ſonder

386 1616 1416 99 auch ſich vil bemuͤhet, daß Pabſt Formolns zu Zeiten Tutonis Biſchof⸗

389 1671 1414 90 ten zu Regenſpurg, den Heil. Emmeram in die Zahl der HHeiligen ein⸗

386 1720 1416 95 ſchreibete, und von S. Georgen Capellen uberſetzt in dem Hoch⸗Altar der

383 1775 1415 98 Cioſter⸗Kirchen, die gedachter kormolus zu Ehren der Allerheiligiſtent

1655 1855 137 74 Drer⸗

418 1978 334 48 ſe) Pag. 108. cap. g.

414 2014 947 65 (a Ciehe die nachtommende Notas., oder Zuſatz zu viſen Caritel.

423 2057 1365 79 Von des erſten Aboͤtrn Arpoloni Emſetung wiro hernach mehrers an ſeinen Ont giſegt werden.

445 2096 111 51 Lbid.

396 2125 345 76 (6) vids Nrlonnta.
