1940 2440
897 162 358 77 Al (00 EN-

341 168 100 70 ars

340 216 1404 76 ner das Leben, und die Cloͤſter ſich berauben laſſen muſſen. Es half

1800 250 118 75 è alte

341 272 1399 70 Lein Biſchoͤfliche Dehortation, kein Kayſerlich Mandat, und ſollten die

1799 305 130 67 Colden⸗

344 322 1398 71 Catholiſche allen Zwang und Muthwillen gedultig leyden. Anno 1s17.

1805 353 113 69 ucht b

345 371 1394 74 zu Schwaͤbiſch Hall erwaͤhlten ſie zum General, Fuͤrſt Cbriſtian von

1804 403 110 72 Ahrer

342 417 1391 84 Anhalt, der ware ſo vermeſſen, daß er mit bedeckten Haupt ſeinei

1808 451 111 70 Vergl⸗

341 470 1392 79 Lehen⸗Herꝛn den Roͤmiſchen Kayſer beſprache, und uͤber das, nou

1801 497 113 79 Serhl⸗

338 523 1386 76 betrohliche Brieff von gedachtem hall an ſeine Majeſtaͤt abgehen lieſſe

1804 555 119 69 nd na⸗

479 573 1240 79 Der Kayſer wurd alt, die Chur⸗Fuͤrſten erachteten, daß not

1805 603 94 92 1n9

337 623 1386 75 wendig ein Succeſlor zu erwaͤhlen waͤre. Vermoͤgen dahero den Kal

342 671 1358 79 ſer, dab er auf folgendes Jahr ein Wahl⸗Tag ausſchriebe, die un

1800 702 88 76 ang

334 727 1329 72 te Proteſtirende waren mal content, hielten deßwegen Rath zu,

1801 752 102 69 en Al

334 769 1355 89 renburg an der Tauber, und Nuͤrnders⸗ und wurde der Reichs⸗1

1801 795 105 77 eren,

336 818 267 73 verhinderet.

1800 851 130 76 urg, u

470 870 1211 80 Als Anno 1612. den 10. Januarii Kayſer Radolpb ſeines

1817 906 68 57 zer,

329 919 1375 81 ters 59. im Kayſerthum ꝛ5. ſein Leben beſchloſſen, iſt von geſamit

1850 957 71 70 Ane

330 971 1374 79 Chur⸗ Fuͤrſten (Brandenburg ausgenommen) ſein Bruder Marhie-

1834 1005 92 72 e an

328 1019 1389 81 Koͤnig in Ungarn und Boͤhm zum Kayſerthum in Franckfurrh erwaͤ,

330 1073 1337 73 let und gecroͤnet worden. Der dann alſobald ein Reichs⸗Tag

1792 1093 115 80 nden.

328 1123 1340 76 naͤchſt kommendes 16 15. Zahr den 22.April, allhero nacher Rei

1827 1154 64 68 der

329 1171 1377 78 tpurg⸗ weilen Nuͤrnberg denſelben nicht haben wollen, ausgeſchriebel

326 1218 1326 80 und in der Einladung, der Citirung der Staͤnd allegiret. 1.

1794 1249 120 82 uiner

324 1271 1327 81 Beruhigung des Reichs. 2. Die Retormirnng und Verbeſſerung

1823 1314 104 55 19. n

321 1318 1322 82 Cammer⸗Gerichts Speyr. 5. Vergleichung des Calenders. A.

1797 1344 129 82 ur An

328 1369 1304 84 ſicherung des Reichs vom Tuͤrcken. F- Zu dieſem End ein Huͤlt

1811 1408 103 58 ino 1

322 1420 1330 81 Beyſchuß der Staͤnd mit Roͤmer ⸗ Monath. 6. Reſormiruns

1838 1461 70 59 162

324 1468 1237 85 Muntz 7. Die Reichs⸗Marricul in Richtigkeit zu bringen.

1853 1499 30 77 9

467 1522 1172 80 Anno 1612. reiſet der Kanſer Mathias mit ſeiner Gemahllt

1629 1492 56 84 2

321 1568 1320 85 na den 20. Junit von Wienn anf den angeſtellten Reichs⸗Tag.

318 1621 1295 80 terliet zu einem Stattrhalter den Ertz⸗ Hertzog Ferdinanden.

325 1670 1290 78 Traubling, ein Meil von Regenſpurg, war das letzte Nacht⸗.

1803 1691 124 65 2) Die

324 1718 1343 84 tier. Den a. Anguſti hieit er ein anſehnlichen Einzug, in Beglent

1832 1737 97 55 Wolc,

1615 1756 90 63 dans

319 1771 1276 80 vieler Chur⸗ Fuͤrſten und Staͤnd, doch mehriſt von Carholiſchen

1835 1774 96 57 Vide

1812 1812 122 60 .) Ann

324 1817 1279 86 die Proreſtirende wollten nicht erſcheinen, es dewillige dann de.

1603 1798 91 78 Kar

1835 1862 96 46 pendiur

321 1866 1247 87 fer ihre Poſtulata Ein als anderen Weeg geſchahe den 1ꝛ.

1831 1895 92 55 Jnnn.

315 1919 1375 83 die Lropokirion, inhaltend die im Ausſchreiben angezogene Materza⸗

1817 1933 109 56 0) Ma

1835 1981 90 46 ainen .

314 1966 1372 82 nnd Benahmſung der geſuchten Reichs⸗ Monather, nemlich aut

1836 2008 90 56 Eoſter

326 2021 1292 95 Zahr 50i dann wiedrr⸗ m einem Zukduß 2o. Roͤmer⸗ Nonats

1839 2044 86 51 ranei

1834 2076 89 68 Srter
