1779 2484
240 226 78 62 552

804 220 347 72 22 (0) gag-

230 270 1388 84 Kirchen, hatten ihre abſonderliche und gezeichnete Siuͤhl, ſo nochl⸗

226 328 132 74 ſehen.

365 375 1244 77 Es hat allhie fuͤr arme Leuth noch mehr Stifftungen und aos

226 433 1348 69 nungen geben, ſo mehriſt noch vorhanden. Weil man aber derſel

229 482 1377 71 Anfang oder Urheber nit weiß, hat mans diß Orths mit wenigen wo

224 534 1375 70 len andeuten. Vor dem Oſten⸗Thor war vor dieſem ein Spital-

224 585 1345 66 Nicolai genannt, ſolte geſtifft ſeyn worden Anno 1287. fuͤr die Lei

226 634 1369 76 fen. Zuletzt wars ein Pfruͤndhauß des Adelichen Stiffts TTide

224 683 228 66 Puͤnſter.

364 731 1245 79 Bey dem Lazareth (von welchen Cap. 28. Neldung geſchehen⸗

223 789 1336 67 war auch eine gute Gelegenheit zur Peſt⸗Zeit, die inkicirte von d.

226 837 1339 71 Geſunden zu ſepariren; Im Krieg iſt alles abgebrochen, und ſo

224 884 1296 75 Gelegenheit nahe bey dem Oſten⸗ Thor, und untern Woͤrth

223 937 1348 74 Nothfall gerichtet worden. So hats auch vor dieſem bey St. Osn

223 988 1328 71 ein Pfruͤnd⸗HHauß geben fuͤr arme Weiber. Item unweit ui

223 1041 1328 67 Cloſters ein Seel⸗.Hauß geſtifft von denen Edlen Alemannen

233 1091 1308 69 Pfrund⸗Weiber, die denen Krancken warten ſollen, und bey:

223 1141 1332 73 Leich⸗ Begaͤngnuſſen ſich muſten brauchen laſſen. Dieſe Intentios

222 1188 1289 76 Fundatorn iſt mit der Religion abkommen, und werden andere

222 1240 1340 72 darinn erhalten. Zu dieſem hat gemeine Stadt allhie Anno 1666.

222 1287 543 69 Waiſen⸗ Hauß verordnet.

357 1339 1190 79 Anno ra19. wurde der Hußiren General ſoann Ziſchka eit

224 1393 1292 72 mer Edelmann in Venceslai Hoff erzogen, bekam in Baͤide a

224 1446 1342 73 wohl bewaffnete Maͤnner. Spbia ein Hertzogin aus Bayrn Ven⸗

220 1498 1298 72 lai hinterlaſſene Wittib, verlanate HHuͤlff von ihren Schwager

220 1542 1325 80 ſer Sigismundo, kunts aber nit haben, weil er mit dem Tuͤrckel

223 1592 1285 76 thun hatte. Sie thaͤte zwar den Hußiten ein Weil Wider

1516 1581 75 73 and

220 1646 1349 78 war aber denen nit gewachſen, hat ſich alſo an ſichere Orth reririrt

357 1694 1134 82 Als Anno 1120. Kayſer Sigmund, mit Zuziehung Bi

1565 1727 29 57 it

222 1745 1238 77 nnd anderer Fuͤrſten einen Zug wider die Zußiren that,

1465 1756 62 60 ha

220 1800 1291 75 Stadt Regenſpurg ein groſſen raiſigen Zeig, und ſchoͤnes &

229 1849 1232 77 Volck (deren Obriſter der Edle Eraſmus Sarrlboger war)

218 1896 1327 84 heimb geſchickt. Man hat aber ungtuͤckſeelig kriegt, und neben gt.

216 1952 621 69 Unkoſten viel Volck verlohren.

1559 1963 43 69 u

351 1998 1156 77 Anno 1227. war ein Zwitracht zwiſchen denen HHertzos

218 2049 1284 74 Bayrn. Kayſer Sigmund kam Anno 1222. mit dem Paͤbſtlich

218 2098 1268 83 gato Cardinal Brande allhero Frid zu machen. Hertzog Ludwi

1542 2125 53 63 tet-

1721 281 44 62 te

1718 325 47 98 9

1718 415 48 67 10

1718 471 47 60 ne

1718 614 38 76 8

1722 673 40 62 ni

1719 723 36 59 w

1718 770 44 57 co

1715 812 40 64 de

1707 1415 51 90 n.

1722 1489 26 52 r

1707 1531 54 71 dat

1705 1581 54 63 mif

1701 1673 60 68 Ol

1705 1729 28 60 ⸗

1701 1776 60 63 ane

1701 1820 58 63 ten

1703 1880 41 87 .
