1991 2551
66 318 60 50 als

19 354 105 68 ie wit

22 408 99 63 nehret

46 464 70 98 e.

796 272 107 66 nßꝛ.

982 272 217 72 0) Eet-

294 314 1409 91 1o. Das ſolget auch aus unſers Cloſters zuͤngeren Catalogis von denen Regenſpurgen⸗

1626 294 74 60 117

290 357 1411 90 ſchen Biſchoͤffen, daß nemlich dieſes Biſtum 5. oder 6. Jahr lang keinen Biſchoſſen gehadt

289 402 1407 88 habe, auch, nachdeme Garibaldus zuvor Anno 729. als erſter ordentlicher Bi⸗

289 446 1408 86 ſchoff eingeſetzet worden. Die 13. Jahr Canbaldi (von 729. amnfangen) nnd

286 487 1411 96 hie32. Jahr Sinaberti Biſchoffens, nach Erzehlung Hundii, machen 25. Jahr

286 534 1408 88 dus, mihin gehen ſie von 729,7 bis auf 791, oder auch 2s. alsdann iſt nach Hun-

287 562 49 55 kii

353 579 1338 85 Erzehlung kein Biſchoff geweſen bis 790, in welchen Jahr Adalwinus ſollte

285 617 1408 93 das Biſtum angetretten haben. Nach denen Caralogis unſeres Eioſters ſolger eben

290 663 1398 82 teſes; mahen von Garibaldi Anfang, Anno 739. ( welcher 22 Jahr, und Sina-

282 691 107 70 dertur

282 749 1409 94 Lerumen, bis aut die Zeiten Adalwrini, 5. Jahr anzurreſfen, in welchen kein Bi.

433 717 1255 76 nach unſeren Catalogis, 21 zuſammen 26. Jahr regieret haben,) wie⸗

280 783 392 80 hholf allhier geweſen iſt.

279 865 69 67 Au,

392 844 1294 89 X. Dieſe Folge, ſo aus unſeren Catalogis, und aus deme, was Hun-

363 895 1324 82 aget, fuieſſet, loͤſet mir einen groſſen Zweiſſel auf, welchen ich von denen erſten

280 936 1400 97 ordenrlichen Regenſpurgeriſchen Biſchoͤfſen bekommen. Poera Anonymus,

292 986 1389 92 don welchen oben Meidung geſchehen pag. 132.) hat ſeinen Caralogum de Lpi-

269 1028 1410 93 ſcoporun comprovincialiun Ordine vor Mitte des IX. Srculi geſchrieden. Wie

269 1055 69 63 hock

354 1077 1323 89 dieſes Mannſcriptum, (ſo in unſerem Cloſter anrdehalten wird,) zu ſchaͤ⸗

269 1115 1407 86 An ſeye, iſt daraus abzunemmen. Mabillon ſaget, daß alle andere Catalogi von

269 1160 1405 91 kꝛen Bayriſchen Biſchoͤffen, darnach verbeſſerei ſollen werden; dann dieſer Poeta

266 1204 1405 101 ſeich nach denen Jeiten deren allererſten ordenrlichen Biſchoͤffen gelebr har

263 1232 88 78 Run

269 1305 1398 96 Kciogo deren ordentlichen Regenſpurgeriſchen Bſchoͤffen, gleich nach GaU-

381 1264 1289 85 (Siehe vag. 138.) ſeser dieſer Anthor, Porra Anonymus in dem Ca-

283 1352 1383 99 ALDUM einen andern ordenrlichen Viſchoffen zu Negenſpurg STGIRI-

285 1397 1382 96 ONI, auf welchen erſt SINDBERTUS geſolget. So maͤſſen dann, nach Urtheil

265 1441 1394 93 es gelehrten Mabillonii, alle andere Catalogi ( die unſerige zu S. Emmeram,

265 1479 1399 101 nd des Hundii &c.) verbeſſeret werden, in welchen SINDBERTUS auf GAU-

289 1524 1377 102 C. DUM ſolget, und hingegen Sigiricur, nach Gaubaldun, noch vor Sindderto

259 1567 1405 102 aſetzet werden. Das Urtheil Nlabillonii, vor dieſen alten Caralogo des Poeta

256 1612 1406 104 rnſonymi, wegen deſſen Aiterthum, bekommet mehrere Bekraͤnftigung aus deme,

259 1634 26 60 o

287 1658 1373 105 Heich ſolget. imd. Aus denen Annalidus Antiguitlimis Virceburgenlibus

294 1702 1363 99 Siehe Eccardum tom. 1. Franc. Oriental. pag. 71.) Irem Annalidus

256 1738 1401 108 ancorum, ( vulgd Loilelianis.) Chronico Mloilbiacenli &c. Trem

251 1761 165 75 Chronic.

249 1802 138 81 her and

436 1794 44 61 ꝛr.

490 1799 1166 92 ri S Galli, erheller klar, daß SINDBERTUS Biſchotf ( wel⸗

248 1853 72 61 eye.

411 1845 1246 81 ſuiabertus genannt wird⸗) Anno 791, oder, noch Anno 790. geſtorden

361 1884 1291 94 tuj dueſen iſt gefolget Adal winus als Biſchonf ꝛn Reornipurg: DCCXC1.

243 1900 181 77 Adalvvinur

251 1934 38 55 le

304 1961 1349 108 ccard. tom. 1. pag. 71a. Franciœ Orienualis. Iſit alſo zwiſchen Sinaber-

433 1933 1220 86 Epiſcopus ordinatus eſt. alſo die Annales VVirceburgenſes &c. v.,

299 2011 1351 99 nd Adalwino kein Drth vor Sigirico Biſchoffen uͤbri ꝛdo. Wann nun ver-

245 2049 1404 106 ndd deſer zuvor angemerckten Zengnuſſen, au Sinddertum Adalwinus alſogleich,

239 2073 150 76 gr wolget,

248 2113 32 58 .

391 2110 1256 85 und zwar Anno 79L. Wann nach der Rechnung Hundii, Sinabertns

293 2144 1347 102 ahr rrgieret hat, ſo muuk tk CSindderrus,) dir Negierung Anno rs9. angetan

918 2215 78 68 2 5

1551 2223 88 64 gen,

77 642 39 15 2.

76 657 37 44 2:

58 693 55 60 che

52 739 65 60 auch

75 785 34 61 si

58 831 59 59 dee

60 875 43 64 ig

69 924 41 62 rin

42 967 71 68 dieſe

53 1024 59 50 dat

55 1065 55 58 das

53 1156 61 50 ali,

72 1193 31 86 ;

58 1278 49 95 .

52 1359 47 52 oh-

32 1405 65 51 nut

45 1439 59 60 ans

39 1482 58 65 Fe⸗

28 1532 65 62 prie

39 1573 54 59 un⸗

45 1611 48 64 gie

25 1659 70 57 nterl

34 1699 56 66 aht

35 1743 58 55 das

26 1787 61 58 om

28 1874 62 63 iun

19 1917 73 68 ſechs

18 1968 69 58 nus

22 2015 58 52 un-

32 2049 55 105 z
