<?xml version="1.0" encoding="UTF-8"?>
<alto xmlns:xsi="http://www.w3.org/2001/XMLSchema-instance"
      xmlns="http://www.loc.gov/standards/alto/ns-v4#"
      xsi:schemaLocation="http://www.loc.gov/standards/alto/ns-v4# http://www.loc.gov/standards/alto/v4/alto-4-2.xsd">
  <Description>
    <MeasurementUnit>pixel</MeasurementUnit>
    <sourceImageInformation>
      <fileName>image506.jpg</fileName>
      <fileIdentifier>https://archiv.ub.uni-marburg.de/eb/2010/0168</fileIdentifier>
    </sourceImageInformation>
  </Description>
  <Tags>
    <OtherTag ID="BT1" LABEL="Title" DESCRIPTION="block type Title"/><OtherTag ID="BT2" LABEL="Main" DESCRIPTION="block type Main"/><OtherTag ID="BT3" LABEL="Commentary" DESCRIPTION="block type Commentary"/><OtherTag ID="BT4" LABEL="Illustration" DESCRIPTION="block type Illustration"/><OtherTag ID="BT42" LABEL="text" DESCRIPTION="block type text"/>
    <OtherTag ID="LT33" LABEL="default" DESCRIPTION="line type default"/>
  </Tags>
  <Layout>
    <Page WIDTH="1923"
          HEIGHT="2446"
          PHYSICAL_IMG_NR="506"
          ID="eSc_dummypage_">
      <PrintSpace HPOS="0"
                  VPOS="0"
                  WIDTH="1923"
                  HEIGHT="2446">
        <TextBlock HPOS="173"
                   VPOS="440"
                   WIDTH="1445"
                   HEIGHT="1749"
                   ID="eSc_textblock_db2a895e"
                   TAGREFS="BT42">
          <Shape><Polygon POINTS="221 440 342 462 862 445 1596 478 1618 1406 1607 2145 1591 2172 1157 2167 918 2189 841 2145 250 2129 201 2113 173 1471 190 1150 179 516 190 456 221 440"/></Shape>
          <TextLine ID="eSc_line_3595c5ef"
                    TAGREFS="LT33"
                    BASELINE="209 505 228 505" 
                    HPOS="209"
                    VPOS="440"
                    WIDTH="19"
                    HEIGHT="72">
            <Shape><Polygon POINTS="222 440 209 445 209 505 209 512 228 510 228 505 226 440 222 440"/></Shape>
            <String CONTENT=","
                    HPOS="209"
                    VPOS="440"
                    WIDTH="19"
                    HEIGHT="72"
                    WC="0.9997794032096863"></String>
          </TextLine>
          <TextLine ID="eSc_line_d034d02a"
                    TAGREFS="LT33"
                    BASELINE="259 504 1584 512" 
                    HPOS="258"
                    VPOS="451"
                    WIDTH="1326"
                    HEIGHT="77">
            <Shape><Polygon POINTS="1577 476 1564 475 1550 475 1537 475 1523 474 1509 474 1496 472 1482 472 1469 471 1455 471 1441 470 1428 470 1414 470 1401 468 1387 468 1373 467 1360 467 1346 466 1333 466 1319 464 1306 464 1292 464 1280 463 1246 466 1171 459 1170 459 1156 457 1142 457 1136 456 1110 466 1032 466 1015 456 1013 456 1012 456 945 464 888 456 887 456 737 463 694 453 693 453 558 460 544 453 544 455 531 455 530 455 482 462 455 457 449 457 436 457 422 459 409 459 395 459 381 460 368 460 354 460 341 460 334 459 328 460 259 451 259 504 258 515 481 525 482 527 637 527 637 525 638 525 655 519 941 528 943 528 1583 525 1584 512 1583 476 1577 476"/></Shape>
            <String CONTENT="Nno 1609. impetrirten die uncatholiſchen Boͤhmen ein Majeſtaͤt⸗"
                    HPOS="258"
                    VPOS="451"
                    WIDTH="1326"
                    HEIGHT="77"
                    WC="0.9857318108043973"></String>
          </TextLine>
          <TextLine ID="eSc_line_9b23678c"
                    TAGREFS="LT33"
                    BASELINE="284 557 1583 561" 
                    HPOS="282"
                    VPOS="510"
                    WIDTH="1301"
                    HEIGHT="70">
            <Shape><Polygon POINTS="284 557 282 566 345 577 346 578 444 578 444 577 445 577 447 577 460 569 671 577 672 577 712 569 721 576 722 576 724 576 725 576 770 570 814 578 815 578 901 570 985 578 986 578 1030 570 1076 578 1077 578 1145 570 1216 580 1217 580 1440 572 1520 580 1522 580 1581 570 1583 561 1581 525 1515 516 1513 516 1512 516 1492 524 1443 516 1441 516 1440 516 1439 516 1425 525 1338 525 1325 516 1323 516 1322 516 1248 516 1247 516 1197 524 1168 513 1167 513 1113 513 1111 513 1110 513 1108 513 1094 523 1050 516 1049 516 1012 523 998 513 997 513 996 513 994 513 890 523 867 512 865 512 716 510 714 510 713 510 695 517 650 510 649 510 648 510 626 520 603 510 602 510 600 510 535 521 430 510 429 510 284 516 284 557"/></Shape>
            <String CONTENT="Brieff, den interprctirten ſie nach ihren Gefahlen, und tha⸗"
                    HPOS="282"
                    VPOS="510"
                    WIDTH="1301"
                    HEIGHT="70"
                    WC="0.9896798322598139"></String>
          </TextLine>
          <TextLine ID="eSc_line_ab90152c"
                    TAGREFS="LT33"
                    BASELINE="199 592 330 607 1588 608" 
                    HPOS="198"
                    VPOS="557"
                    WIDTH="1390"
                    HEIGHT="70">
            <Shape><Polygon POINTS="918 559 905 559 903 559 858 569 714 559 713 559 712 559 690 570 595 570 563 558 562 558 561 558 509 568 462 558 460 558 459 558 436 570 404 570 199 557 199 592 198 615 510 626 512 626 690 619 746 626 747 626 809 618 856 626 857 626 1100 619 1456 627 1458 627 1500 619 1585 619 1588 608 1587 572 1406 562 1405 562 1319 570 1257 562 1255 562 1217 570 1118 562 1117 562 1057 570 1043 562 1042 562 1041 562 1039 562 1038 562 1021 570 924 559 918 559"/></Shape>
            <String CONTENT="ſen was ſte wollten; uneracht der Koͤnig Marhias denſelben ihnen an⸗"
                    HPOS="198"
                    VPOS="557"
                    WIDTH="1390"
                    HEIGHT="70"
                    WC="0.992876872420311"></String>
          </TextLine>
          <TextLine ID="eSc_line_7307d376"
                    TAGREFS="LT33"
                    BASELINE="202 641 259 654 353 659 1581 656" 
                    HPOS="202"
                    VPOS="608"
                    WIDTH="1379"
                    HEIGHT="70">
            <Shape><Polygon POINTS="1503 608 1501 608 1500 608 1498 608 1477 618 1095 610 1094 610 1092 610 1058 619 453 610 452 610 406 621 298 621 279 610 278 610 202 610 202 641 202 671 1138 678 1140 678 1223 671 1547 676 1549 676 1550 676 1581 668 1581 656 1579 619 1520 619 1504 608 1503 608"/></Shape>
            <String CONTENT="erſt auslegte, ſo blieden ſie doch in ihren verkehrten Ginn, und frag⸗"
                    HPOS="202"
                    VPOS="608"
                    WIDTH="1379"
                    HEIGHT="70"
                    WC="0.9851285568305425"></String>
          </TextLine>
          <TextLine ID="eSc_line_622170a1"
                    TAGREFS="LT33"
                    BASELINE="203 691 260 705 324 709 1584 709" 
                    HPOS="202"
                    VPOS="661"
                    WIDTH="1382"
                    HEIGHT="70">
            <Shape><Polygon POINTS="202 718 288 720 309 729 311 729 312 729 671 720 811 720 849 728 850 728 1027 720 1062 729 1064 729 1065 731 1478 731 1478 729 1583 718 1584 709 1583 663 1363 661 1361 661 1311 669 1233 663 1232 663 1231 663 1202 669 1070 661 1069 661 1068 661 1036 671 951 671 826 661 824 661 823 661 822 661 808 671 657 671 640 661 638 661 637 661 593 668 557 661 555 661 390 669 375 663 373 663 372 663 271 668 205 661 203 691 202 718"/></Shape>
            <String CONTENT="en nach keinen Gebott, oder Verbott. Geſchahe alſo, daß ſie zu"
                    HPOS="202"
                    VPOS="661"
                    WIDTH="1382"
                    HEIGHT="70"
                    WC="0.9855780745706251"></String>
          </TextLine>
          <TextLine ID="eSc_line_c0a09664"
                    TAGREFS="LT33"
                    BASELINE="202 744 376 758 1585 755" 
                    HPOS="202"
                    VPOS="710"
                    WIDTH="1383"
                    HEIGHT="60">
            <Shape><Polygon POINTS="1522 710 1520 710 1519 710 1488 722 1373 714 1372 714 1334 722 1308 716 1307 716 1306 716 1304 716 1303 716 1291 724 1108 724 1091 714 1089 714 1088 714 1087 714 1057 722 1015 710 1013 710 1012 710 1011 710 981 718 636 710 634 710 633 710 610 717 591 712 589 712 588 712 587 712 561 722 467 713 466 713 322 722 300 712 298 712 202 710 202 744 202 770 1584 770 1585 755 1581 718 1539 718 1523 710 1522 710"/></Shape>
            <String CONTENT="Hrannau eine neue Kirchen aufdauen wollten, und da ibnen der"
                    HPOS="202"
                    VPOS="710"
                    WIDTH="1383"
                    HEIGHT="60"
                    WC="0.9897053142388662"></String>
          </TextLine>
          <TextLine ID="eSc_line_4377cd15"
                    TAGREFS="LT33"
                    BASELINE="206 797 482 808 1587 808" 
                    HPOS="205"
                    VPOS="758"
                    WIDTH="1382"
                    HEIGHT="66">
            <Shape><Polygon POINTS="206 797 205 816 414 824 415 824 1585 823 1587 808 1584 762 1015 769 992 762 990 762 989 762 812 766 797 759 796 759 795 759 638 767 592 759 591 759 414 767 395 760 394 760 392 760 270 766 206 758 206 797"/></Shape>
            <String CONTENT="Orund manglete, nammen ſie ſelben von dem Benedidiner⸗ Cloſter"
                    HPOS="205"
                    VPOS="758"
                    WIDTH="1382"
                    HEIGHT="66"
                    WC="0.9964886028920451"></String>
          </TextLine>
          <TextLine ID="eSc_line_0491cf14"
                    TAGREFS="LT33"
                    BASELINE="206 841 263 854 377 858 1585 861" 
                    HPOS="205"
                    VPOS="808"
                    WIDTH="1380"
                    HEIGHT="72">
            <Shape><Polygon POINTS="535 809 534 809 532 809 520 818 316 818 207 808 206 841 205 868 292 877 293 879 436 879 436 877 437 877 452 871 735 879 736 879 803 872 835 879 837 879 952 872 1144 880 1145 880 1584 873 1585 861 1583 815 1265 819 1243 812 1242 812 1240 812 1239 812 1225 819 1198 812 1197 812 1195 812 1084 818 1011 811 1009 811 936 818 902 811 901 811 822 818 796 811 795 811 793 811 752 818 736 811 735 811 536 809 535 809"/></Shape>
            <String CONTENT="nt Gewalt, uno baueten nach ihrem Gefahlen, lieſſen den Praͤlaten"
                    HPOS="205"
                    VPOS="808"
                    WIDTH="1380"
                    HEIGHT="72"
                    WC="0.9903670457693247"></String>
          </TextLine>
          <TextLine ID="eSc_line_c25c790c"
                    TAGREFS="LT33"
                    BASELINE="216 899 479 909 1587 905" 
                    HPOS="216"
                    VPOS="865"
                    WIDTH="1371"
                    HEIGHT="56">
            <Shape><Polygon POINTS="216 921 1585 921 1587 905 1583 866 1091 873 1053 865 1051 865 934 873 795 866 793 866 684 873 671 865 669 865 668 865 667 865 607 873 517 865 516 865 362 873 216 868 216 899 216 921"/></Shape>
            <String CONTENT="einen vortreflichen gelehrten Mann, Wolkgangum Selenderum, bor⸗"
                    HPOS="216"
                    VPOS="865"
                    WIDTH="1371"
                    HEIGHT="56"
                    WC="0.9985738680476234"></String>
          </TextLine>
          <TextLine ID="eSc_line_683d60c9"
                    TAGREFS="LT33"
                    BASELINE="202 941 245 951 372 956 1583 958" 
                    HPOS="201"
                    VPOS="910"
                    WIDTH="1382"
                    HEIGHT="65">
            <Shape><Polygon POINTS="201 964 320 974 322 975 520 975 520 974 580 966 656 966 674 974 675 974 676 974 732 966 877 966 895 975 896 975 898 975 899 975 924 967 952 975 954 975 955 975 1024 967 1104 975 1106 975 1167 968 1341 975 1342 975 1344 975 1368 967 1580 974 1583 958 1583 922 1558 914 1557 914 1556 914 1520 921 1382 914 1380 914 1308 921 1160 911 1159 911 1157 911 1138 919 1114 913 1113 913 1111 913 1054 921 1024 911 1023 911 1021 911 1020 911 985 919 940 913 939 913 937 913 936 913 921 922 864 922 839 910 838 910 755 910 754 910 752 910 713 919 619 913 618 913 616 913 588 919 573 913 572 913 570 913 521 919 489 913 487 913 455 919 430 913 429 913 428 913 353 919 342 913 341 913 339 913 203 910 202 941 201 964"/></Shape>
            <String CONTENT="ſero unſers Cloſters Conventualem, und wohl⸗ wuͤrdigen Priorem)"
                    HPOS="201"
                    VPOS="910"
                    WIDTH="1382"
                    HEIGHT="65"
                    WC="0.9985729474869985"></String>
          </TextLine>
          <TextLine ID="eSc_line_e0608159"
                    TAGREFS="LT33"
                    BASELINE="199 990 385 1006 1587 1006" 
                    HPOS="199"
                    VPOS="956"
                    WIDTH="1388"
                    HEIGHT="71">
            <Shape><Polygon POINTS="883 958 326 966 304 958 303 958 199 956 199 990 199 1015 267 1015 292 1024 293 1024 294 1025 413 1025 413 1024 414 1024 415 1024 426 1017 436 1024 437 1024 438 1024 440 1025 589 1025 589 1024 591 1024 611 1016 627 1024 629 1024 630 1024 709 1017 818 1024 819 1024 896 1019 926 1025 928 1025 929 1025 930 1025 964 1017 1183 1025 1185 1027 1484 1027 1484 1025 1524 1019 1539 1025 1541 1025 1542 1025 1585 1016 1587 1006 1585 968 1509 960 1508 960 1384 967 1360 959 1359 959 1357 959 1356 959 1337 967 1273 960 1272 960 1221 967 1144 959 1142 959 1141 959 1110 967 1046 960 1045 960 959 967 884 958 883 958"/></Shape>
            <String CONTENT="proteltiren, und bey dem Koͤnig klagen, den Koͤnig ſchaffen, gebie⸗"
                    HPOS="199"
                    VPOS="956"
                    WIDTH="1388"
                    HEIGHT="71"
                    WC="0.9805886354019393"></String>
          </TextLine>
          <TextLine ID="eSc_line_ff2f118f"
                    TAGREFS="LT33"
                    BASELINE="206 1043 383 1057 1585 1054" 
                    HPOS="206"
                    VPOS="1006"
                    WIDTH="1379"
                    HEIGHT="68">
            <Shape><Polygon POINTS="1163 1008 1156 1008 1142 1008 1129 1008 1115 1008 1102 1008 1088 1008 1074 1008 1061 1008 1047 1008 1034 1008 1020 1008 1007 1008 993 1008 979 1008 966 1008 960 1008 933 1017 890 1009 888 1009 887 1009 886 1009 872 1017 856 1009 854 1009 781 1008 775 1008 762 1008 748 1008 735 1008 721 1008 708 1008 697 1008 626 1019 482 1019 428 1008 422 1008 415 1008 403 1016 380 1011 379 1011 377 1011 315 1017 284 1006 282 1006 206 1006 206 1043 206 1066 725 1073 727 1073 728 1073 755 1066 777 1073 778 1073 780 1073 864 1066 892 1073 894 1073 895 1073 896 1073 898 1073 910 1066 986 1066 1126 1073 1127 1073 1168 1066 1223 1073 1224 1073 1333 1066 1369 1073 1371 1074 1569 1074 1569 1073 1571 1073 1585 1065 1585 1054 1583 1019 1193 1019 1164 1008 1163 1008"/></Shape>
            <String CONTENT="den, und trohen, es halffe aber alles nicht, ſonder von dieſen Oerh"
                    HPOS="206"
                    VPOS="1006"
                    WIDTH="1379"
                    HEIGHT="68"
                    WC="0.9858719519714811"></String>
          </TextLine>
          <TextLine ID="eSc_line_220e86d1"
                    TAGREFS="LT33"
                    BASELINE="203 1087 251 1102 328 1106 1585 1103" 
                    HPOS="203"
                    VPOS="1055"
                    WIDTH="1382"
                    HEIGHT="74">
            <Shape><Polygon POINTS="1431 1055 1429 1055 1401 1064 1267 1055 1266 1055 1114 1065 911 1057 910 1057 909 1057 881 1065 839 1057 838 1057 777 1065 742 1057 740 1057 739 1057 737 1057 736 1057 721 1066 409 1066 206 1057 203 1087 203 1118 313 1118 345 1127 346 1127 347 1127 392 1119 426 1127 428 1127 429 1127 430 1127 432 1127 447 1118 489 1125 490 1125 491 1125 523 1117 572 1125 573 1125 644 1117 701 1127 702 1127 758 1117 867 1126 868 1126 869 1126 883 1121 894 1127 895 1127 896 1127 898 1127 949 1119 971 1127 973 1127 974 1129 1106 1129 1106 1127 1107 1127 1142 1115 1240 1126 1242 1126 1584 1118 1585 1103 1583 1065 1432 1055 1431 1055"/></Shape>
            <String CONTENT="uͤſtunde ein Rebellion, und brachte das gantze Koͤnigreich in hoͤchſtes"
                    HPOS="203"
                    VPOS="1055"
                    WIDTH="1382"
                    HEIGHT="74"
                    WC="0.9850845571974634"></String>
          </TextLine>
          <TextLine ID="eSc_line_111e94d4"
                    TAGREFS="LT33"
                    BASELINE="205 1138 256 1150 369 1152" 
                    HPOS="203"
                    VPOS="1095"
                    WIDTH="166"
                    HEIGHT="76">
            <Shape><Polygon POINTS="288 1104 286 1104 250 1106 209 1095 205 1138 203 1153 290 1171 292 1171 368 1161 369 1152 368 1118 319 1119 289 1104 288 1104"/></Shape>
            <String CONTENT="nheyl."
                    HPOS="203"
                    VPOS="1095"
                    WIDTH="166"
                    HEIGHT="76"
                    WC="0.9977007706960043"></String>
          </TextLine>
          <TextLine ID="eSc_line_ba424e7e"
                    TAGREFS="LT33"
                    BASELINE="305 1208 1587 1205" 
                    HPOS="304"
                    VPOS="1150"
                    WIDTH="1283"
                    HEIGHT="75">
            <Shape><Polygon POINTS="305 1208 305 1218 944 1225 945 1225 947 1225 982 1217 1016 1224 1017 1224 1110 1217 1546 1224 1547 1224 1585 1216 1587 1205 1584 1161 1482 1152 1481 1152 1292 1160 1259 1150 1258 1150 1257 1150 1164 1159 1147 1150 1145 1150 1144 1150 1142 1150 1117 1157 1102 1150 1100 1150 986 1150 985 1150 983 1150 982 1150 968 1160 925 1152 924 1152 875 1163 790 1163 766 1152 765 1152 682 1152 680 1152 679 1152 652 1163 600 1163 549 1152 547 1152 546 1152 519 1160 508 1155 506 1155 505 1155 406 1161 384 1155 383 1155 381 1155 304 1163 305 1208"/></Shape>
            <String CONTENT="Der Proreſtirenden (theils hat mans Correſpondirende ge⸗"
                    HPOS="304"
                    VPOS="1150"
                    WIDTH="1283"
                    HEIGHT="75"
                    WC="0.9924617473568235"></String>
          </TextLine>
          <TextLine ID="eSc_line_6dc23627"
                    TAGREFS="LT33"
                    BASELINE="203 1235 262 1250 400 1258 1587 1258" 
                    HPOS="203"
                    VPOS="1206"
                    WIDTH="1384"
                    HEIGHT="74">
            <Shape><Polygon POINTS="402 1208 342 1216 205 1206 203 1235 203 1266 281 1266 323 1277 324 1277 326 1277 327 1277 356 1266 388 1277 390 1277 391 1277 392 1277 394 1277 404 1270 437 1277 438 1278 640 1278 640 1277 641 1277 668 1267 703 1278 705 1278 706 1278 797 1271 876 1278 877 1278 879 1278 913 1267 979 1275 981 1275 982 1275 1008 1267 1024 1275 1026 1275 1027 1275 1077 1271 1121 1278 1122 1278 1176 1267 1198 1278 1200 1278 1201 1280 1281 1280 1281 1278 1282 1278 1303 1269 1460 1278 1462 1278 1463 1278 1498 1267 1585 1267 1587 1258 1585 1214 1556 1208 1554 1208 1553 1208 1551 1208 1537 1217 1503 1210 1501 1210 1409 1216 1356 1208 1354 1208 1227 1217 1111 1208 1110 1208 1058 1217 1034 1210 1032 1210 1031 1210 920 1217 895 1209 894 1209 892 1209 824 1218 642 1218 619 1210 618 1210 616 1210 475 1216 403 1208 402 1208"/></Shape>
            <String CONTENT="enner) Anſchlag zihlte auf Unruhe und Krieg. Hoffeno Haͤlff und"
                    HPOS="203"
                    VPOS="1206"
                    WIDTH="1384"
                    HEIGHT="74"
                    WC="0.9717268309895954"></String>
          </TextLine>
          <TextLine ID="eSc_line_622721a6"
                    TAGREFS="LT33"
                    BASELINE="214 1296 691 1308 1341 1308 1588 1301" 
                    HPOS="213"
                    VPOS="1255"
                    WIDTH="1375"
                    HEIGHT="75">
            <Shape><Polygon POINTS="926 1259 925 1259 892 1267 797 1261 796 1261 795 1261 770 1267 436 1267 214 1255 214 1296 213 1314 262 1323 263 1323 265 1323 294 1316 449 1323 451 1323 452 1323 467 1316 517 1324 519 1324 607 1318 891 1327 892 1327 1113 1320 1125 1328 1126 1328 1127 1328 1129 1328 1277 1320 1382 1330 1383 1330 1587 1320 1588 1301 1587 1266 1479 1262 1478 1262 1390 1271 1297 1261 1296 1261 1295 1261 1293 1261 1278 1270 1247 1263 1246 1263 1204 1270 1161 1261 1160 1261 1095 1269 1065 1261 1064 1261 928 1259 926 1259"/></Shape>
            <String CONTENT="eyſtand von Heinrico IV. Koͤnig in Franckreich, und Koͤnig in Den⸗"
                    HPOS="213"
                    VPOS="1255"
                    WIDTH="1375"
                    HEIGHT="75"
                    WC="0.9904803805279009"></String>
          </TextLine>
          <TextLine ID="eSc_line_ee6a8f5e"
                    TAGREFS="LT33"
                    BASELINE="207 1337 289 1352 652 1357 1591 1350" 
                    HPOS="207"
                    VPOS="1308"
                    WIDTH="1384"
                    HEIGHT="69">
            <Shape><Polygon POINTS="207 1367 466 1367 585 1377 587 1377 588 1377 625 1368 653 1376 655 1376 656 1376 728 1369 805 1376 807 1376 808 1376 827 1367 852 1376 853 1376 854 1377 1072 1377 1072 1376 1132 1367 1395 1375 1397 1375 1590 1361 1591 1350 1588 1318 1459 1308 1458 1308 1456 1308 1426 1318 1148 1311 1147 1311 1051 1319 1016 1311 1015 1311 1013 1311 951 1320 789 1320 648 1309 646 1309 645 1309 616 1320 577 1312 576 1312 479 1320 429 1311 207 1311 207 1337 207 1367"/></Shape>
            <String CONTENT="emarck; wurden derowegen die Catholiſche zur Verwahrung und De-"
                    HPOS="207"
                    VPOS="1308"
                    WIDTH="1384"
                    HEIGHT="69"
                    WC="0.9976139740338401"></String>
          </TextLine>
          <TextLine ID="eSc_line_b98e1f8f"
                    TAGREFS="LT33"
                    BASELINE="207 1386 266 1396 686 1406 1598 1401" 
                    HPOS="207"
                    VPOS="1356"
                    WIDTH="1391"
                    HEIGHT="68">
            <Shape><Polygon POINTS="831 1357 820 1357 801 1368 657 1368 608 1357 607 1357 606 1357 574 1367 371 1356 369 1356 300 1367 270 1356 269 1356 207 1356 207 1386 207 1414 421 1414 456 1422 457 1422 459 1424 971 1424 971 1422 973 1422 990 1414 1053 1422 1054 1422 1055 1422 1080 1414 1103 1422 1104 1422 1106 1422 1168 1413 1239 1422 1240 1424 1392 1424 1392 1422 1596 1411 1598 1401 1594 1356 1425 1358 1386 1367 1311 1358 1310 1358 1187 1367 1125 1357 1123 1357 1066 1367 967 1360 966 1360 894 1367 833 1356 831 1357"/></Shape>
            <String CONTENT="erlion benoͤthiget, ſich auch zu unterreden, und vorzuſehen, des Ge⸗"
                    HPOS="207"
                    VPOS="1356"
                    WIDTH="1391"
                    HEIGHT="68"
                    WC="0.9970779655610814"></String>
          </TextLine>
          <TextLine ID="eSc_line_7e2347d7"
                    TAGREFS="LT33"
                    BASELINE="203 1441 722 1455 1591 1451" 
                    HPOS="202"
                    VPOS="1403"
                    WIDTH="1389"
                    HEIGHT="70">
            <Shape><Polygon POINTS="203 1441 202 1459 274 1468 275 1468 277 1468 292 1462 341 1468 342 1468 445 1462 477 1470 478 1470 803 1471 804 1473 1027 1473 1027 1471 1028 1471 1030 1471 1043 1463 1111 1471 1113 1471 1194 1463 1236 1473 1238 1473 1239 1473 1270 1464 1417 1464 1469 1473 1470 1473 1590 1464 1591 1451 1590 1413 1414 1407 1413 1407 1367 1415 1303 1409 1301 1409 1300 1409 1278 1415 1231 1409 1229 1409 1228 1409 1202 1415 1074 1406 1073 1406 1027 1414 947 1407 945 1407 944 1407 943 1407 930 1414 581 1407 580 1407 460 1413 203 1403 203 1441"/></Shape>
            <String CONTENT="enrheils Gewaltthaͤtigkeit zu widertreiben; kamen alſo Anno 1609. in"
                    HPOS="202"
                    VPOS="1403"
                    WIDTH="1389"
                    HEIGHT="70"
                    WC="0.9921904627014609"></String>
          </TextLine>
          <TextLine ID="eSc_line_4605e618"
                    TAGREFS="LT33"
                    BASELINE="206 1490 309 1500 687 1504 1592 1501" 
                    HPOS="206"
                    VPOS="1454"
                    WIDTH="1386"
                    HEIGHT="69">
            <Shape><Polygon POINTS="1266 1454 1265 1454 1242 1463 1160 1458 1159 1458 1157 1458 1144 1464 1042 1454 1041 1454 1039 1454 1038 1454 1023 1462 867 1456 865 1456 864 1456 846 1464 767 1458 766 1458 727 1466 490 1466 468 1454 467 1454 466 1454 368 1460 206 1454 206 1490 206 1512 273 1512 301 1521 303 1521 304 1521 368 1513 432 1521 433 1521 434 1521 463 1513 573 1519 574 1519 576 1519 595 1512 675 1521 676 1521 803 1520 804 1520 826 1512 871 1521 872 1521 962 1512 990 1521 992 1521 993 1521 1035 1515 1054 1521 1055 1521 1057 1521 1058 1521 1087 1515 1106 1521 1107 1521 1108 1521 1142 1515 1204 1520 1205 1520 1206 1520 1232 1513 1263 1521 1265 1521 1266 1523 1543 1523 1543 1521 1591 1513 1592 1501 1588 1455 1469 1463 1409 1455 1407 1455 1406 1455 1384 1464 1267 1454 1266 1454"/></Shape>
            <String CONTENT="Aunchen zuſammen. Leopoldns Ertz⸗ HHertzog aus Oeſterreich, Bi⸗"
                    HPOS="206"
                    VPOS="1454"
                    WIDTH="1386"
                    HEIGHT="69"
                    WC="0.9933057001658848"></String>
          </TextLine>
          <TextLine ID="eSc_line_ca13deca"
                    TAGREFS="LT33"
                    BASELINE="206 1535 269 1549 380 1553 1587 1558" 
                    HPOS="205"
                    VPOS="1501"
                    WIDTH="1382"
                    HEIGHT="76">
            <Shape><Polygon POINTS="498 1502 497 1502 466 1512 403 1505 402 1505 320 1512 273 1501 207 1501 206 1535 205 1561 318 1572 319 1572 351 1565 430 1572 432 1572 555 1565 581 1573 583 1573 584 1573 585 1573 611 1565 675 1573 676 1574 819 1574 819 1573 820 1573 837 1566 849 1574 850 1574 852 1574 853 1576 941 1576 941 1574 943 1574 968 1566 1079 1566 1108 1576 1110 1576 1111 1576 1113 1576 1127 1569 1193 1576 1194 1576 1286 1569 1465 1577 1466 1577 1467 1577 1488 1569 1584 1577 1587 1558 1584 1509 1508 1517 1486 1509 1485 1509 1484 1509 1420 1516 1333 1507 1331 1507 1286 1516 1240 1507 1239 1507 1020 1515 944 1505 943 1505 941 1505 915 1516 827 1516 799 1507 797 1507 796 1507 592 1513 500 1502 498 1502"/></Shape>
            <String CONTENT="aoff zu Straßburg und Pafſau; Fulius Biſchoff zu Wuͤrtzburg;"
                    HPOS="205"
                    VPOS="1501"
                    WIDTH="1382"
                    HEIGHT="76"
                    WC="0.9751793056726455"></String>
          </TextLine>
          <TextLine ID="eSc_line_588bef92"
                    TAGREFS="LT33"
                    BASELINE="206 1588 319 1600 486 1603 1590 1604" 
                    HPOS="205"
                    VPOS="1555"
                    WIDTH="1385"
                    HEIGHT="72">
            <Shape><Polygon POINTS="1047 1557 934 1566 910 1558 909 1558 907 1558 906 1558 905 1558 891 1566 835 1560 834 1560 833 1560 818 1568 591 1568 559 1555 558 1555 557 1555 415 1562 343 1555 342 1555 289 1565 206 1555 206 1588 205 1613 350 1621 351 1621 459 1614 490 1623 491 1623 493 1623 494 1623 513 1615 568 1623 569 1623 608 1618 629 1626 630 1626 631 1626 754 1615 778 1626 780 1626 781 1626 782 1626 808 1618 862 1626 864 1626 865 1626 887 1615 954 1617 973 1626 974 1626 975 1626 1133 1617 1155 1627 1156 1627 1157 1627 1518 1625 1588 1615 1590 1604 1588 1568 1550 1560 1549 1560 1547 1560 1546 1560 1532 1568 1492 1561 1490 1561 1489 1561 1465 1569 1201 1569 1178 1560 1176 1560 1175 1560 1111 1565 1049 1557 1047 1557"/></Shape>
            <String CONTENT="bdainrich von Augſpurg; der hieſige Diſchoff irolſgang, Hanns Chri⸗"
                    HPOS="205"
                    VPOS="1555"
                    WIDTH="1385"
                    HEIGHT="72"
                    WC="0.9852223360716407"></String>
          </TextLine>
          <TextLine ID="eSc_line_c111fdae"
                    TAGREFS="LT33"
                    BASELINE="235 1642 346 1652 536 1655 1591 1651" 
                    HPOS="235"
                    VPOS="1607"
                    WIDTH="1356"
                    HEIGHT="67">
            <Shape><Polygon POINTS="235 1668 1392 1674 1394 1674 1590 1664 1591 1651 1587 1614 1159 1618 1129 1607 1127 1607 1126 1607 1028 1618 993 1610 992 1610 990 1610 989 1610 975 1617 955 1607 954 1607 952 1607 906 1615 877 1607 876 1607 875 1607 873 1607 872 1607 860 1615 793 1610 792 1610 790 1610 774 1617 751 1608 750 1608 748 1608 747 1608 718 1617 690 1608 689 1608 687 1608 686 1608 652 1619 614 1608 612 1608 611 1608 610 1608 593 1617 506 1608 505 1608 459 1619 441 1608 440 1608 438 1608 235 1608 235 1642 235 1668"/></Shape>
            <String CONTENT="ph Probſt zu Elwang; Hainrich Abbt zu Kempten; und machten"
                    HPOS="235"
                    VPOS="1607"
                    WIDTH="1356"
                    HEIGHT="67"
                    WC="0.9907505830814098"></String>
          </TextLine>
          <TextLine ID="eSc_line_07decebb"
                    TAGREFS="LT33"
                    BASELINE="209 1683 289 1698 612 1708 1183 1709 1592 1699" 
                    HPOS="209"
                    VPOS="1656"
                    WIDTH="1383"
                    HEIGHT="75">
            <Shape><Polygon POINTS="1590 1663 1148 1667 1118 1660 1117 1660 1115 1660 1041 1667 1023 1659 1021 1659 1020 1659 936 1667 913 1657 911 1657 837 1656 835 1656 782 1665 602 1657 600 1657 599 1657 580 1667 456 1667 402 1657 400 1657 399 1657 377 1665 347 1657 346 1657 345 1657 343 1657 319 1665 297 1656 296 1656 210 1656 209 1683 209 1713 326 1713 358 1721 360 1721 361 1721 362 1721 383 1716 411 1725 413 1725 414 1725 455 1720 501 1729 502 1729 603 1721 650 1729 652 1729 699 1720 718 1729 720 1729 721 1729 842 1723 901 1731 902 1731 971 1723 1013 1731 1015 1731 1084 1723 1320 1731 1322 1731 1323 1731 1350 1716 1591 1713 1592 1699 1590 1663"/></Shape>
            <String CONTENT="n Bund oder Liga, zu deſſen Obriſten aber den HHertog Maximilian"
                    HPOS="209"
                    VPOS="1656"
                    WIDTH="1383"
                    HEIGHT="75"
                    WC="0.9836856806650758"></String>
          </TextLine>
          <TextLine ID="eSc_line_3fa39057"
                    TAGREFS="LT33"
                    BASELINE="202 1731 279 1744 422 1751" 
                    HPOS="199"
                    VPOS="1691"
                    WIDTH="223"
                    HEIGHT="82">
            <Shape><Polygon POINTS="202 1731 199 1748 419 1773 422 1751 422 1717 203 1691 202 1731"/></Shape>
            <String CONTENT="uus Bayrn."
                    HPOS="199"
                    VPOS="1691"
                    WIDTH="223"
                    HEIGHT="82"
                    WC="0.9980061292648316"></String>
          </TextLine>
          <TextLine ID="eSc_line_60b489f9"
                    TAGREFS="LT33"
                    BASELINE="320 1792 527 1805 1594 1801" 
                    HPOS="320"
                    VPOS="1750"
                    WIDTH="1274"
                    HEIGHT="72">
            <Shape><Polygon POINTS="320 1814 1057 1822 1058 1822 1096 1814 1182 1820 1183 1820 1295 1814 1337 1822 1338 1822 1339 1822 1357 1815 1401 1820 1402 1820 1504 1812 1516 1820 1518 1820 1519 1820 1520 1820 1592 1819 1594 1801 1591 1755 1397 1750 1395 1750 1331 1761 1239 1751 1238 1751 1189 1762 1149 1752 1148 1752 1046 1751 1045 1751 990 1763 891 1763 834 1751 717 1751 716 1751 714 1751 689 1763 357 1763 322 1754 320 1792 320 1814"/></Shape>
            <String CONTENT="Anno 1610. moleſtirte sfalsz⸗ Graf Friderich unterſchiedliche"
                    HPOS="320"
                    VPOS="1750"
                    WIDTH="1274"
                    HEIGHT="72"
                    WC="0.9958597753868729"></String>
          </TextLine>
          <TextLine ID="eSc_line_c113a61d"
                    TAGREFS="LT33"
                    BASELINE="205 1838 603 1858 1231 1849 1592 1852" 
                    HPOS="205"
                    VPOS="1797"
                    WIDTH="1387"
                    HEIGHT="76">
            <Shape><Polygon POINTS="1474 1803 1386 1812 1359 1804 1357 1804 1356 1804 1354 1804 1333 1812 1255 1803 1250 1803 1236 1804 1223 1804 1209 1804 1195 1804 1182 1804 1168 1804 1155 1804 1153 1804 1108 1805 1107 1805 1065 1818 994 1805 993 1805 992 1805 949 1818 717 1818 667 1805 665 1805 493 1815 354 1797 205 1797 205 1838 205 1857 315 1857 337 1865 338 1865 339 1865 380 1858 415 1871 417 1871 703 1872 705 1872 1027 1865 1107 1873 1108 1873 1110 1873 1140 1861 1291 1861 1365 1868 1367 1868 1460 1863 1489 1873 1490 1873 1492 1873 1591 1861 1592 1852 1591 1818 1475 1803 1474 1803"/></Shape>
            <String CONTENT="Heiſtliche Furſten, auf Dehortirung aber ſoannis Srricardi Chur⸗"
                    HPOS="205"
                    VPOS="1797"
                    WIDTH="1387"
                    HEIGHT="76"
                    WC="0.9888607561588287"></String>
          </TextLine>
          <TextLine ID="eSc_line_05570062"
                    TAGREFS="LT33"
                    BASELINE="206 1883 585 1909 940 1901 1594 1903" 
                    HPOS="206"
                    VPOS="1845"
                    WIDTH="1388"
                    HEIGHT="84">
            <Shape><Polygon POINTS="697 1857 695 1857 694 1857 664 1864 419 1863 381 1848 380 1848 379 1848 338 1856 206 1845 206 1883 206 1902 256 1902 275 1911 277 1911 278 1911 347 1905 364 1913 365 1913 366 1913 368 1913 385 1906 475 1920 721 1924 722 1924 911 1920 913 1920 932 1913 970 1920 971 1920 1023 1911 1119 1920 1121 1920 1179 1914 1194 1921 1195 1921 1197 1921 1261 1916 1288 1925 1289 1925 1291 1925 1334 1916 1452 1916 1512 1929 1513 1929 1592 1917 1594 1903 1592 1871 1361 1858 1360 1858 1359 1858 1318 1871 1263 1857 1262 1857 1157 1856 1156 1856 1098 1869 1069 1858 1068 1858 1066 1858 1028 1863 1011 1856 1009 1856 1008 1856 945 1868 848 1860 846 1860 712 1864 698 1857 697 1857"/></Shape>
            <String CONTENT="Fuͤrſten von Mayntz, HHertzogs Mazimiliani aus Bayrn, und Catho⸗"
                    HPOS="206"
                    VPOS="1845"
                    WIDTH="1388"
                    HEIGHT="84"
                    WC="0.9844259293749928"></String>
          </TextLine>
          <TextLine ID="eSc_line_01cfdb81"
                    TAGREFS="LT33"
                    BASELINE="216 1933 300 1944 585 1956 1595 1952" 
                    HPOS="216"
                    VPOS="1902"
                    WIDTH="1379"
                    HEIGHT="72">
            <Shape><Polygon POINTS="1152 1902 1084 1913 1050 1902 1049 1902 1047 1902 1046 1902 990 1917 933 1902 932 1902 930 1902 929 1902 913 1909 848 1907 846 1907 845 1907 824 1918 496 1918 453 1902 452 1902 217 1902 216 1933 216 1960 313 1960 331 1967 332 1967 334 1967 493 1960 553 1973 554 1974 780 1974 780 1973 781 1973 796 1966 963 1973 964 1973 1019 1960 1096 1973 1098 1973 1099 1973 1144 1962 1202 1971 1204 1971 1335 1960 1384 1973 1386 1973 1387 1973 1437 1963 1501 1971 1503 1971 1594 1967 1595 1952 1594 1914 1568 1905 1566 1905 1565 1905 1512 1917 1397 1906 1395 1906 1316 1917 1261 1905 1259 1905 1223 1911 1153 1902 1152 1902"/></Shape>
            <String CONTENT="ſchen ſtarcken Armatur, hat er ſich zur Ruhe begeben. Es kunten"
                    HPOS="216"
                    VPOS="1902"
                    WIDTH="1379"
                    HEIGHT="72"
                    WC="0.9943324157169887"></String>
          </TextLine>
          <TextLine ID="eSc_line_b61704e7"
                    TAGREFS="LT33"
                    BASELINE="214 1975 256 1989 316 1996 675 2009 1590 2001" 
                    HPOS="214"
                    VPOS="1952"
                    WIDTH="1376"
                    HEIGHT="75">
            <Shape><Polygon POINTS="1352 1954 1338 1954 1325 1954 1323 1954 1255 1964 1201 1955 1189 1955 1175 1955 1161 1955 1159 1955 1111 1966 1035 1955 1026 1955 1012 1955 1002 1955 951 1967 895 1960 894 1960 892 1960 872 1967 849 1956 848 1956 846 1956 845 1956 800 1969 608 1969 481 1952 468 1952 217 1952 214 1975 214 2012 494 2012 592 2026 593 2027 899 2027 899 2026 989 2016 1038 2026 1039 2026 1113 2013 1155 2020 1156 2020 1200 2013 1227 2024 1228 2024 1229 2026 1325 2026 1325 2024 1326 2024 1346 2016 1380 2024 1382 2024 1383 2026 1513 2026 1513 2024 1588 2012 1590 2001 1585 1963 1450 1966 1428 1958 1426 1958 1425 1958 1424 1958 1395 1966 1352 1954 1352 1954"/></Shape>
            <String CONTENT="Fder andere Proreſtirende die nutzbahre Ruhe, und Frucht⸗beingenden"
                    HPOS="214"
                    VPOS="1952"
                    WIDTH="1376"
                    HEIGHT="75"
                    WC="0.9889469235690672"></String>
          </TextLine>
          <TextLine ID="eSc_line_c573c6f0"
                    TAGREFS="LT33"
                    BASELINE="214 2030 364 2049 684 2061 1592 2047" 
                    HPOS="214"
                    VPOS="2003"
                    WIDTH="1378"
                    HEIGHT="76">
            <Shape><Polygon POINTS="1068 2007 1066 2007 1035 2015 1004 2007 1002 2007 1001 2007 899 2017 777 2011 775 2011 774 2011 759 2019 614 2019 509 2004 497 2004 485 2003 390 2004 388 2004 387 2004 373 2012 353 2004 351 2004 214 2004 214 2030 214 2064 380 2064 415 2073 417 2073 418 2073 419 2073 449 2064 467 2075 468 2075 470 2075 471 2075 531 2064 627 2077 629 2077 630 2077 657 2069 686 2077 687 2077 689 2079 894 2079 894 2077 947 2066 968 2076 970 2076 971 2076 973 2076 992 2069 1066 2076 1068 2076 1069 2076 1103 2068 1127 2076 1129 2076 1130 2076 1193 2065 1212 2075 1213 2075 1214 2076 1373 2076 1373 2075 1375 2075 1376 2075 1388 2068 1492 2070 1493 2070 1494 2070 1516 2061 1572 2065 1573 2065 1575 2065 1592 2055 1592 2047 1591 2015 1554 2005 1553 2005 1551 2005 1513 2013 1356 2007 1354 2007 1353 2007 1325 2015 1069 2007 1068 2007"/></Shape>
            <String CONTENT="ſrieden nicht gedulten. Dahero gabs gleich einen Aufſtand wider die"
                    HPOS="214"
                    VPOS="2003"
                    WIDTH="1378"
                    HEIGHT="76"
                    WC="0.9885637404313729"></String>
          </TextLine>
          <TextLine ID="eSc_line_b45addca"
                    TAGREFS="LT33"
                    BASELINE="217 2079 278 2094 361 2100 744 2111 1216 2108 1592 2092" 
                    HPOS="217"
                    VPOS="2049"
                    WIDTH="1375"
                    HEIGHT="88">
            <Shape><Polygon POINTS="1515 2049 1513 2049 1489 2060 1478 2053 1477 2053 1475 2053 1474 2053 1473 2053 1451 2061 1388 2058 1387 2058 1386 2058 1367 2068 1246 2061 1244 2061 1077 2068 1043 2058 1042 2058 1041 2058 1039 2058 1011 2066 937 2061 936 2061 887 2069 843 2062 842 2062 841 2062 820 2070 634 2070 536 2055 535 2055 470 2064 452 2055 451 2055 449 2055 448 2055 414 2065 381 2053 380 2053 217 2053 217 2079 217 2137 305 2137 305 2136 307 2136 332 2128 413 2136 414 2136 415 2136 437 2125 562 2125 597 2134 599 2134 600 2134 602 2134 622 2125 638 2133 640 2133 641 2133 674 2126 713 2134 714 2136 873 2136 873 2134 949 2123 978 2134 979 2134 981 2134 982 2134 983 2134 997 2126 1156 2133 1157 2133 1159 2133 1160 2133 1174 2125 1227 2130 1228 2130 1299 2122 1373 2130 1375 2130 1417 2122 1452 2132 1454 2132 1455 2132 1456 2132 1481 2121 1592 2121 1592 2092 1590 2058 1516 2049 1515 2049"/></Shape>
            <String CONTENT="izoi ſicͤe zn dach, zn balberſtarr und Prag, alwo rꝛ. Erereiles⸗"
                    HPOS="217"
                    VPOS="2049"
                    WIDTH="1375"
                    HEIGHT="88"
                    WC="0.9392592245712876"></String>
          </TextLine>
          <TextLine ID="eSc_line_30982250"
                    TAGREFS="LT33"
                    BASELINE="1513 2149 1592 2152" 
                    HPOS="1512"
                    VPOS="2111"
                    WIDTH="80"
                    HEIGHT="65">
            <Shape><Polygon POINTS="1512 2167 1590 2176 1592 2152 1592 2114 1515 2111 1513 2149 1512 2167"/></Shape>
            <String CONTENT="ner"
                    HPOS="1512"
                    VPOS="2111"
                    WIDTH="80"
                    HEIGHT="65"
                    WC="0.9999808073043823"></String>
          </TextLine>
          <TextLine ID="eSc_line_397d85bf"
                    TAGREFS="LT33"
                    BASELINE="907 2167 1083 2163" 
                    HPOS="906"
                    VPOS="2117"
                    WIDTH="177"
                    HEIGHT="89">
            <Shape><Polygon POINTS="907 2167 907 2189 985 2191 1008 2206 1009 2206 1011 2206 1012 2206 1083 2201 1083 2163 1079 2122 1034 2125 1026 2118 1026 2117 1024 2117 1023 2117 1021 2117 1020 2117 998 2126 925 2117 924 2117 922 2117 906 2123 907 2167"/></Shape>
            <String CONTENT="Ooe⸗"
                    HPOS="906"
                    VPOS="2117"
                    WIDTH="177"
                    HEIGHT="89"
                    WC="0.9999794960021973"></String>
          </TextLine>
        </TextBlock>
        <TextBlock HPOS="10"
                   VPOS="500"
                   WIDTH="129"
                   HEIGHT="906"
                   ID="eSc_textblock_da6d417a"
                   TAGREFS="BT42">
          <Shape><Polygon POINTS="85 500 139 510 112 603 129 831 112 1254 129 1330 118 1401 43 1406 27 1282 48 1212 27 1184 48 1146 10 983 48 906 16 846 43 770 21 733 54 701 16 694 38 667 16 630 43 612 21 591 43 574 21 527 85 500"/></Shape>
          <TextLine ID="eSc_line_180eb584"
                    TAGREFS="LT33"
                    BASELINE="85 547 97 546" 
                    HPOS="80"
                    VPOS="501"
                    WIDTH="17"
                    HEIGHT="56">
            <Shape><Polygon POINTS="81 501 80 501 85 547 85 555 96 557 97 546 89 501 81 501"/></Shape>
            <String CONTENT=""
                    HPOS="80"
                    VPOS="501"
                    WIDTH="17"
                    HEIGHT="56"
                    WC="0.9996815919876099"></String>
          </TextLine>
          <TextLine ID="eSc_line_5329024e"
                    TAGREFS="LT33"
                    BASELINE="82 595 111 593" 
                    HPOS="78"
                    VPOS="539"
                    WIDTH="33"
                    HEIGHT="68">
            <Shape><Polygon POINTS="93 547 91 542 78 546 82 595 82 607 111 604 111 593 104 539 95 542 93 547"/></Shape>
            <String CONTENT="r."
                    HPOS="78"
                    VPOS="539"
                    WIDTH="33"
                    HEIGHT="68"
                    WC="0.8428124785423279"></String>
          </TextLine>
          <TextLine ID="eSc_line_53d90947"
                    TAGREFS="LT33"
                    BASELINE="51 648 111 645" 
                    HPOS="48"
                    VPOS="604"
                    WIDTH="63"
                    HEIGHT="57">
            <Shape><Polygon POINTS="51 648 51 661 111 653 111 645 108 607 48 604 51 648"/></Shape>
            <String CONTENT="ret,"
                    HPOS="48"
                    VPOS="604"
                    WIDTH="63"
                    HEIGHT="57"
                    WC="0.9999873042106628"></String>
          </TextLine>
          <TextLine ID="eSc_line_db6064fb"
                    TAGREFS="LT33"
                    BASELINE="93 693 106 693" 
                    HPOS="93"
                    VPOS="646"
                    WIDTH="13"
                    HEIGHT="60">
            <Shape><Polygon POINTS="93 646 93 693 93 706 106 705 106 693 106 648 99 646 93 646"/></Shape>
            <String CONTENT=""
                    HPOS="93"
                    VPOS="646"
                    WIDTH="13"
                    HEIGHT="60"
                    WC="0.9978854060173035"></String>
          </TextLine>
          <TextLine ID="eSc_line_e289de13"
                    TAGREFS="LT33"
                    BASELINE="42 746 106 743" 
                    HPOS="39"
                    VPOS="701"
                    WIDTH="67"
                    HEIGHT="59">
            <Shape><Polygon POINTS="39 713 42 746 42 760 104 752 106 743 101 701 39 712 39 713"/></Shape>
            <String CONTENT="ad"
                    HPOS="39"
                    VPOS="701"
                    WIDTH="67"
                    HEIGHT="59"
                    WC="0.9999977350234985"></String>
          </TextLine>
          <TextLine ID="eSc_line_0622b080"
                    TAGREFS="LT33"
                    BASELINE="46 794 108 793" 
                    HPOS="44"
                    VPOS="747"
                    WIDTH="64"
                    HEIGHT="61">
            <Shape><Polygon POINTS="46 794 46 808 107 807 108 793 104 747 44 758 46 794"/></Shape>
            <String CONTENT="zret⸗"
                    HPOS="44"
                    VPOS="747"
                    WIDTH="64"
                    HEIGHT="61"
                    WC="0.850484436750412"></String>
          </TextLine>
          <TextLine ID="eSc_line_82f67c63"
                    TAGREFS="LT33"
                    BASELINE="47 847 101 843" 
                    HPOS="43"
                    VPOS="801"
                    WIDTH="58"
                    HEIGHT="67">
            <Shape><Polygon POINTS="101 843 97 801 43 801 47 847 48 868 101 850 101 843"/></Shape>
            <String CONTENT="rer"
                    HPOS="43"
                    VPOS="801"
                    WIDTH="58"
                    HEIGHT="67"
                    WC="0.9999731779098511"></String>
          </TextLine>
          <TextLine ID="eSc_line_d3e8184f"
                    TAGREFS="LT33"
                    BASELINE="50 894 107 891" 
                    HPOS="47"
                    VPOS="850"
                    WIDTH="60"
                    HEIGHT="67">
            <Shape><Polygon POINTS="50 894 50 910 76 917 77 917 78 917 107 903 107 891 103 850 47 858 50 894"/></Shape>
            <String CONTENT="von"
                    HPOS="47"
                    VPOS="850"
                    WIDTH="60"
                    HEIGHT="67"
                    WC="0.9997182885805765"></String>
          </TextLine>
          <TextLine ID="eSc_line_05925bd0"
                    TAGREFS="LT33"
                    BASELINE="53 944 100 941" 
                    HPOS="50"
                    VPOS="898"
                    WIDTH="50"
                    HEIGHT="62">
            <Shape><Polygon POINTS="53 944 53 960 100 958 100 941 93 898 50 911 53 944"/></Shape>
            <String CONTENT="un"
                    HPOS="50"
                    VPOS="898"
                    WIDTH="50"
                    HEIGHT="62"
                    WC="0.9999819397926331"></String>
          </TextLine>
          <TextLine ID="eSc_line_1f2f4f35"
                    TAGREFS="LT33"
                    BASELINE="16 996 103 989" 
                    HPOS="13"
                    VPOS="951"
                    WIDTH="90"
                    HEIGHT="61">
            <Shape><Polygon POINTS="13 974 16 996 16 1012 103 1002 103 989 96 951 65 960 33 953 32 953 31 953 29 953 20 958 13 974"/></Shape>
            <String CONTENT="Anne"
                    HPOS="13"
                    VPOS="951"
                    WIDTH="90"
                    HEIGHT="61"
                    WC="0.8501885831356049"></String>
          </TextLine>
          <TextLine ID="eSc_line_775b9b70"
                    TAGREFS="LT33"
                    BASELINE="85 1092 96 1092" 
                    HPOS="85"
                    VPOS="1043"
                    WIDTH="11"
                    HEIGHT="64">
            <Shape><Polygon POINTS="85 1092 85 1107 96 1107 96 1092 93 1043 85 1046 85 1092"/></Shape>
            <String CONTENT=""
                    HPOS="85"
                    VPOS="1043"
                    WIDTH="11"
                    HEIGHT="64"
                    WC="0.9991872906684875"></String>
          </TextLine>
          <TextLine ID="eSc_line_e6db3c79"
                    TAGREFS="LT33"
                    BASELINE="53 1337 110 1333" 
                    HPOS="50"
                    VPOS="1296"
                    WIDTH="60"
                    HEIGHT="61">
            <Shape><Polygon POINTS="53 1337 53 1357 110 1348 110 1333 107 1300 92 1296 91 1296 89 1296 88 1296 50 1307 53 1337"/></Shape>
            <String CONTENT="16."
                    HPOS="50"
                    VPOS="1296"
                    WIDTH="60"
                    HEIGHT="61"
                    WC="0.9999798138936361"></String>
          </TextLine>
          <TextLine ID="eSc_line_9272831d"
                    TAGREFS="LT33"
                    BASELINE="43 1391 104 1387" 
                    HPOS="40"
                    VPOS="1342"
                    WIDTH="64"
                    HEIGHT="68">
            <Shape><Polygon POINTS="43 1391 43 1407 104 1410 104 1387 99 1342 40 1353 43 1391"/></Shape>
            <String CONTENT="per⸗"
                    HPOS="40"
                    VPOS="1342"
                    WIDTH="64"
                    HEIGHT="68"
                    WC="0.9994544237852097"></String>
          </TextLine>
        </TextBlock>
        <TextBlock HPOS="603"
                   VPOS="201"
                   WIDTH="504"
                   HEIGHT="232"
                   ID="eSc_textblock_7b53ab42"
                   TAGREFS="BT42">
          <Shape><Polygon POINTS="689 201 1074 211 1107 248 1021 270 971 324 1096 342 1053 347 1074 353 1080 390 906 433 788 433 766 428 781 411 668 395 661 357 603 331 782 308 679 297 641 264 657 217 689 201"/></Shape>
          <TextLine ID="eSc_line_88bf5768"
                    TAGREFS="LT33"
                    BASELINE="682 245 777 256 1021 258" 
                    HPOS="680"
                    VPOS="202"
                    WIDTH="341"
                    HEIGHT="73">
            <Shape><Polygon POINTS="1008 209 994 209 981 209 967 207 954 207 940 207 926 206 913 206 899 206 886 206 872 205 858 205 845 205 831 203 818 203 804 203 790 203 785 202 682 202 682 245 680 260 748 271 750 273 792 273 792 271 793 271 795 271 804 263 826 273 827 273 828 273 830 273 852 264 915 274 917 274 918 274 940 266 966 275 967 275 968 275 1020 270 1021 258 1020 209 1008 209"/></Shape>
            <String CONTENT="21Z (0) 27"
                    HPOS="680"
                    VPOS="202"
                    WIDTH="341"
                    HEIGHT="73"
                    WC="0.9328230768442154"></String>
          </TextLine>
          <TextLine ID="eSc_line_35854ac5"
                    TAGREFS="LT33"
                    BASELINE="686 296 924 296" 
                    HPOS="686"
                    VPOS="259"
                    WIDTH="238"
                    HEIGHT="57">
            <Shape><Polygon POINTS="686 293 686 296 686 311 922 316 924 296 924 269 814 259 812 259 773 267 742 259 740 259 739 259 693 269 686 293"/></Shape>
            <String CONTENT=""
                    HPOS="686"
                    VPOS="259"
                    WIDTH="238"
                    HEIGHT="57"
                    WC="0.945127272605896"></String>
          </TextLine>
          <TextLine ID="eSc_line_738f5211"
                    TAGREFS="LT33"
                    BASELINE="603 343 678 343" 
                    HPOS="603"
                    VPOS="320"
                    WIDTH="75"
                    HEIGHT="44">
            <Shape><Polygon POINTS="671 322 657 323 644 326 630 341 616 337 603 331 603 343 603 360 676 364 678 343 676 320 671 322"/></Shape>
            <String CONTENT="."
                    HPOS="603"
                    VPOS="320"
                    WIDTH="75"
                    HEIGHT="44"
                    WC="0.6582548022270203"></String>
          </TextLine>
          <TextLine ID="eSc_line_3c5c574c"
                    TAGREFS="LT33"
                    BASELINE="694 391 1055 388" 
                    HPOS="693"
                    VPOS="298"
                    WIDTH="362"
                    HEIGHT="119">
            <Shape><Polygon POINTS="1046 335 1032 332 992 332 981 324 978 324 977 322 945 298 944 298 943 298 941 298 940 298 939 298 928 308 906 304 905 304 903 304 902 304 902 305 891 315 828 298 827 298 826 298 824 298 788 312 774 307 774 308 761 309 747 312 733 313 720 315 706 317 693 319 694 391 694 417 1055 411 1055 388 1050 342 1046 335"/></Shape>
            <String CONTENT="Incidentia."
                    HPOS="693"
                    VPOS="298"
                    WIDTH="362"
                    HEIGHT="119"
                    WC="0.9845558513294567"></String>
          </TextLine>
        </TextBlock>
        <TextBlock HPOS="1473"
                   VPOS="211"
                   WIDTH="123"
                   HEIGHT="53"
                   ID="eSc_textblock_6cf5605f"
                   TAGREFS="BT42">
          <Shape><Polygon POINTS="1511 211 1580 211 1596 264 1473 264 1489 217 1511 211"/></Shape>
          <TextLine ID="eSc_line_b492767b"
                    TAGREFS="LT33"
                    BASELINE="1498 259 1584 258" 
                    HPOS="1497"
                    VPOS="213"
                    WIDTH="87"
                    HEIGHT="64">
            <Shape><Polygon POINTS="1579 216 1569 213 1497 213 1497 214 1498 259 1498 267 1528 277 1530 277 1531 277 1584 267 1584 258 1580 224 1579 216"/></Shape>
            <String CONTENT="177"
                    HPOS="1497"
                    VPOS="213"
                    WIDTH="87"
                    HEIGHT="64"
                    WC="0.9999804496765137"></String>
          </TextLine>
        </TextBlock>
        <TextBlock HPOS="59"
                   VPOS="1744"
                   WIDTH="10"
                   HEIGHT="10"
                   ID="eSc_textblock_635378d0"
                   TAGREFS="BT42">
          <Shape><Polygon POINTS="63 1744 63 1748 69 1754 59 1754 63 1744"/></Shape>
          <TextLine ID="eSc_line_189e5b24"
                    TAGREFS="LT33"
                    BASELINE="54 1751 70 1751" 
                    HPOS="54"
                    VPOS="1721"
                    WIDTH="16"
                    HEIGHT="57">
            <Shape><Polygon POINTS="67 1750 66 1724 54 1721 54 1751 54 1774 69 1778 70 1751 70 1725 67 1724 67 1750"/></Shape>
            <String CONTENT=""
                    HPOS="54"
                    VPOS="1721"
                    WIDTH="16"
                    HEIGHT="57"
                    WC="0.9999926090240479"></String>
          </TextLine>
        </TextBlock>
        <TextBlock HPOS="32"
                   VPOS="1810"
                   WIDTH="86"
                   HEIGHT="286"
                   ID="eSc_textblock_84ed4e86"
                   TAGREFS="BT42">
          <Shape><Polygon POINTS="58 1810 118 1815 101 2096 43 2058 59 1891 32 1831 58 1810"/></Shape>
          <TextLine ID="eSc_line_0dd55181"
                    TAGREFS="LT33"
                    BASELINE="48 1839 107 1835" 
                    HPOS="46"
                    VPOS="1810"
                    WIDTH="61"
                    HEIGHT="46">
            <Shape><Polygon POINTS="100 1812 86 1812 73 1811 59 1810 46 1818 48 1839 48 1856 107 1856 107 1835 103 1812 100 1812"/></Shape>
            <String CONTENT="Tit-"
                    HPOS="46"
                    VPOS="1810"
                    WIDTH="61"
                    HEIGHT="46"
                    WC="0.9985874444246292"></String>
          </TextLine>
          <TextLine ID="eSc_line_104211ac"
                    TAGREFS="LT33"
                    BASELINE="62 1883 103 1879" 
                    HPOS="58"
                    VPOS="1850"
                    WIDTH="45"
                    HEIGHT="47">
            <Shape><Polygon POINTS="62 1883 62 1897 103 1890 103 1879 97 1850 58 1853 62 1883"/></Shape>
            <String CONTENT="der⸗"
                    HPOS="58"
                    VPOS="1850"
                    WIDTH="45"
                    HEIGHT="47"
                    WC="0.9999797344207764"></String>
          </TextLine>
          <TextLine ID="eSc_line_c1ee9121"
                    TAGREFS="LT33"
                    BASELINE="55 1920 104 1914" 
                    HPOS="54"
                    VPOS="1886"
                    WIDTH="50"
                    HEIGHT="50">
            <Shape><Polygon POINTS="54 1909 55 1920 57 1936 104 1929 104 1914 100 1886 61 1892 54 1909"/></Shape>
            <String CONTENT="mei"
                    HPOS="54"
                    VPOS="1886"
                    WIDTH="50"
                    HEIGHT="50"
                    WC="0.999962329864502"></String>
          </TextLine>
          <TextLine ID="eSc_line_aa5985d5"
                    TAGREFS="LT33"
                    BASELINE="48 1956 107 1948" 
                    HPOS="43"
                    VPOS="1921"
                    WIDTH="65"
                    HEIGHT="50">
            <Shape><Polygon POINTS="48 1956 50 1971 108 1964 107 1948 100 1921 43 1926 48 1956"/></Shape>
            <String CONTENT="enerl"
                    HPOS="43"
                    VPOS="1921"
                    WIDTH="65"
                    HEIGHT="50"
                    WC="0.9191357016563415"></String>
          </TextLine>
          <TextLine ID="eSc_line_c278fc7a"
                    TAGREFS="LT33"
                    BASELINE="44 2028 93 2027" 
                    HPOS="43"
                    VPOS="1994"
                    WIDTH="50"
                    HEIGHT="51">
            <Shape><Polygon POINTS="43 2016 44 2028 44 2045 93 2038 93 2027 89 1994 46 2000 43 2016"/></Shape>
            <String CONTENT="har⸗"
                    HPOS="43"
                    VPOS="1994"
                    WIDTH="50"
                    HEIGHT="51"
                    WC="0.9252645075321198"></String>
          </TextLine>
          <TextLine ID="eSc_line_f8cdd20b"
                    TAGREFS="LT33"
                    BASELINE="76 2057 96 2054" 
                    HPOS="72"
                    VPOS="2034"
                    WIDTH="25"
                    HEIGHT="39">
            <Shape><Polygon POINTS="76 2057 77 2073 97 2070 96 2054 91 2034 72 2035 76 2057"/></Shape>
            <String CONTENT="r"
                    HPOS="72"
                    VPOS="2034"
                    WIDTH="25"
                    HEIGHT="39"
                    WC="0.9999698400497437"></String>
          </TextLine>
          <TextLine ID="eSc_line_930abb19"
                    TAGREFS="LT33"
                    BASELINE="55 2060 62 2060" 
                    HPOS="55"
                    VPOS="2035"
                    WIDTH="7"
                    HEIGHT="44">
            <Shape><Polygon POINTS="55 2060 55 2079 62 2079 62 2060 61 2035 55 2035 55 2060"/></Shape>
            <String CONTENT=""
                    HPOS="55"
                    VPOS="2035"
                    WIDTH="7"
                    HEIGHT="44"
                    WC="0.9999918937683105"></String>
          </TextLine>
        </TextBlock>
        <TextBlock HPOS="565"
                   VPOS="331"
                   WIDTH="9"
                   HEIGHT="4"
                   ID="eSc_textblock_54548b83"
                   TAGREFS="BT42">
          <Shape><Polygon POINTS="569 331 574 331 574 335 565 335 569 331"/></Shape>
        </TextBlock>
        <TextBlock HPOS="43"
                   VPOS="1570"
                   WIDTH="42"
                   HEIGHT="15"
                   ID="eSc_textblock_de44978a"
                   TAGREFS="BT42">
          <Shape><Polygon POINTS="47 1570 85 1576 85 1585 43 1585 47 1570"/></Shape>
        </TextBlock>
        <TextBlock HPOS="978"
                   VPOS="423"
                   WIDTH="4"
                   HEIGHT="5"
                   ID="eSc_textblock_602fa1fa"
                   TAGREFS="BT42">
          <Shape><Polygon POINTS="982 425 982 428 978 428 978 423 982 425"/></Shape>
        </TextBlock>
      </PrintSpace>
    </Page>
  </Layout>
</alto>
