1978 2546
410 271 97 72 121

938 277 353 78 198 (0) Zbs

404 328 1408 82 von Haus aus beſucht; und wann er zu fruhe in die Metten kommen⸗

403 380 1405 85 in dem noch vorhandenen ſteineren Geſſel vor der Kirchen⸗ Thuͤr ge⸗

404 431 1408 88 raſtet. Dieſen Fleiß und Eyffer begnadete GOtt mit vier frommen

400 486 1411 76 und gottſeeligen Kindern, als Heinrico, den S. Wolkgang aus der Fauff

400 540 1406 78 gehebt, und hernach Kayſer worden; Brunone Giſalà, und Brigit⸗

403 591 1403 75 taͤ, ( von denen an dreyzehenden Capitel mehr gemeldt worden) wel⸗

400 637 1403 84 che Kinder ihr frommer Vatter ( dann alſo wurd er dazumahl ge⸗

401 691 1402 75 nannt: Pius) in aller Heiligkeit ( worzu ſonderbar S. Woilgang ge⸗

398 741 1403 80 holffen) auferzogen, und einen Vor⸗Geſchmack faſt Himmliſchen Freu⸗

396 789 1409 87 den an deme gehabt, daß ſeine Kinder die GOttes⸗Forcht, und was

393 843 891 76 demſelben lieb war, ſo willig angenommen.

526 903 1276 82 Dieſer Hertzog Heinrich iſt billich unter unſere Gutthaͤter u

390 953 1409 95 deblen, als der den Cloſter etiiche Unterthanen in der Hoffmarckt A⸗

394 1001 382 75 kerhofen verehrt. (

526 1065 1277 89 Man nennte ihn auch Rizolum, oder den Zancker; die urſach

379 1123 1417 86 ſolle unten im vier und dreybigſten Capitel mit mehrern beſchriebei

380 1173 1416 88 werden. Nachdeme er aber ſeine Taͤg wohl erlebt, iſt er ein Fah⸗

384 1227 1411 81 nach St. Wolfgang als 195. erkranckt, hat ſeinen Sohn Heinricur

382 1275 1413 84 eylends beruffen, und mit folgenden Worten zugeſprochen: Mein

384 1325 1410 79 Sohnl ich hab vor dieſem dem Koͤnig Ortoni, mit meinem groſfenl

383 1372 1406 83 Schaden und Spott mich widerſetzt. Gleichwie ich vor dieſem geſuͤcht

380 1427 1401 82 habe ſolches werckſtellig zu machen, alſo wunſche ich jetzt, datz nit ge

380 1480 1406 81 ſchehen waͤre. Lehrne von mir nichts zu thun, daß dich hernach reue⸗

377 1538 1412 74 ſolte. Es iſt weder deinem Vatter noch Anherrn zu Gutem kommen⸗

373 1578 1395 82 daß ſie mit Ortone um die Regierung geſtritten, hute dich, daß o

380 1625 1390 87 dich ol⸗ der De tte mit dem dritten Ortone nit verfalleſt. In GO.

372 1673 1400 90 tes nd ſeyn di Koͤnigreich, von deme muß mans empfangen, un

369 1727 1403 94 wider ſinen Wen nit erzwingen Hiich ſolle man ein Reich an.

536 1775 141 83 ſen⸗

1695 1787 87 71 neh⸗

407 1943 1364 72 () Celentinur Abt kat ſch genrer, da er ſhredet daß dueſer HENnIcus der Zwey

435 1985 1342 75 Hertog dem heiugem Emneramo amge Unterchanen in der Hoffmarœ Aytterhofen verehr

434 2031 1327 72 habe. Solches hat gerhan Heuricur I. und ſeine Gemahlin luditba Wie ſolchrs unſer A.

434 2065 1343 72 noldus Monachus &c. 1d. 2. de Miraculir S. Ermerami erzeblet. Deſtehe Harnage ton

432 2106 1326 65 IIL. pag. 117. Es erheler auch tlar aus dem Diplomate Henrici Pi lmperatorie Anno r0-

430 2148 1222 58 da dieſer Kapſer ſolche Donation deſtaͤtnget, indeme er ſaget: DOuam l donationem,

428 2179 1334 77 noſter pir recordntionis Dur Heinricus eidem ennobis uneꝛ conrilit. Deute das Di

431 2223 429 83 vo in Eranr duſer Ordr.
