1566 2270
576 90 53 63 cs

637 85 57 73 12

71 98 96 59 206

760 90 210 73 6) Etz

71 133 1386 88 ren Kriegs⸗Bedurfftigkeiten, Durch⸗Zug, Muſter⸗PPlat, oder an⸗

68 197 1385 74 derer Weis dienen, oder helffen, ſonder ſchuldig ſeyn ſolle, ſeine wiß

70 247 1381 73 Liche geheime Anſchlaͤg, oder die Transgrellores, dero Majeſtaͤt ze

70 292 1377 76 notificiren, oder wo moͤglich zu verhinderen. Den 9. Novembri

70 337 1374 85 iſr wieder ein Kayſerliches Decrer ausgangen, daß man dem Schwe

69 387 602 72 Diſchen Einbruch wehren ſolle.

211 435 1237 82 Nan hoffte, es wurde der Koͤnig in Schteden, don deſſer

68 481 1297 82 Kriegs⸗Preparatur man gute Nachricht hatte, ehender zu HHaus

1371 486 67 65 blei

64 538 1379 76 Den, wann man das Hertzogthum Techlburg dem von Zridland,

65 585 1381 73 Der wegen ſeines Hochmuts bey allen Reichs⸗ Fuͤrſten odios war⸗

63 631 1375 80 wurde nemmen, und denen alten Hertzogen wieder einraumen; unt

61 681 1376 79 Das kunte deſto leichter geſchehen, wann der Kayſer von Fridlaͤnde.

61 725 1372 80 das mißgebrauchte Generalat nemmen werde. Es geſchah, und tegt

61 770 1377 85 der von Fridland die Waffen gedultig bon ſich, aber kechlburs

60 822 1368 79 vertangte er zu behalten. Das obriſte und voͤllige Guberno uber dl

61 871 1373 79 Kayſerliche Armee bekame der General Tillins. Rarius Poͤyſtliche

61 921 1368 76 Nuntins, und Carolus Aurea, Legat des Koͤnigs in Hiſpanien, con

58 963 1378 86 ferirten unwiſſend des Kayſers mit denen Chur⸗Fuͤrſten um Erruͤſung

56 1016 1373 81 eines Roͤmiſchen Koͤnigs, allweilen man aber deßwegen dieſe Zuſan

56 1065 1373 77 menkunfft nicht angeſtellet, und deren abweſenden Chur⸗ Fuͤrſten Le

59 1112 1368 81 zati darauf nicht inſtruiret waren, hat man ſolche Wahl auf ein au

56 1158 433 65 dere Zeit verſchoben.

190 1204 1243 87 Ein End machte gleichwohl dieſem Reichs⸗Tag die Eroͤnuns

51 1247 1369 98 der Kayſerin Elconora, ſo den 12. Detober mit groſſem Pomp un

50 1302 467 72 Ceremonien geſchehen.

188 1350 1230 81 Es hieiten die Patres Reſormati Ord. S. Francilei bey dem Fas

54 1391 1365 95 ſer an, das ihnen erlaubt moͤchte werden, allhie ein Cloſter zu bauen.

51 1446 1332 87 das erlangten ſie bald, auch durch Intercelſion des Chur⸗FFurſten

49 1490 1361 87 Bayrn Marimtiani bey hieſigem Biſchoff Alberto. Ihr erſtes Do

49 1539 1374 86 micilium war ein Domb⸗HHerꝛn⸗HHoſ, die Kirch aber bey s. Cadian,

47 1587 1265 91 bis man ein Platz und Mittel haben kunte, ihnen was zu bauen.

1342 1604 70 58 An-

50 1635 1288 91 no 1652. giengs ihnen wie anderen Geiſtlichen, und muͤßten aus

1345 1639 75 72 die

56 1682 1266 93 Stadt ranmen, kamen aber nach Eroberung der Stadt wieder

1354 1696 65 58 be⸗

51 1730 1367 97 wohnten abermahl eines Domb⸗ Herins Hof, und brauchten vorige

46 1775 179 77 Kirchen.

185 1813 1229 110 Der eptferige Biſchoff Abreche alhie bediente ſich des Kayſer

49 1877 1347 128 un ha as, und norine ben den Fantet mer bieſior Gtzc;

1255 1950 154 60 ſtirutio
