1918 2545
305 231 95 68 168

806 231 394 70 a8SZ (O) Tbg--

308 288 1399 73 Graͤfin von Sternberg ein Krancken⸗Hauß, unter dem Titul und

309 339 1218 72 Nahmen St. Joſephi fuͤr arme erkranckre Ehehalten gebaut.

442 394 1261 68 Obangeregter Anlprandus erhielte von Theodoberto HHuͤlff wi⸗

306 442 1398 74 der Aribertum ſonſten gar erfahrnen Kriegs⸗Mann; der ſich dann un

308 501 1397 64 erſchrocken in eine Schlacht⸗Ordnung richtete; der Streitt gieng an⸗

305 544 1392 73 und ſchlagten ſich mit einander lang, biß die eingefallene Nacht Feo⸗

304 598 1400 69 abend bdiettete. Noch wuſte niemand, wer das Spiel gewunnen⸗

304 650 1391 66 Ariberrus haͤtte das Feld erhalten, wann ihme nt GOtt, der das un

304 698 1401 73 ſchuldige Blut Luitperri rechen wolte, den Compas verruckt, in Forch

304 749 1396 72 und Flucht gebracht haͤtte. Dieſer gieng gegen Franckreich; erſon

304 804 1386 72 aber in einem Waſſer⸗ Fluß, darzu das mehrift geholffen die Schwo

304 853 751 70 re des Gelos, ſo er mit ſich gefuͤhret.

441 903 1259 69 Es waren nun 126. Jahr, daß die von Garibaldo Fuͤrſten 1

302 954 1392 71 Bayrn herruͤhrende Hertzogen das Koͤnigreich der Longobarder verwal

304 1005 1391 72 teten. Nachdeme nun Anlprandus durch Bayriſche HHuͤlff gedachte.

302 1059 1388 72 Koͤnigreich erobert, hat ihms der Todt gleich nach 2. Monarhen w)

299 1111 1396 68 der genommen. Luitprando aber ſeinem Sohn, der dem Vatrter al⸗

298 1160 1396 71 zeit treulich deygeſtanden, eingeraumt. Luirprand erkennete die Bab

299 1211 1396 68 riſche HHulff, und nahm zur Ehe Theodoberri Tochter Guntradam

301 1265 795 59 worvon er ein einige Tochter erworben.

455 1305 1238 74 O Nach Theodobertri Todt bekame das Land Bayrn Theode

302 1358 1374 70 V. ein Sohn Grimoaldi, der ein Bruder Theodoberti war. Diel

301 1412 1334 75 iſt geweſt ein andaͤchtiger Fuͤrſt, und unter den Hertzogen in B.

299 1466 1381 72 der erſte, der die heilige Apoſtel Petrum und Paulum zu Rom de.

298 1518 1382 71 Erempel der Koͤnigen in Grob⸗Britanien nach, beſuchte, und verebs.

297 1570 1309 57 te. Bekam 2. Goͤhn Grimoaldum, Theodobaldum, und Hu;

1611 1552 69 62 ber

301 1613 1271 72 tum. Er vertheilte das Land in a. Theil, behielt einen fuͤr ſich.

1653 1597 33 69 1

299 1664 672 70 gab die 2. andere ſeinen Soͤhnen.

437 1712 1151 79 Anno 722. reiſete Theododald Kirchfahrten nacher Rom.

1625 1692 69 79 zn⸗

301 1768 1291 71 mittelſt ſlele ihme ſein Bruder Grimoald in das Land, und zo

304 1819 1332 72 Gewalt an ſich. Ja ſo gar nach Theodobaldi Todt gebraucht er

302 1870 1317 82 ſes ſeines Bruders hinterlaſſene Wittid Pilitrudem aus Franckre.

1831 288 82 66 ſein.

1835 343 77 62 derl

1838 391 71 69 es

1837 446 72 58 gebe

1848 490 37 68 0

1838 537 61 59 nr-

1835 591 61 63 der

1840 640 61 72 nen

1843 698 59 62 aul

1837 746 58 72 ind

1833 831 69 82 wie

1834 896 64 64 und

1830 945 54 73 zu

1838 996 68 64 on

1835 1044 71 70 zern

1838 1149 53 64 en

1840 1193 42 71 Re

1838 1295 57 76 en.

1845 1394 29 65 .

1843 1449 59 66 em

1831 1497 67 71 uus

1837 1552 55 66 ac

1833 1651 63 64 ige

1827 1696 55 58 er

1834 1741 75 74 Bar

1834 1804 45 58 no

1622 2045 75 47 œen

333 2079 1251 58 (7) Eiche, was oben pag. 1). & 116. von denen Dayriſchen Hertzogen gemeider worden.

1643 2082 44 55 gel

1587 2092 42 65 ⸗

369 2113 1216 57 Thcorlone II. nnd ſeinen Soͤhnen. Item von denen anderen Hernogen, ſo auf dreſelde

1618 2119 70 62 veid

360 2147 1248 64 Atdr Cœleſtinus ſolget mn dueſer ſemer Erzehlung/ verſchiedenen Dayniſchen Seridenten⸗

363 2194 710 61 ater die Ordnung deren Herz ogen verwuͤkrer haben-

1831 1893 45 79 u
