1923 2446
769 173 352 71 2Z (0) Lùg-

426 231 748 69 Wens dich on Mackel ſingen ſeind

417 285 708 68 Allain der Judiſch ſtincket Feynot

471 337 722 65 Vnd auch der Chriſten ein Parthey

460 392 753 61 Sagt dich allain der Gundt nit frey

417 436 1033 68 Aarons Ruth die Mandel trug

418 493 1038 55 O arme Creatur nun lug

466 536 757 61 Als die on Erden fruchpar war

462 587 721 61 Alſo on Man die Junckfraw gbar

419 638 809 65 In deiner Perſon die Weyshait redt

418 694 1044 62 Ee Perg vnd Tall ſeyn Namen het

466 746 940 55 Do was ich ſchon bey Got geporn.

466 790 811 70 Darumb du die Gnad nit haſt verlorn

418 841 768 62 Do Eua das Gepot yber trat

419 891 778 65 Wann es kam nur allain der Schat

474 938 668 67 In ir Geſchlecht daß von ir kam-

464 986 602 67 Maria die Sundt nit annam

346 1035 764 71 S. O Got was Eer wil der erlangen

410 1085 730 70 Der das ſagt daß ſie ſey empfangen

462 1136 746 70 In der Erbſundt die Junckfraw klar

453 1194 733 67 Das red nur keynr, es iſt nit war

411 1236 500 69 Marie Lob iſt maniafalt

407 1282 782 78 Reyn rechter Chriſt macht es vngeſtalt

368 1337 738 70 Noch wider dich Maria greyndr

1401 1308 83 61 .

351 1380 930 76 Es ſey dann die Zuden vnd dein Feyndt

356 1432 792 70 S. O Funckfraw rayn, ich yez auffhoͤr

415 1481 700 66 Gib allen Menſchen ſelber Leer

463 1538 673 64 Daß ſy Got loben vnd auch dich

468 1583 696 73 Vnd auff vnns arme Sunder ſich

415 1633 548 71 Erwelt von trifeltigen Rat

414 1685 590 74 Maria zart beſchuz dyſe Etat

460 1739 779 71 Ein weyſen Narh ein ſrumme Gmayn

466 1793 744 68 Ich pit dich auch O Funckfraw rayn

418 1838 727 80 Fur Docor Balrhaler deinen Knecht

407 1891 625 75 Der ve; iſt ſtreyten alſo recht,

466 1929 740 87 Ader dein Fevnd ein Goͤllich Ding

460 1993 730 82 Im Kron vnd Palm zuwegen dring

1459 2049 167 76 S. Auch

1558 180 71 76 ,27
