1939 2441
413 162 83 61 326

909 168 422 74 2s (0) 229.-

407 212 1394 98 dem Weyh⸗Sanct Peters⸗Thor (iſt jetzt ein Acker, unſerem Elo⸗

405 268 1395 94 ſter gehoͤrig) auf den Boden gelegt, uͤbder die 1000. Grab⸗ Stein

401 321 1396 89 aufgehebt, und die mehriſte hernach zu unſer lieben Frauen, der gans

405 372 1384 89 ſchoͤnen Haria appliciret. Ihr Heylthum haben ſie mit klaͤglichen Ge

405 423 1387 88 ſang heraus getragen, unter welchen fuͤrnehmlich geweſen ein Stua

404 467 1350 97 von der ſteinern Taffel, welche Moyſes zerworffen. Ei Brief,

401 518 1381 94 die Juden zu Jeruſalem denen hieſigen geſchrieden, in dem Jahr, d

398 572 1391 89 Chriſtus gecreutziget ward, und darinn ſich zu erfreuen angemahnel,

398 625 1359 88 daß ſie Feſum, Joſephi eines Zimmermanns Sohn, welcher ihr C

400 673 1366 90 ſatz umſtoſſen wollte, und ihnen gantz zuwider war, gegeislet, n

396 725 1384 87 Doͤrnern gecroͤnet, verſpeyt, und gecreutziget hatten, ward alſo dai

402 772 1367 91 gantze Leyden Chriſti in dieſem Brief ausfuͤhrlich beſchrieben. Die G

396 824 1376 87 ſchirꝛ, und was ſie in der Svnagog gebraucht, wie auch alle Ctuͤhl

393 873 1375 88 damit ſelbe von denen Voͤlckern (Chriſten) nicht prophanirer wu

389 923 1387 91 den, haben ſie verwuͤſt. Sobald die Svnagog zerſtoͤhret war, haͤ

389 975 1372 89 man aus Anſtellung des allhieſig Hochfuͤrſtlichen Hoch⸗Stiffts Adm

393 1026 1370 90 niſtratoris HHerꝛn ſoannis III. Pfaltz⸗ Grafen und Hertzogens.

389 1080 1322 84 Bayrn ꝛc. ein kleine hiltzene Capellen in unſer lieben Frauen Ehr,

1739 1094 24 50 1

390 1126 1376 89 ſelbiges Orth gebauet, zu welcher erſtlich die Innwohner, dann aue

390 1174 1373 92 die Auslaͤndiſche, ein groſſe Andacht bekommen, beſonder weil glen⸗

386 1227 1344 88 denckwuͤrdige, und groſſe Wunder⸗ Zeichen allda geſchehen, ma

386 1278 1373 88 dann von ſolchen Miraculis ein Ehrſamer Rath allhie(die nur Ans

385 1330 1312 87 1721. und 3. Monath im folgendem Jahr ſich begeben, und wie,

382 1380 1307 88 ſen, wohl eraminiret, und fuͤr glaubhafftig ertennet worden,

382 1429 1315 92 zimliches Traͤctatel in Druck geben; aus dieſen erfolgte daß ſia

1720 1434 43 57 oi

379 1478 1378 93 Kirchfahrt alſo vermehrt, daß offt auf einmahl Foooo. Kirchfabne

381 1535 1306 86 hie geweſen, und manche Procetlion von 20. Meil Weegs her

1702 1541 34 55 i

375 1579 1326 90 men, aus dem groſſen Gut, ſo nun dahin geopfert wurde, hat mai

1709 1579 50 64 dii

381 1632 1380 84 ſchoͤne Kirch der ſchoͤnen Waria (jetzt der Augſpurgiſchen Conkellio,

374 1684 1285 85 zugethane neue Pfarꝛ genannt) erdauet, warum mans aber zu

378 1733 1239 88 nen HHaria genannt, iſt die Urſach, allweilen die Mutter

1693 1773 65 68 eaut

371 1785 1284 87 von denen Zuden allda unaufhoͤrlich geſchaͤndt, und fuͤr kein Jus

373 1829 1256 93 nach der Empfaͤngnuß und Geburt, gehalten worden. Die;

370 1883 1286 86 lein als Martnrer ſeynd in dieſe neue Kirchen transſerirer, und

1654 1872 107 79 denet

1730 1920 32 62 8

375 1935 1250 82 Catholiſchen Chriſten zu verehren vorgeſtellet, auch um das

370 1982 1358 90 Margarerhe 1519. iſt das Fundament dieſer Kirchen zu legen au

1896 208 24 88 f
