1566 2270
60 146 98 50 So0

556 136 397 69 ad (0) 259.

58 181 1394 83 erſte Thenl der Schluͤſfel iſt, die GOtt der Her⸗, wie oben ſteher,

60 235 1393 75 der Kirchen Dieneren, fuͤr die Vußfertigen befolchen har, uemlich die

63 287 1354 74 Adſolution und Entbundung, oder Vergebung deren Gunden. (H

196 340 1253 81 Zum anderen, ſo iſt ſie gut, daß man darinn die rohen unbut⸗

76 395 1375 76 ertigen Gewiſſen erlehrnet, und die ſelbe als unwuͤrdig von des Heril

68 443 1383 79 Abendmahl ausſchlieſſen moͤge, welche Erfahrung ſonſten ſo wohl nichi

69 496 1310 75 geſchehen kan, und dieſes iſt der andere Theil der Schlaͤfſel, fuͤt

1386 476 68 72 die

70 544 1371 80 Unbußfertigen, nem ich die Bundung und Behaltung deren Suͤnt

71 607 180 63 den. (1)

211 646 1238 81 Zum dritten, daß man dle jentge Menſchen, ſo des Gebrauchi

73 701 1378 78 dieſes heiligen Sacraments und Abendmahls (wie auch, wenn el

75 749 1376 75 nutze oder ſchaͤdlich ſeye) durch kein ander Mittel deſſelden, ehe und

74 798 1377 74 bas, unterweiſen oder terichten kan, dann eben in dieſer heimlichei

73 848 1375 76 Beicht, darinn der Kirchen⸗Diener leichlich vernimmet, woran e

75 901 1035 68 einem jeden manglet, und wie ihme zu helffen ſeye.

213 945 1241 76 Zum vierdten, daß auch billich einem jeden Gottsfoͤrchtiget

82 997 1366 77 Pfarrer oder Kirchen⸗Diener zum hoͤchſten beſchwaͤrlich iſt, und er

80 1040 1372 83 ſchroͤctlich ſeyn ſolle, die jenige die er ſperſen wird, ohn borgehente Er

83 1094 1370 78 forſchung ihrer Geſchicklichkeit oder Ungeſchicklichkeit, ſolch Hoehwuͤr

80 1148 1369 76 dig Sacrament zu reichen, und obwohlen etlich hoffaͤrtige Geiſter ge

80 1193 1358 74 funden werden moͤgen, die ſich ſo fromm und weiß deduncken, daß

82 1240 1371 84 dieſem Bericht, Beicht und Troſts nicht bedaͤrffen, ſondern ſich ſelbl

1333 1293 130 67 gennis.

127 1452 1340 63 (n) Her geſchehr Meloung, von der Abſolntien, uns Vergebung deren eunden, welches der

160 1493 1305 56 Erſte Theil deren Schluͤſſeln iſt, ſo GOtt denen Kirchen⸗Dienern gegeben. Dle⸗

156 1532 1307 55 ſes tt gnt Catholiſch Ob aber tie Herren Lurheraner anſego das zenige Lehren, was ſe in deſe

155 1570 1313 60 Wris und Form ſagen, das nemlichen die Kirchen⸗Diener (Miniſtri Eccleſi, Sacerdores⸗

158 1609 1303 50 rirrure Clav ium) den Fuͤnder ab lol viren, unud ihme ſeme Euͤnden vergeben? das ꝛf ein andes

161 1640 1296 61 Frag. Wann ſte ſolches lehren, ſo lehren ſie das zenige, was du Lathoihche Roͤmiſche Kinhe

157 1678 1297 58 teſtaͤndig gelehret kat. Wann ſlie aber was anderes ihren Volr vortrageten, ſo derrgasten ſte d1

161 1716 1290 58 Alde, maſſen ſie anderft auf der Cantzel redeten, und wieder etwas anderes in gedruꝛten Daͤrter

157 1765 187 37 vorſpiegleten.

138 1779 1329 64 1) Echen mehrmalen gut Carholiſch. wann es beſtaͤndig alſo ſortgtenge, wurde Feies und Finis

155 1819 1306 56 teit baid z hoffen ſeyn. Hier ertennen die Herren Regenſynrger / ( der Honche Maziſtraru⸗

156 1853 1302 60 sder das geiſtuche ſo genannte Conſittorium derenſelben) daß durch die heimliche Deicht der &

1444 1871 24 49 ba

158 1891 1246 56 wiſſens⸗Zuſtand muͤſſe ertennet, uns nach deſſen Unwurdigkeit (Kraffr deren Schluͤßten

158 1921 1308 62 Puͤnden gedunden/ und nicht nachgelalſen werden, dis Ach ein Bußtertigeeir zeige; dann fuͤr s.

158 1954 1312 82 vnbedl.rug n der andere Then deren Schuuͤſein, die Dundune und Dehaltun.

158 2010 255 69 deren Suͤnden
