1991 2551
748 252 37 62 us

887 252 258 73 (o) Pog--

652 358 617 125 APUTVII.

215 498 1356 129 Von S. Emmerami Begraͤbnuß, und Sti

662 602 547 92 tung des Cloſters.

221 707 1404 89 a) EObald nun das Schiff mit diſem groſſen Schat zu Regen⸗

269 803 116 60 E-

442 766 1187 80 ſpurg angelendet, iſt der HHimmel augenblicklich alſo heiter

450 821 1175 74 worden, daß nicht ein Woͤlcklein daran moͤchte geſehen

207 861 1416 82 werden; der Fuͤrſt Theodo mit ſeinem HHof⸗Geſind, die Geiſtlͤchkeit,

207 916 1418 74 und ein groſſe Anzahl des gemeinen olcks von Mann⸗ und RGeibs⸗

207 966 1415 77 Perſohnen, denen die HHeiligkeit, und unſchuldig gelrttene Marter zu⸗

204 1018 1418 83 vor bekannt waren, ſeynd mit Kirchen⸗Fahnen, und Rauch⸗ Faͤſſe⸗

204 1067 1418 82 ren zu dem Waſſer gangen, haben mit Andacht den heiligen Leichnam

205 1122 1415 79 empfangen, und begruͤßt, das HHeylrhum mit aller Ehrenbietigkeit er⸗

201 1169 1419 83 hebt, auch mit allgemeinen, und gant hell⸗lautenden Lob⸗Geſang

199 1221 1428 84 nach ſeiner lieben und angenehmen Capellen S. Georgii, getragen, all⸗

201 1269 1418 90 da Er ehrlich zur Erden beſtaͤttiget worden, und befindet ſich auf ſei⸗

197 1322 1419 88 nem Grab⸗Stein, ſo noch heutiges Tags in bemeldter Capellen zu

198 1371 1105 83 ſehen, ein lateiniſche Schrifft, zu teutſch alſo lautend:

330 1424 1296 79 Emmeramus Diſchoff zu Poictris, mir predigen das TDort.

198 1468 1410 88 GOrtes kommr in Bayr⸗ Land, unod har allda zu Helffendorß

198 1517 1422 95 um Chriſti willen gelirren Anno 652, und iſt hie das erſtemal ber

202 1568 387 71 zraben worden.

331 1624 1284 89 b) Es befindet ſich auch in alten Buͤchern des Cloſters, das

194 1673 1422 92 in waͤhrender Proceſlion, und Leich⸗Begleitung von der Donau bis

198 1726 1421 90 in mehr⸗ gemeldte Capellen in die z2. Wunder⸗ Zeichen bey dem hei⸗

199 1777 1416 89 ſigen Leichnam geſchehen, ſo Anlaß gegeben, daß jedermann in denen Rs⸗

198 1828 1417 92 chen Zufiucht bey diſes heiligen Manns Grab ſuchte, dann Krafft

194 1880 1419 89 gienge von ihm, und heylete alle, und das wehrte viel r00. Jahr al⸗

197 1931 1418 108 b, daß vor Alters in ganten Vayrn und Teuiſchland kein berudmter⸗

928 2009 12 64 ,

1498 2006 115 74 heill⸗

1584 266 42 69 7

222 2134 362 68 (.) Eag. 100. ep. 12.

219 2186 368 74 C) Eor reo. err. 11.
