1935 2499
394 266 72 64 ꝛ50

908 272 136 66 828

1057 272 237 59 (O) Leg-

523 319 1261 72 Nach Kayſers Fenceslai Degradation, nahm auch das Acade-

386 376 1396 72 miſche Studium zu Prag ab, und gabe Gelegenheit, das Foannes nal

386 430 1394 65 mit Hieronmo von Prag (waren beede Theologiz Baccalaurei) eil

387 477 1395 71 neue Sect und Ketzerey anfiengen. Dieſe nene Sect wolte althie auu

384 528 1369 75 etlichen gefallen. Dahero der liebe Biſchoff vil zu thun hatte, die

387 581 675 70 Feur in dem Aſchen zu daͤmpffen.

522 630 1261 72 Anno 110. ſtarb Kayſer Ruperr. An ſein Stell wurde ein

387 683 1368 69 hellig erwaͤhlt der Ungariſche Koͤnig Kigismundus Caroli I Sohn, u

394 734 1356 71 Venceslai Bruder. Der ſtunde dem Roͤmiſchen Reich wohl an, h.

384 787 1124 68 te zum Fried machen ein groͤſſer Gluͤck als zum Kriegen.

522 835 1251 67 Anno 1111. hatten Hannß und TVolff Gebruͤder von Tanbert

384 885 1381 71 zu denen zweyen Ambt⸗ HHoͤffen Berg und Guͤnckhofen Forderunt

387 939 1153 70 Unſer Cloſter gab ihnen Sariskaction und brachts an ſich.

523 988 1210 71 Anno 1212. hielt man allhie das 25. Turnier in Beyſeyn &

387 1039 1370 73 phan, Heinrich, und VDilhelm, Pfaltzgraffen bey Rhein, HHere

381 1092 1328 68 gen in Ober⸗ und Nider⸗Bayrn, zweyer Herrn von Abenſpera, zu

381 1142 1323 70 Herrn von Wildenfelß. Turnier⸗Voͤgt waren VVolff Grant

380 1195 1327 64 Uttendorff. Georg von Stein zu Staineck, VDilhem von Polt

383 1241 1339 69 und Ludwig von Aufſaͤß. Turniers⸗Werber ꝛc. waren Zeini

383 1292 1324 63 TTorhhafft von Werenderg Stadt⸗Cammerer allhie, Lriderich

381 1348 1310 56 Rambsberg, Hannß von Parsberrt, Dierrich Zoſer von &

380 1392 1332 76 ſtein, Deter von Falckenſtein, Dierrich Srauffer von Ehrent

383 1448 1318 72 Friderich Auer von Dremberg, Erhard von Gattelbogen, 6.

376 1500 172 74 Fenger.

518 1539 1196 81 Anno 1215. Conkirmirt dem Cloſter der Kayſer Sigmun.

376 1593 354 75 le Privilegia ch,

508 1643 1215 79 Eodem Anno wurde Johann Zuß und ſein Geſpan Fiero.

379 1697 1346 73 mus als Ertz⸗Ketzer in Concilio zu Conſtantz zum Lvor verdami

375 1746 1278 75 als ſolches zu Prag erſchollen, haben dero Adharenten groß?

373 1800 1293 74 tragen, ſie fuͤr Martyrer veneriret, wider die Carholiſche auft

380 1853 1271 72 den, ſelbe verfolget, uͤber 5co. Kirchen geſturmt, verbrennt

377 1903 916 73 der geriſſen, und aller Orthen ubel gehauſet.

515 1956 1138 61 Es fanden ſich auch allhie unter Biſchoff Albrechten zwer

1718 1922 35 67 ie

1712 1971 45 60 ot

375 2007 1305 75 ſter, die den Hufſen rechtfertigten, als Ulrich Grunenfelde.

395 2206 295 83 A Vade uners)
