1918 2545
355 226 97 75 195

937 231 323 71 3 (0) EBg-

355 287 1403 84 ſem (c) Koͤnig Ludrrig die Pfarꝛ Dinglfing mit Guttern und un⸗

353 344 1406 78 terthanen, ſonder auch alte geſchriebene Bucher, die man Libros Tra-

352 395 1403 78 ditionum nennet; iſt uns aber nicht wißlich, wie ſie, oder ihre Succel-

353 441 1396 92 lores mit ſothanen Guͤttern gehauſt, oder was Zeit und Urſachen ſt

356 499 549 75 vom Cloſter kommen? (d)

895 622 358 77 Incidentia.

400 733 1349 85 Eoͤnig Ludrvig Cognomento Germanicus & Hluſtris ( der Duro

345 788 1372 84 R laͤuchtig) ein Sohn Ludorici Pii, ein Bruder Lorharit und⸗

345 848 1400 76 pini, ubernamm die Regierung des Koͤnigreichs Bayrn Anno S21,

352 894 1379 80 hauſet mit ſeiner Gemahlin HIemma mehriſt allhie. Thate grot

347 944 1391 83 Stifftungen, unter andern war auch das adeliche Stifft Ober⸗Muͤnſte

342 996 1394 82 allhie, welches zwar vorhero denen Biſchoͤffen als Innhabern unſet

345 1050 1390 78 Cloſters gehoͤrte; damit Hemma aber die gute Intention moͤchte Wera

345 1102 1394 77 ſtellig machen, hat ſie Bathurico dem Biſchoff, zu vorderiſt S. Emme

342 1153 1373 78 mo das Cloſter Wanſee in dem Galtzburgeriſchen Gebuͤrg geles

349 1208 1375 71 (welches Utilo aus Antrib S. Pirminii Fpiſcopi Merenlis (Mes

340 1254 1368 79 bey den See Mennen genannt, geſtifftet, um das Jahr 739.) d

342 1305 1389 80 fuͤr gegeben; die Commuration wird durch Koͤnig Ludovicum conh.

340 1353 453 77 miret, wie folgt. (e)

471 1413 1273 84 In Nomine Sancta & individur Trinitatis. Ludoricus dirin⸗

339 1470 1396 85 tarente gratiàͤ ReX. Norum ſit omnibus S. Eccleſie fidelibus nolte

342 1524 1362 76 prœlentibus ſcilicet & kuturis, qualiter Chariflima Conjux no.

339 1575 1328 73 Hemma, unà cum cœteris noltris fidelibus noſtram ſereniratem

1680 1568 54 55 de

340 1621 1364 79 precata eſt, ur quandam Commutationem cum Barhurico Vener⸗

345 1674 1326 80 li S. Eccleliæ Regenesburgenlis Epiſcopo laceremus, hoc eſt

340 1724 1358 77 lupra Memorata chariſlima Conjnr noſtra Monaſterium in eso

339 1778 1368 77 Civitate, quod dicitur Oberumuneſter, in quo landimoniales,

338 1830 1340 80 mine Domino famulari nolcuntur, & quod profatus Venerabili-

1630 1864 94 80 pilco

379 2036 1274 66 (O) Duſer AIma Ludwig. in der Cohn Ludoriei vn gewecn, L. UDOVICUS aEn

400 2071 1230 72 CUS anſonſten ornannc. Crn Herr Vauer Ludoricur Pius. har die Defrerung de.

407 2116 373 45 S. Emmerurni beſtaͤttiget.

380 2149 803 60 (d) Euhe hinnach die Hiplomu Lndocici Cermmici.

380 2187 400 70 lo) Hundin, & Nlireus.
