2111 2572
321 302 1424 109 chen, (wann es GOtt gefaͤllig,) noch ein Theil des

318 384 1425 110 Ratisbonæ Monaſticæ, oder Cloͤſterlichen Regen⸗

325 464 1414 103 ſpurgs, (nemlichen von anderen Stifft und Cloͤſtern,

328 548 1418 103 ſowohl in⸗ als auſſer Regenſpurg; dann denen an⸗

320 628 1426 110 deren in das Regenſpurgiſche Biſtumb gehoͤrigen Cloͤ⸗

331 697 509 103 ſtern) folgen wird.

518 834 1229 106 II. Diſes mein Vorhaben zu befoͤrderen, hab

327 901 1432 130 ich in gegenwaͤrtigen Erſten Theil des Cloͤſterlichen

325 995 1427 118 Regenſpurgs die Hiſtorie von S. Emmeram, und

328 1081 1424 110 unſerem Cloſter, (als welches von diſen heiligen Bi⸗

338 1151 1414 110 ſchoff und Martyrer den Namen traget, und von de⸗

333 1224 1419 114 nen Roͤmiſchen Kayſern, als ein, unter des Heil.

335 1296 1420 114 Roͤmiſchen Reichs Schutz gehoͤriges Stifft mit vilen

338 1364 1418 117 herrlichen Privilegien begnadet worden,) erzehlen

337 1436 1420 117 wollen. Man verlangte offters das ſogenante alte

338 1497 1415 129 MAUSOLOEUM, oder Hiſtorie, ſo Abbt COE-

340 1573 1417 131 LESTINUS zuſamm geſchrieben. Alleinig, ob⸗

343 1654 1413 122 ſchon ſelbes zum drittenmahl in Druck befoͤrdert wor⸗

341 1728 1412 118 den, waren doch keine Exemplaria mehr uͤbrig.

344 1798 1416 119 Dahero glaubte ich dem Verlangen deren diſer von

344 1868 1416 128 Abbt Cœleſtino Abbten verfaßten Erzehlung, und dem

344 1949 1418 118 von Anſelmo Fuͤrſt und Abbten verſprochenen

348 2026 1421 127 Cloͤſterlichen Regenſpurg, nachfragenden Per⸗

1579 2139 186 104 ſohnen
