1935 2499
855 233 392 71 .28 (O0 Ziͤt-

363 238 87 64 392

354 288 1389 72 2sſte aus dem Cloſter Ober⸗Alraich poltuliret worden. Von In

354 341 1394 68 nocenrio IV. hat er Anno 1228. ein Indulrum erhalten, daß man in

354 391 1389 65 Cloſter, tempore generalis interdicti, in der Still die GOttes

355 440 1391 73 Dienſt halten daͤrffte. Dieſer Papſt befahl auch denen Praͤlaten vor

356 492 1388 74 Eberoberg, und WVidenberg, daß ſie Beſchuͤtzer ſollen ſeyn unſe

362 544 1382 71 Paͤpſtlichen Privilegien eodem anno quo lupra. Von Alerandrl

358 598 1386 68 IV. impetriret er Anno 1257. daß man keinem einige Penſion ode

356 646 1381 67 Eeneficium geben ſolle, er weiſe dann vor lirteras Apoſtolicas, un

355 694 1382 68 demnach einige Edel⸗Leuth unſeren Guͤttern ſchaͤdlich waren, hat?

356 744 1376 72 von Urbano IV. Anno 1261. Befelch an den Praͤlaten von Druni

354 795 1371 75 ning erhalten, daß er Nomine ſedis Apoltolicz uns defendiren ſt

355 846 1339 74 le. (D) Warumen man aber ihne nach 16⸗ jaͤhriger Regierung.

356 894 605 81 geſett? wird alſodald folgen;

886 1023 368 84 Incidentia.

447 1146 1264 71 Nno 1256. erlitte hieſige Stadt ein groſſen Sterb und Wall

358 1195 1328 80 TX Gut, und ſtiege das Waſſer ſo hoch, daß es den erſten &

355 1245 520 65 fel am Domb erlangete.

493 1291 1185 76 Anno 1277. hat Graf Hainrich von Orttenburg zu Aufheij

355 1346 1317 64 des Kirchleins Sr. Sirt, ſo etliche Schweſtern Ord. S. Venediet

355 1403 1314 67 ſitzten, und noch in der Vor⸗Stadt gelegen war, den Zehet und,

362 1452 1334 69 Schwartzhoven bey Heuburg vor dem Wald dahin geſchen

356 1503 1309 69 warvon ein Cloſter allhier erbdauet, und die Kirchen zu Ehren de⸗

356 1552 626 59 ligen Creutz geweyhet worden.

1696 1577 36 66 el

493 1597 1143 80 Biſchoff Sigefridus ſtarb in des Papſts Bann; an ſeine

359 1649 1349 75 kam Albertus L ein Graf von Pertingau, Domb⸗Herꝛ zu Salb⸗

356 1704 1280 66 ſtarr, eingeſetzt durch einen Paͤpſtlichen Legaten. Berebtold, E

358 1753 1260 78 zu Paſſau, war ſein Bruder. Dieſe zween Biſchoͤff Leſſen

1696 1785 33 55 erl

358 1808 1275 69 Drag und Olmuͤtz conlecriren, machten hernach einen Bund n

1679 1824 50 71 9

356 1857 1284 75 Roͤmiſchen Koͤnig wider den Kayſer, und HHertzogen in Bayrn.

1683 1883 45 59 it

1848 284 71 54 bier

1850 330 79 71 Ma⸗

1851 387 74 58 men

1851 430 74 65 in d

1853 488 70 57 und

1861 526 61 70 co.

1854 573 69 71 nan

1858 626 63 69 zire

1857 680 48 61 da

1855 727 60 67 die

1858 785 60 61 nar

1861 839 50 59 an

1859 887 53 58 we

1858 926 63 72 das

1866 1027 53 78 Re

1861 1075 53 71 die

1865 1130 39 61 er

1869 1324 46 68 8r

1873 1380 35 61 ꝛe

1871 1435 38 54 in

1875 1524 29 61 ,

1872 1575 29 57 f

1871 1675 48 60 oo

1869 1718 52 68 An

1872 1815 43 73 2i

1869 1878 45 58 Al

1868 1915 33 68 le

1871 1976 16 60 .

388 2089 1283 64 O) Diee Originalia werden im Areniro aufdehalten. Alezander IV. Abmniſcher Pat

426 2131 1224 72 amntget Ne Laraten & Earzholomai (Aykireben) nadßt den Farhr Dauß zu Regenſte

426 2167 753 68 Ctoßn S. Emmerani 1256. Driginle in Arclnro.

1869 2021 32 58 ne
