1991 2551
696 226 388 73 21à8 (0) Ey.

178 280 1417 71 A non ſolum zuvans eos, qui aa hane accedunt, ſea etiam omnibus

180 333 1411 62 Aliis, pro ejus puritate, & ſupplicatione ad Deum, prebens inſpectam uti-

180 371 1409 62 litatem. Unde & priſcis Imperatoribus ſtudii kuit, & à nobis non pauca

180 415 1409 61 fan cita ſunt: de eorum honeſtate & ornatu... ſi enim illi puris mani-

180 460 1408 62 bus & nudis animabus pro republica kupplicent Deo; maniſeſtum,

180 504 1409 57 quod & ETercitus habebunt bene, & civitates benè diſponentur. Deo

181 548 1407 62 quoque placato & propitio eriſtente, quomodo non univerſa plena totius

178 593 1408 60 pacis & devotionis? ſed & Terra nobis feret fructus, & mare, que ſua

177 639 1409 62 Tunt, dabit, illorum oratione propitiationem Dei ad omnem Rempubli-

177 678 1409 58 cam deducente. Sed & iplum commune Schema hominum reverentius

177 719 1408 77 erit, & viret melius illorum erubelcens perdurationem.) Alfo juſti-

173 763 155 64 nianus.

289 812 1296 65 Seynd dann diejenigen unnutz auf Erden, welche mit Chriſto ein einſames,

181 856 1403 66 verborgenes Leben fuͤhren 7 die das Erangelium durch ihre Werck lehren? das erſte

180 901 1404 68 Stuck des Chriſtenthums, nemlich den Gottesdienſt, Tag und Nacht, deſtaͤndig

175 943 1407 73 derrichten? welche denen alten duͤſſenden Chriſten enfrig nachfolgen? durch ihre be⸗

175 986 1409 69 ſtaͤndige Arbeit, vder fleißiges Abſchreiben deren alten Buͤchern, das gantze Alter⸗

175 1028 1406 68 chum der Nachwelt erhalten haben? Die den Weg zur Tngend, und Voltommen⸗

175 1071 1406 71 heit ſorgſaͤltig zeigen, und in der Enlle die vergangene, auch taͤgliche Fehler, reu⸗

178 1116 1401 64 muͤrhig mit Magdalena deweinen? Es iſt nit zn laugnen, das viele Fehler und

178 1157 1401 71 Nachlaͤtzigkeiten in ſolchen Orthen geſchehen Alein, qui er vobis line peccatn

174 1201 719 67 eſt, vrimus in nos projiciat lapidem.

290 1247 1289 72 Was ich zuvor von dem Urſprung und Aucsbreitung der Regel S. Benedicti

173 1286 1406 75 demelder, iſt darumen geſchehen, damit der Leſer cinen kurtzen Begrieff habe, wo⸗

174 1330 1404 75 her? und wie auf was Weiſe ſelde in denen aͤltern Zeiten eingeſuͤhret worden. Nun

168 1370 1407 74 iſt uͤbrig, die Wort unſeres Arnoldi zu erklaͤren, da er ſaget: Promiſſonem fa-

164 1415 1412 80 ciedant Se. die Moͤnch zu S. Emmeram machten ihr Verſprechen nach der Negel

165 1454 1409 83 S. Benedicti. Was unter dieſen Worten PROMISSIO, Verſprechen, zu ver⸗

163 1498 1408 87 krhen ſeye, erkiͤret mit mehrern Worten Mabillon. (N) Cowohl die erwach⸗

161 1541 1405 90 lene als nunderjaͤhrige Kinder, muſten dieſes Verſprechen ror dem Altar ablegen-

161 1587 1408 88 Die minderiaͤhrige Knaben wurden durch ihre Elrern, ſo an ſtatt deren Kindern

163 1631 1406 85 das Verlprechen thaten, auſgeorffert, und GDer geſchenckt, alſo, das denen Kin⸗

163 1673 1405 90 dern nit mehr erlanbt ware, von dieſem Verſprechen abzugehen. Wann dieſe Kin⸗

165 1717 1399 88 der zn reiffen Verſtand gelangten, ſo beſtaͤrigren ſie das Verſprechen ihrer Ettern.

168 1760 1400 89 (ap. 36. Synod. AquisgranenL. Die Meynung und Wilen deren alten ſrommen

158 1802 1408 89 Eltern ware heilig, und gottsſoͤrchnig, da ſie ihre Kinder GOr in denen Etoͤſtern

161 1845 1401 89 Alſo anigropfſert haben. Ader nach der Zeit ſuchren vicie Eltern nichts anders, als

161 1890 1401 88 zat ſir durch ſolche Anfovfferung deren Kindern, ihre zahlreiche Fannen erleich⸗

157 1926 108 53 terten.

290 1937 1271 81 Cir ſteckten ihre Coͤhne, welche erwrann ungeſtalter, ohne deſondere Na⸗

155 1972 1406 98 Aaͤr. Baben, mn denen eitlen Welt⸗ Poſſen untanglich waren, in die Cubͤſier hiein,

821 2037 79 67 6 2

1466 2052 95 65 allda.

174 2147 828 97 V Prakat. Ad Sœrutan IV. Denrd. H. I. nn. ri-
