2007 2562
395 256 81 79 22

908 250 401 71 123 (0) 228-

404 301 1440 81 Aiunonttian. und conedition, alwo Arnolaus die Perſohn Conlektiti vertrittei

414 348 1426 80 Tn diſem Dialogo iſt viles von denen heiligen Emmeramo, WVolkgango, B.

411 392 1428 79 Ramuoldo, von deroſelben Miracklen: Item von denen erſteren Biſchoͤffen zu Regen⸗

397 435 1440 80 ſpurg: von denen Aebbten zu S. Emmeram, &c. zu leſen. Das erſtere de Mira-

412 476 1428 79 eulis S. Emmerami iſt noch in Originali in unſerem Archiv zu ſehen. Alleinis

414 519 1420 75 das andere, oder Dialogus, iſt weder in Originali noch in einer Copie anzntret⸗

414 565 1422 79 ſen. Woher Henriens Canilins ſelbes genommen hat, meldet er nicht. Nur all⸗

415 604 1424 86 zu gewis iſt es, daß viele ſchrifftliche Docnmenten unſeren Stifft entzohen worden,

415 650 1431 78 unter welche gar wohl auch diſes Manuſcriptum, (Dialogus) gezehlet kan

415 694 1426 81 werden; maſſen gleich Anfangs diſes Dialogi vieles von dem Eloſter S. Emmera-

418 734 1428 84 mi, von deſſen Moͤnchen zu finden iſt, ſo villeicht andern muͤßfallen. Doch iſt ſol⸗

418 789 783 80 ches bey Henrico Canilio noch zn leſen. (a.

538 812 1308 84 Diſen Dialogun, oder libentesZudi de Miracnlig & Memoria Culto-

418 863 1429 86 rum S. Emmerami, hat unſer Arnoldus geſchrieben (e) zu Zeiten Udalriei, Abb⸗

417 913 1426 70 tens zu S. Emmeram, welcher von 1025. bis 1024. regierte. Wie lang aber Ar-

422 952 1428 79 noldus gelebt habe, kan ich nichts gewiſſes meiden. (1) Arnoldus ware als ein

424 997 1425 77 kleiner Knab im Cloſter S. Emmerami, da noch einige lebten, welche den Seeli⸗

422 1041 1427 79 gen Ramnoldum, Abbten allda gekennet haben. Ramuoldus iſt geſtorden Anno

425 1084 1426 77 100T. Arnoldus ware Prepolitus, (Prior) Anno 1051, wie aus der Be⸗

424 1124 1427 87 ſchreibung deren Guͤtern des Cloſters S. Emmerami, welche Arnoldus verſaſſet,

422 1171 1427 84 erhellet. Folget alſo, daß Arnoldͤns zu Ende des 10. Sœculi, vder Anfangs des

424 1215 1425 73 eylſten gebohren worden. Wann er aber geſtorben, ſinde ich nichts. Er kan leicht⸗

425 1263 1425 69 lich dis uͤber die Helffte des eylſten Sœculi ſein keben erſtrecket haben. Zu welcher

428 1302 1422 78 Zeit Orhlonus Monachus zu S. Emmeram, von welchen hernach etwas mehrers⸗

425 1360 219 83 Loriret hat.

548 1374 1306 96 Diſe Aumerckungen von unſerem Arnoldo ſeynd darumen geſchehen, dat

425 1431 1428 80 der Leſer wiſſe, wer Arnoldus geneſen, aus welchem Abdr Cœleſtinus vieles i

429 1474 1424 84 ſeiner Hiſtorie genommen. Baronins, Mabillon, und andere mehrere citiren

429 1515 1424 81 diſen ARNOLDUM als einen bewehrten Scribenten. Baronins nennet ihns

432 1559 1415 74 tom. XI. edit. Antwerp. 1608. pag. 7. IIlius temporis fidelitlimum Feri-

432 1601 1417 91 ptorem &c. Einen ſichern und glaubwuͤrdigen Hiſtoricum des eylt⸗

412 1655 1441 94 ten Sœculi. Mabillon Ack. SS. Ord. S. Beneaicti ꝛd Seculum IIL. par.

408 1712 1441 77 .1. pag. 1a1. & 212. gibt ihme das Lob, AUCTORIS GRAV18

431 1766 884 75 Eines anſehnlichen bewehrten Auctoris.

461 1827 14 54 .

538 1809 1312 76 Indeme ſacobus Baſnage Antiquas Lestioner Henrici Caniſi auf ein neuet

415 1853 1428 79 herans gegeden, unter welchen, bey Baſnage tom. III. obig angezogene Hiſtor.

436 1897 1414 78 S. Emmerami, mit denen zwey Buͤchlein de Miraculis & Memoria Cultorul

439 1941 1408 71 S. Emmerami, auch zu leſen, alſo werde ich in nachkolgenden Capitlen, nur alei⸗

439 1985 1404 88 den tomum III. Balnage, nebſt den Diat, autwo das Errehte zu anden ꝛ, a⸗

438 2043 156 79 mercken.

1730 2068 119 94 CA-

479 2169 436 79 Cc. on. HL. 12 12ꝛ

485 2223 208 57 e) Pag. 118.

471 2267 229 68 cſ)Egs 1ts.

1950 1226 24 63 11

1951 1278 26 58 a

1947 1587 28 54 a
