1991 2551
777 249 296 78 8 (0) Zès

1562 260 50 63 7.

199 304 1419 72 rami Martvris & Noſcatis & fateamini coruſcare. Datum & acum

202 352 1414 73 Ratisbonz per manus Friderici Diaconi Bibliorhecarii & Cancel-

202 406 1413 73 larii S. R. E. Carholicœ & Apoſtolicr Anno Domini MLII. Non.

201 450 265 74 Odobr. &c.

333 505 1279 78 Es befahle auch dieſer heilige Pabſt ſolches Feſt der Erhebung

204 555 1405 81 ſaͤhrlich nach der Kirchen Gebrauch und Hrdnung feyrlich zu halten,

205 606 1411 75 und hat alsdann dieſe Cloſter⸗Kirchen wider zurichten laſſen, ein koſt⸗

204 657 1414 82 dare Deck, oder Tabulat mit ſchoͤnen Figuren und Geſchichten geziert,.

207 712 1406 78 auf ſeinen Koſten zu machen verordnet, und von neuem die Kirchen,

204 761 1411 77 ſo vorhero Pabſt Formolus zu Ehren S. Petri er benebens unter dem

207 812 625 72 Schutz S. Emmnerami geweyhet.

328 867 1288 65 Als man zehlte 1211. den 16. Januarii, iſt von dem Hochtvuͤr⸗

208 914 1410 78 digen Fuͤrſten Cunrado U. Biſchoffen, auf Erſuchen Eberhardi da⸗

208 965 1410 79 mahligen Abbten dieſes Cloſters, S. Dionykii Altar auf ſeinem Chor

207 1013 1409 83 gegen Nidergang der Sonnen, uber St. Wolfgangs Grufft, davon

214 1075 1399 71 olt gemelt worden, geweyhet worden zu Ehren der allerheiligiſten

218 1119 1394 71 Oreyfaltigkeit, der heiligen GOttes⸗Gebaͤhrerin Mariaͤ, S. ſoannis

297 1173 1316 64 auffers, der heiligen Apoſtel Perri und Pauli, Andrez und ſo-

209 1220 1401 76 innis des Evangeliſten, zu forderiſt aber des heiligen Diony kii Arco-

211 1268 1399 81 agirz. In dem Altar leynd folgende Religuien eingeſchloſſen wor⸗

209 1322 1407 81 en: Von dem heiligen Creutz Chriſti, von dem Grab, und Schweißz⸗

202 1370 1407 75 tuch Chriſii, von S. loanne Baptilt, von denen Apoſtlen Petro, Paulo.

199 1417 1413 82 Andrca, ſoanne Evang. von unſchuldigen Kindlein, von dem heili⸗

195 1466 1411 77 gen Martyrer DionvGo, S. Srephano. Laurentio, Albano, Sinto,

204 1510 1404 90 Clemente, Alerandro, Cornelio, Cypriano, Sebaſtiano, Vito,

205 1563 1407 86 Tiburtio, Valeriano, Marcellino, Hippolito, Bonilacio Caltu-

216 1621 1397 82 o. Vincentio, Georgio Chriſtophoro, Cyriaco, Vitale, Euſta-

205 1660 106 70 rhio,

321 1675 1291 78 Colma, und Damiano. Adalberto, Leodegario, Cantio, Can-

209 1706 114 69 dano

347 1727 1266 79 und Cantianilla. Thebeis MM. Sigismundo, von den heiligen

204 1772 1405 83 Heichridern Hilario, Nicolao, Manimino, Taulino, Corbiniano,

209 1825 1399 79 ttone, Hlenrico, Wiperro. von denen heiligen Zungfrauen Prare-

314 1879 1295 103 prigda, bunthdide, Cunegunde, und euff tanſend Jung⸗

195 1904 149 85 frauen.

1411 2101 188 128 Eur⸗
