1991 2551
735 290 20 41 r.

799 272 304 80 18 (0) Ehs

226 328 1423 82 zu Rath zu ziehen pſlegte, als Turtonem, deme er auch zu ſeinen Cantz⸗

228 381 1418 81 ler gemacht. Als aber Tuttoni die Welt, und das Hoff⸗Leben allge⸗

231 432 1416 79 mach wolte mißfallen, darumben, daß er allda ſahe die HHoffarth herr⸗

232 479 1417 80 ſchen, den Geitz anreitzen, den Neyd beiſſen, die Geilheit auch ſtarcke

233 531 1413 79 Gemaͤther zu faͤllen; hat er ſolchen Laſtern vorzukommen, und zu ent⸗

228 582 1418 79 gehen zum Cloſter⸗Leben Neigung bekommen, und darauf in dieſes

233 630 1410 85 St. Emmerami Cloſter getretten, allda ſich Tag und Nacht befliſſen,

231 684 1413 86 nach S. Lenedicti Satzungen zu leben, und in hoͤchſter Andacht, und

233 735 1413 82 Reinigkeit ſeines Hertzens, GOtt im Geiſt und Wahrheit zu dienen.

241 786 1406 84 Es hat aber ein ſo groſſe Heiligkeit die Moͤnchs⸗Kappen nit bedecken

235 837 1412 85 koͤnnen, ſondern da Alperrus Biſchoff zu Regenſpurg geſtorben, hat

241 888 1399 88 Turtonis Heiligkeit Arnolphum dazumahl ſchon Kayſer, verurſacht,

233 941 1410 83 ihne zu einem Biſchoff zu erklaͤren, (a) welcher angetragener Hoch⸗

233 993 1406 84 heit, ob er ſich zwar lang geweigeret, doch endlich angenommen⸗

231 1041 1412 84 gleichwohl aber hat er die Cloͤſterliche Demuth nit verlaſſen, ſonder

233 1092 701 78 ſt vilmehr darinn geſtaͤrckt worden.

361 1149 1285 76 Er war ein vorſichtiger HHirt ſeiner Heerde, ein getreuer Aus⸗

235 1196 1409 85 heiler der Geheimnuſſen GOttes, geneigt zur Gute und Barmher⸗

232 1244 1414 86 tigkeit, bereit zu verzeyhen, in Ausreutung der Laſter ernſthafft, in

229 1295 1414 88 geiſt⸗ und weltlichen Sachen wohl erfahren, in ſeinen Raͤth, und

233 1346 1410 88 Vorſchlaͤgen weis und tieffſinnig, dahero derſelbe bey dem Kayſer Ar-

229 1395 1414 84 nolpho, ſo viel die Biſchoͤfflichen Geſchaͤfften zugelaſſen, immerdar

226 1446 1417 80 bat ſeyn muſſen. Nachdem gedachter Kayſer Arnolph in dem Nord⸗

225 1490 1415 93 manniſchen glucklich gefuͤhrten Krieg, hievor erzehlter maſſen, durch

228 1536 1412 102 kiſt den Leib des heiligen Dionykii mit dem koſtbaren Evangeli⸗Buch

241 1590 1402 102 welches zween leibliche Bruͤder S. Benedicti Ordens unter dem Kayſer

231 1646 1409 95 Carolo Calvo oder Glatzeten genannt, zierlich mit Gold geſchribden)

231 1699 1409 92 Sekommen, hat er zu End ſeines Lebens beede Schaͤtz Tuttoni, als zu⸗

229 1736 107 69 Sleich

358 1755 1282 85 Abbten bey St. Emmeram (deſſen Pfriendtner er ſich aus De⸗

228 1781 100 71 murl

364 1808 1279 85 tennete,) ubergeben. Turro aber, damit der heilige Coͤrper

229 1833 122 70 nit au

385 1859 1252 88 Neiche Weiß von Regenſpurg wieder nach Pariß entfuͤhrt wurde⸗

229 1901 1411 94 gat ſelden gegen Niedergang der Sonnen (anjebo oberhald S. Foltgangi

239 1933 142 79 Brufft,

394 1965 1245 72 vermaurt: und ein ſchlechtes Gedenck⸗Zeichen, als drey ver⸗

236 2002 1404 99 ſorgene Ziegel⸗Stein mit weniger Uberſchrifft, wie hievor erwehnet,

950 2069 114 66 M ;

1496 2088 144 70 hinter⸗

22 493 51 59 an

34 651 34 53 ꝛ⸗

35 745 34 59 e

259 2199 845 119 ) dus ꝛv des ds H Pv rꝛ. eg.s.
