1935 2499
393 216 93 67 218

898 211 413 73 2268 (0) Lat-

398 263 1400 77 ſchuldigen Tribut, ſondern fuͤgten dem Kayſer noch Schaden zu. Die

397 322 1397 68 ſer fiel zwar etlichmahl in Boͤhmen, ader mit ſchlechten Gewinn; bi

400 373 1390 68 er endlich einen gantzen Ernſt brauchte, durch welchen er den Uratis

400 427 1389 64 laum (Adelsreurter nennet ihn Brecislaum) Anno 1021. dahin s.

401 473 1385 67 bracht, daß er ſich auf Enad, und Ungnad ergab, und um ſein, und ſe

400 524 1391 67 ner Kinder Leben bate. Ofterirte ſeine vier Soͤhn zu Geiſel, wolte all

401 573 1395 72 gefangene Pohlniſche Herrn loßlaſſen, hieher auf Regenſpurg kommeu

400 626 1389 72 die zugefuͤgte Schaͤden bezahlen, und dem Kayſer ein groſſe Summ

400 677 301 60 Gelds erlegen.

533 723 1251 68 Dem Kanſer uͤberbrachten allhie dieſes Anerbieten beede Oeſte.

397 777 1333 62 reichiſche Fuͤrſten Albertus, und Leopoldus. DOer Kayſer nabms

1746 766 48 62 mi

398 828 1359 66 Gefallen, und Gnaden auf, lobt ihr Handlung, und beſchenckt

400 878 1344 60 trefflich, unter andern wurde Leopoldo des Hertzogs in Boͤhm

407 926 973 68 Pferd mit Sattel, und goldnen Gezeug berehrt.

532 975 1257 69 Den 2oſten Tag hernach erſchiene auch Uratislaus mit vil ſeint

402 1027 1377 67 Herrn, und Ritterſchafft, fiele dem Kayſer dor allen Reichs⸗& taͤl

401 1078 1382 63 den zu Fuͤſſen, ja gar auf das Angeſicht; dbekennt ſein Mißhandluns

401 1130 1354 68 begab ſich des bißher gefuͤhrten Koͤniglichen Nahmen, und angemal

404 1181 1349 65 Pohlniſchen Lands, und demuͤthigte ſich dermaſſen, daß alle Sti

404 1228 1372 71 fuͤr ihne daten. Worauf er dann Gnad erhalten, und nach abgels

404 1278 883 72 ter Pfiͤcht und Ayd wurd er wider entlaſſen.

661 1493 914 116 CAPUTXXXVII

1746 1647 38 55 de

505 1657 1213 72 Nno 1036. uͤbernahm die Emmeramiſche Abbtey Udalricu

529 1709 1167 75 zehende Abbt, behielts 17. Jahr, 17. Monarh, 29. Taͤg

408 1732 100 63 A A

525 1763 1165 70 Anno 101a. Auf dieſen wurd der Eilffte Eckendertus er

408 1811 1268 75 Reglerte aber nur 1. Jahr, 10. Monath, 15. Taͤg; und ſo

404 1865 1217 73 me Peringerus, (an der Zahl der Zwoͤlffte,) der hatte zwo

412 1911 1310 90 S. Emmeram, und Tegernſee. Unſere aber nur ꝛ Jahr, S. Mo

409 1961 580 88 12.Tag, ſtarbd Anno 1022.

1669 2093 82 104 lns
