1923 2446
24 244 83 59 tus.

27 286 77 75 tlich

42 351 54 52 ac⸗

77 399 18 63 1

40 448 61 57 mn,

759 184 347 76 18 C0) Ehz-

198 232 1408 94 nlbdns abzuhelffen ? das Cammer⸗Gericht ſabiliret? und die Muns

1518 201 67 69 28,

205 282 358 79 derbeſſert werde?

202 387 1401 88 der Principal-Puncten ware. Seynd wohl einige Catholiſche Fuͤrſten

323 342 1277 80 Dieweilen nun die Translation der Chur von Pfaltz an Bayrn⸗

198 438 1404 82 geweſen, die ſolche Aenderung aus Forcht mißrathen haben, demnach

201 490 1398 84 abder Kayſer Ferdinand ihnen mit hoͤchſt vernuͤnfftigen rationibus begeg⸗

202 540 1400 82 aet, haben ſie es geſchehen laſſen. Die Abſchaffung deren Praͤdican⸗

201 591 1401 80 ten in Boͤhmen und folgende Reformation wolte von einigen allhie

202 640 1397 80 auch morirt werden. Der Kayſer lieſſe ſich diß nit irren, weils ad Co-

199 691 1400 79 niria kein gehoͤrige Materia ware, auch andere Fuͤrſten in ihren Lan⸗

202 737 1048 79 den nach Belieben in puncto Religionis dilponirten.

313 796 1285 72 Den s. Mertzen geſchahe die Verleyhung der Chur in hieſigen

207 841 1391 81 Siſchoffs⸗HHoff, als Kayſerl. Quartier ſolgender Geſtalt: Kayſer Fer⸗

206 891 1386 80 ſinand erſchiene in Kayſerlichen Habit, nt allen Reichs⸗lnkigniis auf

198 940 1398 77 gebuͤhrendem Thron, in Beyſeyn der vorbenannten Churfaͤrſten, ne⸗

206 993 1392 76 ſen anderen Fuͤrſten, und deren abweſenden Geſandten. Lieiſe denen⸗

197 1039 1397 78 ſelbden durch den Reichs⸗Vice-Cantzler die Urſachen der Entſetzung Pre-

199 1089 1397 75 lerici von der Chur, und warum er ſelbe dem Hertzog Marimitian aus

201 1138 1393 82 Gayrn, vor anderen, dieſes Tags verleyhen ſoll oder woll, vortra⸗

195 1187 1400 84 den. DHieſe Zeitung uberbrachten dem Hertzog, der in einem anderen

194 1239 1398 83 Simmer ſich aufhielt, Graff Hannß von cohenzollern, des Hertzogs

195 1290 1395 77 Obriſter Hoffmeiſter, Graff Egon von Fuͤrſtenberg, und der Reichs⸗

197 1334 1391 80 Narſchall von Dappenhaimb. Der HHertzog Marimilian liefſe ſich

195 1380 1392 87 durch gedachte Herrn gegen Kayſerl. Majeſtaͤt allerunthaͤnigiſt bedan⸗

199 1432 1382 80 ken, wolle dieſe Dignitet mit Dancknehmigen Gemuͤth acceptiren,

195 1477 1392 95 nd das gewoͤhnliche ſurament ablegen. Worauf ihne der Reichs⸗

213 1530 1374 95 ice-Cantzler neben dem Ertz⸗Biſchoff von Saltzburg und Hertzog

194 1584 1390 86 Albrecht aus Baorn, Marimiliani Bruder, abgeholt, und znr Au-

192 1634 1391 84 lien degleitet. Als er zum Kayſerl. Thron kommen, und ſich auf

191 1683 1396 84 ſie Knye begeben, hat abermahl der Reichs⸗Vice-Cantzler der Kay⸗

188 1717 158 74 ſerlichen

353 1740 1231 72 Maſeſtaͤt Intention eroͤffnet: wie nemlich dero gebuͤhre das

191 1781 1392 86 Anrechte zu ſtraffen, und das Gute zu belohnen; wollen demnach die

195 1827 1388 91 Chur von der Pfaltz nehmen, und ihme allergnaͤdigiſt conkeriren, und

194 1869 65 64 un

284 1883 1299 84 ertz⸗ Truckſeß creiren. Nach abgelegtem hoͤſuichen Danck, wur⸗

195 1930 1386 92 le Marimilian mit dem Churfuͤrſtlichen Hadit angekleidt, legte hier⸗

220 1985 1357 81 a das ſurament ab, kuſte das Kayſerliche Schwerd, lernach dem

209 2035 1372 87 Eoſer Nis Hand⸗ und noch abermadligen demuͤchigen Danck⸗ ver⸗

1445 2095 136 84 richte⸗

61 702 34 49 ne

48 737 45 64 1
