2034 2583
410 258 79 66 2o

912 275 125 66 ugs8

1218 275 101 70 2g--

413 318 1404 85 richtet habe. S. Agilis Abbt zu Respach, (wie in ſeitem Leben c. r. zn leſen)

416 368 1398 73 hat mit Euſtaſio L uFvovienliſchen Abbten, denen Banern die wahre Ehriſtliche

419 410 1396 75 Lehr geprediget. Euſtalius iſt geſtorben Anno 627. vide Georgium Eecard-

422 447 1392 82 Tom. I. Francie Orient. pag. 195. Daß aber ſchon lang vorhero die Bayern

416 492 1398 79 die Erkanntnnß des wahren Glanbens bekommen, iſt in denen Hiſtorien uͤberall;u

417 539 1394 78 hinden. So lang die Roͤmer m diſem Lande ſich aufhielten, ſo lang blieben dieBar⸗

414 582 1398 76 ern in der Erkanntnuß der wahren Religion. Doch ſindet man, daß damahls bey

416 622 1396 81 denen Noricis die Chriftliche Religion mehrers zugenommen. Da aber vyn denes

417 664 1398 75 Barbarern die Roͤmer vertrieben wurden, nahme auch in Bayrn, wegen diſen

413 708 1397 79 frembden, unglandigen wilden Voͤlckern, die Unwiſſenheit und Frrthum wiede-

407 759 182 58 rumen zu.

539 799 1271 74 3. Wann ſchon der heilige Rnpertus, Anno 69S. nach Regenſpurg ge⸗

410 840 1398 75 kommen, und Theodonem II. allda getauffet hat, ſo ſolget doch mt, daß vorhe,

407 882 1404 78 ro keine Moͤuch dey dem Grab des heiligen Emmerami beyſammen haben wohnen

406 927 1401 74 koͤnnen. Tbeodo L. welcher zu Abbuͤſſung der groſſen Suͤnd, ſo ſein Sohn Lanber-

407 970 1401 74 tus durch die Marter des heiligen Emmerami begangen, hat den Anfang diſer

406 1005 1399 76 Cloͤſterlichen Verſammlung durch Einſetzung deren Monchen gemacht, welche dey

407 1050 1400 77 den Grab des Groſſen, und Glorreichen Marters S. Emmerami GOTT lobes

403 1092 1401 78 muſten. Die Catholiſche Religion wurde nit ausgetilget, ſondern, wie wir obes

403 1135 1399 81 aus unſeren Arnoldo verſtanden: Es kamen verſchidene Frembdling, ſo ſich theil⸗

400 1181 1401 77 vor Biſchoͤff, theils vor Prieſter ꝛc. ansrufften, und falſche Ketzeriſche Frrehume.

400 1222 1400 80 ansſtreueten, diſe haben durch ihr falſche Lehren viles Volck detrogen, dahers

403 1264 1397 84 Theodo I. um den heiligen Rupertum geſchicket, und denſelben gedetten, das

399 1308 1399 76 er die wahre reine Lehre durch ſeinen Eyfer in Bayrn moͤchte herſtellen. Wani

403 1350 1394 82 Theodo damahls der Abgoͤtterey zugethan geweſen waͤre, ſo haͤtte er von ſich ſelb

393 1391 1404 82 ſten zu diſen heiligen Biſchoffen keine Geſandſchafft abgeſchicket, day er nach Hoi

393 1440 1401 75 und in Bayern kommen moͤchte. Es kan alſo das Alterrhum deren Moͤnchen des

390 1480 1402 79 der Grabſtatt S. Emmerami, gar wohl vor der Ankunfft S. Enperri in Regen

393 1526 1399 78 ſpurg, ſo Anno 696. geſchehen, beſtchen. Daß ader zn ſolchen Zeuten

390 1569 1399 72 die Moͤnch in Bayrn ſchon dekannt waren, erhellet aus deme, was oben von der

389 1610 1402 77 nen heiligen Agile, und Euſtaßio Aebdt⸗ und Moͤnchen erzehlet worden. Solches

387 1645 1141 89 wird auch hinnach an ſeinen Orch noch mehrers beſtaͤrtiget werden.

897 1775 389 104 Vormerckung

381 1884 1403 97 Zu denen folgenden Capitlen: von der Geburt S. Emmers-

450 1951 1278 88 mi; deſſen Jugend; Biſchoͤflichen Stand; ſeiner Ankunft zu

683 2004 808 85 Negenſpurg: Marter, Lod, und Begraͤbnuß.

411 2067 1367 86 Deleſtinu Aobt hat das jenige, was er in diſen TI1. TV. V. VT. und VII.

440 2116 1332 82 Capitlen von S. Emmeram erzehlet, theils aus Meginkredo, theis ans A

368 2153 1404 127 zolao. nid dvno ainannn darnolevo grdehrad ans ded Fnnehurzzt

1672 2221 105 83 ſches

1927 299 99 59 ſchlerk

1929 341 90 55 ſen 9

1927 375 101 62 Mntt

1927 429 101 50 S. En

1926 469 102 56 geſtor

1927 507 98 75 deſon

1922 549 91 55 hen,

1924 595 104 53 Sœeu

1919 638 109 53 Arno

1920 675 109 64 Abbte

1919 724 100 50 ſter

1916 760 113 59 erſnehe

1920 802 106 57 licher,

1916 840 112 58 Bitten

1923 883 105 54 Arnol

1917 931 104 64 hat er

1913 1014 115 52 Panoꝛ

1911 1059 115 51 wordes

1910 1096 112 59 Antiy

1916 1133 100 73 Die

1909 1215 113 63 ſio,,

1913 1264 62 59 ge:

1907 1311 112 47 dam,

1907 1348 121 56 anfbeh

1906 1389 119 56 Eren

1906 1423 113 60 finden.

1904 1472 122 60 erhellet

1906 1512 122 66 Nahme

1901 1567 127 47 zu ſeher

1907 1605 114 59 weder.

1900 1674 129 68 Lebt, s

1899 1732 130 48 Arnole

1897 1773 129 55 von d

1897 1821 129 54 culis.

1893 1856 132 74 re deſte
