1571 2270
647 128 33 48 on

716 121 44 63 8

800 123 232 66 O) LAg-

1444 132 86 59 179

155 168 1370 77 der Rarh, und Churfuͤrſtlich⸗Brandenburgeriſcher Abgeſandter auf

151 221 1370 71 den Reichs⸗Tag zu Regenſpurg, welcher in ſeiner anhaltenden Kranck⸗

150 271 1373 68 heit mit reiffem Bedacht, und Uberlegung, zur Catholiſchen Religion

151 315 1369 69 ſich bekennei, ſo geſchehen den 12. Docembris 1727. iſt alsdann den

151 365 1368 70 27. geſtorben. Nach deſſen Abſterben nahmen Titl. Titl. Frobenius

145 407 1373 77 Ferdinandus Farſt von Fuͤrſtenberg, als Kayſerlicher Principal-Com-

143 460 1376 72 miſlarius alle Sorg vor die Begraͤbnuß des Verſtorbenens; maſſen

145 509 1373 68 Derr Graff Metternich, nachdeme er ſeinen Koͤnig die Nachricht von

140 556 1375 68 der Religions⸗ Veraͤnderung erſtattet, und ſeine Charge geziemender

138 606 1376 68 Maſſen abgelegt, ſich unter den Schuhz Sr. Majeſtaͤt des Kayſers be⸗

137 654 1374 71 geben. Der Leichnam des Verſtorbenen wurde den 28. Decembris

135 701 1376 73 ohne Ausgeſeegnung aus ſeiner bißherigen Wohnung auf einen Trauer⸗

136 750 1374 68 Wagen von 6. Pferden nach S. Emmeram gefuͤhret, welcher bey der

136 800 1373 66 ſogenannten Groͤed unter gewoͤhnlichen Gebett, oder Ausſeegnung em⸗

131 852 1378 59 pfangen, und nach den Loͤwen⸗ Saal getragen worden, allwo ſelber

137 897 1368 66 ꝛ. Tag lang offentlich ausgeſetzter zu ſehen ware, worbey die heilige

131 949 1369 62 Meſſen geleſen worden. Alsdann geſchahe wie Anfangs gemeldet,

128 993 1373 67 den 2. Jenner die Begraͤbnuß, welche Titl. Anlelmus Abbt perſoͤhn⸗

127 1041 1375 68 lich verrichtete. Bey denen GOttesdienſten vor den Verſtorbenen

128 1097 1372 54 ware ein ungemeine Menge Volcks, die geſambte Catholiſche hohe

126 1141 1373 64 Geſandſchafften und Adel. Der verſtorbene Titl. Herr Graff hatte

123 1189 1374 62 Lebszeiten ein Soliloquium verfaſſet, in welchem er ſeine Saͤtz wegen

121 1238 1375 62 der Catholiſchen Religion angemercket. Dieſes Soliloquium hat her⸗

121 1288 1371 65 nach unſer R. P. Calparus Erhard, nebſt von ihme beygefuͤgten Notis

119 1331 456 67 zum Druck defoͤrderet.

248 1391 1244 76 Dieſes Fahr (Anno 1728.) iſt die Ertz⸗Bruderſchofft der Nr⸗

116 1450 1378 62 lerheiligiſten Drevfaltigkeit von gleich jetzt gedachtem R. P. Caſparo

114 1501 1373 67 Erhard Profeſlo zu S. Emmeram, mit Erlaubnuß deren Oberen ein⸗

113 1557 340 73 Fefuͤhret worden.

246 1605 1239 71 Anno 1722. Lieſſe Anſelmus Abbt das neue Gebaͤu, wo zuvor

113 1655 1372 67 die Buchdruckeren, und unſere Zehend⸗Staͤdel geſtanden, (nebſt des

113 1706 974 73 Cantzlers Wohnung,) vom Grund aus auffuͤhren.

241 1760 1240 74 Anno 1720. den 22. April ſtifftete Carl Albrecht Churfuͤrſt und

116 1816 1360 74 Hertzog in Bayrn den Orden S. Georgii & Dekenſorum Immaculatn

114 1871 552 78 Conceptionis B. V. Maria-

794 1966 216 83 Oddd 2

1348 1962 130 88 Anno
