1554 2270
630 100 19 55 2

697 95 49 80 2

858 95 18 68 ,

910 95 109 61 Chg--

1435 95 77 48 195

134 141 1379 86 boffte der Chur⸗ Fuͤrſt werde ſelbſt erſcheinen, und was dem gemei⸗

133 196 847 72 aen Weeſen diene, verhandlen helffen. (e,

132 290 1377 69 ten Herin Gohn Ferdinando I. Koͤnig in Ungarn allhero kommen,

257 228 1257 91 Zn Anfang des Funli ſeynd Ihre Kayſerlche Maſeſtaͤt mit ih⸗

133 332 1375 79 und haben ein ſchoͤnen Einzug gehabt. Es erſchienen ouch die z. Geiſt⸗

133 387 1376 67 liche Chur⸗Fuͤrſten, und der Chur⸗Fuͤrſt Mazimilian aus Bayrn⸗

133 432 1379 69 der machte mit ſeiner Gemahlin das Luartier in unſerem Cloſter.

131 477 1380 74 Sachſen und Brandenburg durch ihre Geſandten, weil ſie die Unko⸗

127 527 1380 74 ſten ſcheuheten, oder vielmehr die Schmaͤlerung ihrer Reputation,

128 577 1381 81 vann ſie weniger⸗ als die Proteltanten verlangten, oder gar nichts er⸗

128 634 305 64 alten wurden.

257 645 1256 102 Dieweil nun dle Peſchwdͤrden deren Proledirenden aus dem

126 721 1383 77 Kayſerlichen Edict wegen Reſtituirung deren Geiſtlichen Guͤttern ent⸗

127 770 1382 77 tprangen, haben ſie ſelbe in 20. Artieul, wie es endlich mit dieſen

128 817 1379 77 Guͤttern ſolle gehalten werden, dem Chur⸗Fuͤrſten von Mayntz uͤber⸗

127 866 1380 78 geben. Hierauf ſie auf alle, wie der Kayſer wollte, die antwort em⸗

129 909 1378 83 ptangen. Und haͤtte man ſich noch wohl verglichen, wann nicht eint⸗

131 957 1372 85 ge, zweiffels ohne mehr die Eigennutzigkeit, als die Ehr GOttes con-

129 1008 1374 81 liderirend und ſuchend, demn Kavſer ferneren Krieg perluadiret, und

129 1055 1373 83 alle hoch⸗ dernunfftige friedſame Raͤth hintertrieben haͤtten; nicht be⸗

131 1105 1372 84 trachtend, quoͤd in delperatis ſit mira virtus; das Nervus Belli bey

133 1150 1368 93 venen Catholiſchen ſchon gant erlahmet, und ſolche Rath⸗Geber was

131 1216 582 71 bepzutragen niemal gedachten.

306 1232 1197 99 n Augnſto iſt durch offentlichen Trumel⸗Schlag, und Able⸗

131 1297 1366 77 ſung eines Erb⸗Raths⸗ Decrets, bey Leib⸗ und Ledens⸗Straff ge⸗

133 1345 1370 80 botten worden, daß ſich die Burgerſchafft, und dero Angehoͤrige al⸗

131 1391 1368 85 les dilputirens in Religions⸗Gachen, und der unnoͤthigen Dileurſen⸗

132 1437 1366 99 die auch gefaͤhrlichen Zeitung⸗ Schreibens, von den jetzigen Sachen

133 1512 324 68 enthalten ſollten⸗

251 1523 1250 103 Den 12. September hat Kayſer Ferdinand ein Mandat an alle

132 1577 1367 97 Chur⸗Fuͤrſten und Staͤnd dis Innhalts abgehen laſſen, daß dem von

134 1631 1367 92 Fayſerlicher Rajeſtaͤt niemahlen belendigten, doch Kriegs⸗ fertigen

132 1676 1366 108 Loͤnig m Schweden, niemand mit Waſfen, Proviant⸗ oder ande⸗

1420 1731 77 71 ren

163 1889 1331 89 D Anns 16ꝛo. tofebte Lerdigandas I. vs Et oer untutrckten Engſorgrust Aarie an alo

191 1958 371 67 Diten ſeperndy zu halten.
