1959 2500
38 283 63 60 rde

25 334 79 63 mnd,

44 381 51 64 te,

25 431 77 66 iete⸗

40 479 51 66 ini

30 580 64 71 und

20 638 75 68 Hen,

31 733 62 69 end⸗

744 245 343 78 2 (0) 858-

1504 256 95 70 262

197 290 1403 98 ad Ercommunicatione ablolviret. Dieweil er aber nichts hielte, ſon⸗

197 348 1399 89 dern nur ſchlimmer wurde, haben die Staͤnde den 25. Mertz zn Forch⸗

197 393 1399 101 deim Rudolphum, Hertzogen in Schwaben zum Roͤmiſchen Koͤnig

198 450 1396 88 erwahlet. Heinricus lieſſe ſich deſſen wenig irren, weil er einige vor⸗

207 497 1381 93 ehme Geiſtliche Fuͤrſten auf ſeiner Seythen hatte, die aber GOTT

205 550 1392 90 ſugenſcheinlich ſtraffte; als nemlich Embrichonem, Biſchoffen zu Aug⸗

202 601 1391 90 ſpurg, der, gleichwie er ihme den Zorn GOttes ſelbſten gewunſchen,

205 655 1388 83 dann er kein gerechten Handel haben wurde, alſo hat er ſelben unter

201 688 68 66 den

283 706 1310 80 heiligen Meß⸗Opffer erfahren, und des gaͤhen Tods geſtorden.

207 755 1386 86 oeinrich und Rudolph geratheten in ein Krieg, bey Millerſtart ge⸗

205 802 1391 92 ſhah ein Schlacht, die unfehldar Rudolphus verlohren haͤrte, wann

209 859 1383 82 dertzog Otto ans Bayrn nicht das Beſte gethan haͤrre, und die Victo-

258 912 1338 78 rhalten. Ein andere Schlacht erhielte Anno r0so. Orto dem Ru-

209 934 41 63 .

254 961 1342 79 pho vom Kayſer Hainrich bey Fladehaim. Noch in dieſem Jahr

209 1008 1381 86 aͤmen deede Partheven zuſammen dey dem Fluß Eiſtra in Sachſen,

208 1040 72 68 Otto

315 1063 1281 81 Rudolphi General, erhielte ſelbigen Tag, da das Treffen ge⸗

209 1084 109 88 chab,

209 1140 66 72 aß

323 1116 1270 78 zweymahl den Gieg. Rudolphus aber wurde alſo verwundt,

291 1166 1303 75 r hat ſterben muͤſſen. An ſeine Stell wurde Hermanus, ein

218 1191 84 78 Hrat

330 1213 1267 82 (einige wollen er ſeye ein Fuͤrſt geweſen) erwaͤhlet Anno

236 1263 1361 84 12. miſchet ſich in dem Krieg, den Lcopoldus auch Oeſterreich mit

216 1312 1381 85 Anrado aus Maͤhren (Moraro) gehabt, Biſchoff Orto allhie, Leo-

209 1363 1391 84 odͤus wurde geſchlagen, darob erfreute ſich Otto, als ein Freund

213 1391 55 67 es

280 1412 364 75 Kayſers ſehr hoch.

320 1468 1277 77 Anno 1085. belaͤgerte Heinricus Rom, bekams in ſunio, und

219 1508 1375 94 ſor mit Brennen groſſen Schaden. Hermannus halffe dem Pabſten

211 1541 72 71 zerr

322 1573 1275 75 allweilen aber Hertzog Orto, den er faͤr einen Vicarium Impe-

219 1590 35 57 0

293 1620 1306 81 ſtellt, die Echuld der Natur bezahlt, hat er muͤſſen zuruck blei⸗

209 1637 71 76 den

319 1673 1281 75 Anno 1osa. entwiche GREGORIUS und wurde GUIBERTUS

213 1684 49 64 eu

283 1720 1317 77 ehismaricns, und gottloſer Mann, von Heinrico inrrudirt, lieſſe

211 1733 58 76 ſic

288 1775 1311 72 eonen. Von dieſer Reiß kame Heinricus wieder allhero gen Re⸗

213 1793 56 58 zer

276 1825 1324 77 purg, und wurde herrlich empfangen. Die Sachſen wurden des

227 1840 45 65 r

279 1875 1321 75 zens mud, hielten zu ihrem Schaden wider Hermannum mit

237 1915 1363 93 einrico, der aber keine Freund nit achtete, ſondern gleich ſich wider

219 1962 1375 97 andlich erzeigete, von ihnen aber aus dem Land verjagt wurde Di⸗

220 1987 38 61 er

277 2020 1322 85 erſtarckte ſich mit Bayern und Francken, gienge Anno 1086. wi⸗

211 2033 55 67 der

279 2061 34 51 1

333 2075 1270 81 Sachſen, hauſete gut Tuͤrckiſch, aber nit lang, dann er aber⸗

211 2084 102 92 nab

326 2125 1277 87 verjagt wurde, und ſich alhero reririren muſſen. Velpho der

1499 2188 97 74 Her⸗

54 841 37 54 t.

56 887 32 69 1

63 979 17 66 )

27 1237 63 64 het⸗

26 1341 58 56 Ru-

23 1434 65 61 An⸗

20 1484 68 63 voud

31 1577 55 71 des

34 1626 43 69 ab

52 1731 31 60 n

40 1880 39 61 ne
