1566 2270
564 128 55 73 l

851 128 113 72 it-

736 127 89 79 0)

55 147 101 58 60s

60 168 1393 96 ihr Gembch, Meynung oder Abſicht nicht anderſt weder faͤr ſich ſelbſt

55 225 1399 87 fuͤrzunehmen, noch auch den Ihren zu geſtatten, dann was Chriſtlich⸗

71 276 1378 80 ehrlich, und billich iſt, und ſie auch gegen GOtt, auch der Roͤmiſcher

73 327 1381 85 Kayſerlichen und Koͤniglichen Majeſtaͤt, unſeren Allergnaͤdigiſten Hermn,

69 377 1380 80 und maͤnniglichen in gemeiner Reichs⸗Verſammlung, und ſonſten wie

68 427 1368 91 ſich gebuͤhret, mit Fug und der Wahrheit zu verantworten verhuffen.

136 1373 1307 55 Ware, ſo haͤtte man die Mißbraͤuch wider die wahre Lehr nicht wahrgenommen. Um aber à.

137 1408 1309 61 Mißbraͤuch abzuſtellen, ware es nicht noͤrhig ſich von der Kirchen abzuſoͤndern, und dero Auchorr

138 1450 1295 58 rar zn verwerffen: Nene Lehren mit velen Gezaͤncke und Uneinigkeit unter ſch ſelbſten aust

135 1486 1283 60 breiten. Anzeno aber, damit dteſe neue Lehren einen Deſtand haben, muͤſſen die OOorigteiten ſ

132 1527 1301 55 ſten ihrer Authoritœt gebranchen, da man zwor alle Authoritzt in Gewiſfene⸗und Eiauden

137 1565 1309 55 Pachen verworffen hatte. Lutherus hatte zwar Anfaugs keme Gedancken die Auchoritzet de

132 1597 1317 60 Rirchen zu verwerffen, nachdeme er aber mehr und mehr durch Hitzigkeit ſich verirrer, und der

135 1639 1307 58 Hochmuth die Wurtzel gefaſſet, verwarffe er die Aurhoriter der Kirchen, obwoblen mir groͤſte

133 1682 1305 57 Angſt, dann er wuſte den klaren Gefehl Chrifti JEſu: Die Kirchen anzuhoͤren und dero

133 1718 1311 62 ſelben zu gehorſamen. Vide Pralat. Lurheri operum. Tom. I. Er yreoigte eine neur gehr⸗

138 1761 1310 58 zie Gewiſſens⸗reyheit ꝛc. welcches aber enduch dahin eingeleitetvorden, daß du Geneingeihter Obrig⸗

136 1803 1308 55 keit und Herren Paſtorn anjetzo gehorſamen muͤſfen, weien ein Aurhorirarunumganglich noͤrhig iſt

138 1846 1310 60 Demeinde, und Einigker zn erhalten, und die Uunwiſſende zn lehren. Aber genng. Ich bitte

140 1886 1306 75 GOLL, daß Er das Liecht des wahren Glaubens unſeren

138 1943 1159 88 Gegneren gebe, ꝛn Seiner Ehr, und ibrer Seeligkeir:

1335 1140 109 87 CA-
