2127 2583
1090 281 409 74 &Z C0) Ltg-.

589 342 1417 81 privar zuſamm getragen und colligirt, was von Zeit des

587 403 1419 86 Urſprung und Anfang bemelten Cloſters denckwuͤrdig ſich

587 469 1420 82 bey denjelben, auch in⸗ und umb die Reichs⸗Staot Regen⸗

597 532 1412 86 ſpurg, abſonder in geiſtlichen Sachen biß auf 1650. ereig⸗

589 599 1420 89 net, welche zuſamm getragene Geſchichten ich Anno 1672.

594 664 1416 85 zu dem Ende drucken laſſen, damit ich denen Parronis

587 728 1425 81 und guten Freunden diſes Cloſters ſo etwan, von dem⸗

589 793 1418 80 ſelben und deſſen Anriquiteren was zu wiſſen verlangten,

588 861 1425 77 ihren Deſideriis mit ſolchen ſtatt thuen moͤchte. Indeme

587 921 1425 86 nun die gedruckte Eremplaria, deren ohne das kein ſonder⸗

588 985 1421 88 bare Anzahl geweſen, ſchon vor 2. oder z. Jahren weg⸗

592 1047 1421 90 gangen, und diſe Hiſtorien von unterſchidlichen Orthen

589 1113 1427 86 verlangt werden, wie man mich dann ankommen, ſolche

589 1172 1424 90 widerumb drucken zu laſſen, als habe ich deme willfahren

588 1238 1422 90 wollen, geſtaltſamb ich hierauf dieſelben vor die Hand

592 1302 1420 85 genommen, und was ich ſeithero denckwuͤrdiges geleſen,

591 1367 1419 90 ſolches deyzuletzen, und mit deme das vorige zu vermeh⸗

587 1432 1426 90 ren, und zu verbeſſern ermeſfen, welch alles erwehnter

588 1498 1425 84 maſſen aus mein anvertrauten Cloſters alten geſchribnen

587 1561 1423 82 und gedruckten Buͤchern genommen habe, nit zweiflend,

591 1624 1419 85 gleichwie ich bona fide dardurch gangen, und mit Ver⸗

592 1688 1418 87 gleichung der Hiſtorien keinen Fleiß geſparet, noch Parz

589 1750 1423 91 theylichkeit geſucht, der guͤnſtige Leſer werde ſolches mit

595 1818 1418 87 gleichem Gemuͤth, und Zuneigung annemmen; uneracht

592 1881 1420 80 er villeicht Hiſtoricos hat, die etwan in der Zeit oder in

592 1944 1421 90 der Sach ſelbſten diſcrepiren. So kan er gleichwohl auch

597 2006 1413 91 gedencken, daß die ſeinige eben ſo wohl, als die meinige,

591 2073 1416 85 oder ich aus ihnen fehlen kuͤnten. Abſonderlich waren ie⸗

581 2138 1426 102 nr mit guten alten Hiltoricio zu conkundiren, welche ihr

1804 2204 202 73 Pallione-
