1959 2500
683 233 33 44 ae

769 227 35 70 8

844 229 238 71 0) 228-

1497 240 82 57 255

188 277 1395 84 Kuͤnſten unterwiſen. Bekam das Fuͤrſtenthum Bayrn nach ſeines

190 331 1388 78 Herrn Vatters Todt, verhielte ſich gegen dem Kayſer Orto, und

184 379 1395 86 zwar auf ſeines HHerrn Vatters Zuſprechen, ſo er ihme im Todt⸗Beth

186 431 1392 81 dethan, ſo wohl, daß ihme der Kayſer ſehr liebte. Gewan auch vie⸗

190 470 43 64 er

244 486 1332 72 Fuͤrſten im Reich ſolche aftection, daß unter mehrern Competen-

197 536 1382 75 en, ſo ſich nach Orronis Todt (der 1002. ſich ereignet,) um die Roͤ⸗

193 583 1383 76 uſche Cron riſſen, er den Vorzug bekommen. Er liebte die Geiſtli⸗

193 634 1386 78 he, halffe uͤberſich denen von denen hungarn ruinirten Cloͤſtern, und

190 683 1388 80 SOtts⸗Haͤuſern. Wanſee das Cloſter von denen allhieſigen Biſchoͤf⸗

193 737 1386 76 en gantz erarmt, iſt wider empor kommen, und mit Benedidinern

202 787 1376 78 letzt worden. Unſer Cloſter hatte an ihme ein groſſen Patron, und

193 836 1385 77 Hutthaͤter. Confirmirte alte Fundationes, und Privilegia, ſchenckte

193 886 1382 80 duter her. (c) Deſſen Tugenden, heiligen Wandel, und Leben,

200 938 1376 77 feilen vile andere beſchrieben, laß ich dabey dewenden, und weiſe

193 987 1303 85 en Leſer dahin. Erinnere allhie bloßz, was die Publica anbetrifft.

300 1075 1272 77 (d) Es haͤtte (wanns nach S. Vollgang Wunſch waͤre gangen)

186 1125 1388 79 ein Succellor werden ſollen B. lagminus, welchen andere lagmo, Da-

182 1175 1392 84 nus, Dago, oder auch Dudo genennt; Er war ein Religios unſers

229 1227 1343 79 ſters, S. Wolfgangi eyffriger, und fleißiger Vicarius, und unver⸗

198 1276 1374 78 Heidenlicher Geferth. Dahero, als S. Vollgang das Ende ſeines Le⸗

202 1315 60 62 ns

275 1330 1299 74 vermerckte, hat er den anweſenden, und fleißig aufwartenden

193 1354 34 59 la

233 1427 1338 75 hn dein Mund auf mein Mund, zu empfangen von dem HHErrn

198 1461 42 58 as

263 1476 1308 76 Anblaſen meines Geiſts, damit du allzeit, wann du in der wah⸗

200 1504 36 69 .

252 1527 1315 81 kieb, durch zunehmender HHitze deiner Jugend wolteſt erkalten,

194 1558 72 71 urd

182 1606 113 77 deien

295 1579 1274 77 Hoͤrtlichen Gewalt, und meinen Gunſt gebeſſert werdeſt. Au⸗

308 1634 1263 77 er aber denen Nachlaͤßigen Unvollkommenen nit gefiele, haben

184 1677 1384 84 Gebbardum L. gebohrnen Graffen von Andechs, und Hochenwart

180 1702 77 70 nas

272 1736 1297 73 S. Nolſgangs Todt Anno 992. erkieſt. Lagminum brauchte Hen-

179 1748 86 71 ricu-

276 1790 1292 68 als noch Hertzog, hernach zu einem Cantzler, da er Kayſer wor⸗

179 1798 66 68 en

279 1831 1286 84 und bey dieſer Wahl nichts golte, hat er ihn zum Biſchoff zu

183 1876 1384 96 derzeburs gemacht, hernach Anno ꝛoor. zum Ert⸗Diſchoff zu Mas⸗

904 1944 139 75 G92

1407 1952 157 81 deburg-.

204 2073 322 82 O) Vide Hiplonara.

205 2129 546 91 O Mwwelnta Faro ad annn ꝛaoꝛ
