2024 2573
738 228 48 63 s

1105 228 43 60 u.

207 280 1432 77 ger ſie ſchon zubor abgegliedet gehabt; riſſen ihme zuletzt ſein Mann⸗

207 331 1429 79 heit, und Scham unverſchamter Weis aus; und weilen der heilige

208 384 1426 74 Martyrer mittels im Goͤtrlichen Lob immerdar fortgefahren, haben ſie

205 435 1428 73 ihm auch den Gebrauch ſeiner Zung mißguͤnnet, ſelbige abgeſchnitten,

205 486 1427 74 und alſo den, an allen Gliedern geſtimmelten Leib in ſeinem Blut ſchwim⸗

204 537 1429 71 men laſſen, und davon gezogen, dem heiligen und frolockenden Obſi⸗

204 586 1429 72 ger aber das Feld gelaſſen, welchen alſobald ſeine Geiſtliche, und an⸗

204 637 1436 77 dere Mann⸗ und Weibs⸗ Perſohnen beſucht, und hoͤchſtes Mitleyden.

203 690 1427 74 erzaigt. Von diſem begehrte der heilige Mann, als von ſo vielen ver⸗

203 741 1429 76 goſſenen Blut, und ausgeſtandener Peyn gantz mat, zu ſeiner Lab⸗

207 793 1423 74 und Erfriſchung einen Trunck Waſſer; Vitalis aber (ſonſten ein from⸗

203 843 1427 76 mer Prieſter, und ſein Dolmetſcher) aus unbeſcheidenen Mitleyden

205 894 1421 76 verſagt ihme ſolchen, ſprechend: Was begehreſt du ein Labung oder

207 944 1416 73 Erquickung, weil du aller Leibs⸗Glieder beraubet biſt? meines Erach⸗

201 993 1423 84 tens ſolleſt du vielmehr des Tods begehren, als nach ſo ſchwaͤrer Plag

203 1042 662 77 und Schmach laͤngers leben. (k,

323 1099 1300 73 Nachdem aber Emmeramus geſehen, daß der Prieſter in ſolchem

208 1130 79 75 Anr

296 1152 1318 68 cht daran ware, faſſet er einen Arhem, und als viel er vermoͤcht,

203 1196 1420 77 redete er mit abgeſchnittener Zung zu ihm: Gedenckeſt du nicht, wie

205 1247 1414 80 ich oft geſagt, daß keiner zu ſeinen Tod eylen, ſonder vielmehr wun⸗

200 1299 1423 73 ſchen ſoll, daß derſelbe aufgeſchoben werde, damit er mit gottſeeliger

200 1347 1423 82 Fuͤrbitt fuͤr das Angeſicht des HHErꝛns komme, und den Schwachen

195 1396 1422 79 ein Zeit verliehen werde, abznbuͤſſen, was er durch menſchliche Schwach⸗

194 1445 1422 78 heit begangen; ſollte es dann deiner Faulkeit ſo beſchwaͤrlich ſeyn das

195 1489 1424 87 blutige Hertz zu erfriſchen? ſiehe ich ſetze dir diſer Urſach halber ein zeit⸗

195 1542 1424 90 liche Straf, alſo, wann du das Tranck an dem Mund ſetzeſt, ſollſt du

197 1598 1420 84 der Einnen beraubt werden, iedoch aber niemand Schaden zufuͤgen

198 1648 1419 88 moͤgeſt, ſonder maͤnniglich ein Erempel des Ungehorſams ſeyeſt. Nach

201 1699 1415 89 diſen Wort des heiligen Manns, iſt es alſo geſchehen, dann Viralis

197 1748 1419 91 ein frommer, liebreicher, im Dienſt⸗GOttes, und heiligen Meß⸗

194 1801 1423 87 Opfer fleißig und eyfferiger Mann, ſo oft er trincken wollte, verluh⸗

194 1852 1420 92 te er die Vernunft, und volldrachte unſinnige Werck, doch ohne ei⸗

195 1895 634 97 nigen Menſchens Schaden. (.

1474 1981 142 74 CA-

233 2134 334 63 (H) Pag. 90. eap. 12.

228 2168 326 70 lr) Eas 19. cnv. r2.
