1571 2270
666 126 342 73 28 (0) Lig-

1408 121 88 55 602

122 168 1364 84 genugſam die Nothdurfft zu erinneren, und zu troͤſten vermeynen, ſo

121 224 1364 74 wird doch gleichwohl kein wahrhafftiger Chriſt, der ſein ſelbſt, und

123 272 1362 76 ſeines Naͤchſten Schwachheit erkennet, und behertziget, ſich derſelben

118 322 1360 75 deſchwaͤren, ſondern die fuͤr hoch nothwendig achten; zudem auch nie⸗

116 374 1364 69 mand laugnen kan, ſe mehr und oͤffter, wir GOttes Wort, und zu⸗

116 423 1365 68 ſagen hoͤren koͤnnen, je beſſer es ſeye, und je kraͤfftiger wir in Glauben

113 471 428 76 dardurch werden. (,

251 515 1227 76 Des anderen Tags aber, ſo man das Volck ſpeiſen will, wird

107 567 1288 73 ein Chriſtlich Amt nachfolgender Geſtalt und Weiſe gehalten. C

242 612 1233 74 Daß anfaͤnglich, nach der Predigt, vor demſelben Amt der

107 655 1365 76 Schullmeiſter ſamt ſeinen Anaben, und Mithelffern die Litaney, das

104 710 1367 73 iſt, das gemeine Gebett fuͤr alle Staͤnde, und Roth der Chriſtenheit

102 756 1365 91 ſinget, alſo, daß erliche aus denſelben den erſten Chor anfahen zu ſin⸗

99 810 902 67 gen, und der andere Chor darauf antwortet.

227 841 1240 83 unter dieſer Artaney gehen drey Kirchen⸗ Diener, nemlich der

99 896 1366 80 Prieſter, ſo das Amt ſinget, ſamt zweyen Lebiten, nemlichen einen

98 950 1364 70 Evangelier und einen Epiſtler aus dem Sacra zum Altar, darauf das

102 992 1355 79 Volck geſpeiſet werden ſolle, und bettet der Prieſter ſamt dem Evan⸗

93 1039 1360 79 Helier das Confiteor, ſo verordnet dieweil der Epiſtler den Kelch,

95 1094 853 72 Buch, Partickl, und Paten auf den Altar.

222 1127 1231 91 Nach Endung der Litaney ſinget der Prieſter ein Collecten, an⸗

89 1185 1363 78 ſtatt der gantzen Kirchen. Darauf fanget dann der Schullmeiſter den

87 1233 1364 76 Introit an, nach Gelegenheit der Zeit, und ſinget darnach die Cyrie

85 1281 1366 75 eleiſon, wie ſich gebuͤhret. Nach dieſen ſinget der Prieſter das Glo-

84 1332 1363 70 ria in Ezcelſis OLO, und der Schullmeiſter darauf, das Et in terra.

699 1388 156 63 G899

1357 1380 90 61 Auf

118 1514 1323 81 () ROtt gebey das dle Herrm Glaubens⸗Geaner dleſe ihre eigene ngorr: von der heimlichen

145 1562 1288 68 Beicht, von denen Schluͤplen deren Kirchen⸗ Dienern, von der Abſolution und

142 1601 1286 72 Vergebung deren Suͤnden sffters bedachrſam aberleſen, mo detrachten. ete werden als

145 1638 1292 79 dann nicht urſach haden denen Romiſch⸗ Cacholiſchen von der heimlichen Beicht: Von den

145 1688 1292 67 Schiuͤſſel⸗Gewalt⸗ Von der Abſotntion und Vergebung, ewwas vorzwerfen. &s

142 1722 1295 75 muͤßte nur ſeyn, das zrieſer Dericht, ſo Anno 1522. abgefaſſer und gedrucket worden, nichts maͤr

141 1759 1292 75 geltere. Warumen aber hat man ſolchen Anno 1720. auf un neues wiederumen hewor guohen,

138 1822 318 46 und nachdrucken laſſen

111 1813 1316 105 O du Form dſes Chriauchen Amts moſen de Herm von Rrgenſdurg, aus veinmn aen wer⸗

140 1868 1284 77 Duchern deren Catholiſchen entnommen haben; Dann es mir denenſelben in meiſten aͤbereins

136 1906 1288 71 koramet. Alleinig, ich hoͤre, daß die Form dleſes Chriftlichen Amts alihter nichr deobachtet werde.

140 1938 1283 87 Es was vetoor du lrſsg det Lꝛnl desien dt Letwnonrn du tt Ane wt ann Falbenche.

133 2000 471 60 Lremomnen vieſe Oleichhert harten.
