1991 2551
734 259 31 64 -

1023 255 101 82 rE-

1551 274 84 68 105.

222 303 1418 88 chem er als mit einem koͤſtlichen Kleynod prangte, und die Zeit ſeines

222 355 1414 90 Ledens bey ſich truge. (n) Dieſes ſeeligen Vatters Fromm⸗ und Hei⸗

224 405 1413 92 ſigkeit hat GOtt durch viel Wunder⸗Werck bezeigt, ſonderlich iſt er

219 456 1411 92 lederzeit fuͤr einen Noth⸗HHelffer der gebaͤhrenden Frauen gehalten,

225 507 1408 89 und derjenige in der That dis auf den heutigen Tag erfunden worden,

222 555 1415 94 Iſt Praͤlat geweſt 26. Jahr 17. Tag. Er leuchtete mit Wunder⸗

218 607 1052 107 Seuchen, wie ſein Grad⸗ Scheiſft zu ertennen gidr;

336 705 883 94 gignis Careſeit pius bie namroldes bumater

338 768 734 80 Cœlo fulgeſcit, Celeſtibus aſſociatus.

340 830 695 84 S. Ramrold daber begraben lige

338 890 800 75 Viel VDunder⸗Seichen von ſich gibe,

395 945 669 68 Dabey du magſt erkennen ſrey

388 996 760 78 Daß er ein grofſer Heilig ſey. Cr9)

336 1089 1294 90 Anno 1667. den z. Auguſti, hab ich Cœleſtinus Abbt aus ſon⸗

226 1138 1401 92 erbarer Andacht B. Ramvoldi Grab eroͤffnen laſſen, und har ſich nach

243 1187 1380 97 chebung des erſten groſſen Grab⸗ Steins (wie noch zu ſehen) ein

229 1221 37 70 &

303 1244 1322 91 ckſchueh tieff Erden defunden, unter derſelden lagen zwey gewoͤlb⸗

273 1293 1353 93 Srein, jeder mit zwey dick eiſernen Ringen; als ſelbe erhebt wor⸗

222 1325 58 65 en

326 1344 1297 88 zeigte ſich das Grab aus einem gantzen Stein gehauen, und

214 1386 1409 99 ſatte in die Tieffe hinab zwey Staͤffel aus Stein. Dieweilen aber

216 1437 1403 96 er Leib ssa. Jahr an einem ſehr feucht, oder vielmehr naſſen Orth ge⸗

225 1485 1398 99 rgen, iſt nicht allein die Aichene Truhen, der Leib, und faſt alle

214 1532 1404 107 Bedein, ſonder ſogar das Eiſen, wormit die Truhen beſchlagen war,

249 1590 1373 96 uſſer das Schloß, ſo man noch kennen kunte) verweſen, und al⸗

275 1643 1345 98 gleichſam zu einem Zelten oder Laig worden. Die gantze Maſl⸗

276 1693 1340 105 rhebt, getruͤcknet, und in ein neue Aichene Truhen in das Grab

201 1738 882 105 Leieot, und wieder wie vor bedeckt worden.

850 1907 77 85 O

265 2093 52 52 1

347 2107 94 54 . 150.

251 2151 1354 99 7) D. Numroldus wnrd den 1r. funn beſonders verehn, an welchen Tag Ne RRPP. Bolerdis-

270 2188 779 90 dan Ardmn nurſet ſertgen Aedtmns n ꝛhrm Aktir ſegen⸗

1389 1906 223 114 Duſatz.
