1940 2440
897 199 31 55 ꝛi

385 200 92 68 138

1077 197 212 79 0) Et-

1850 230 71 53 emi

382 250 1400 75 ſehe auf in Rahmen JEſu.... und er ſprang auf, ſiund und wandlete. Actor.

1845 268 76 58 Lret

390 299 1385 71 3. V. 6. v. 8. &c Die Krancke wurden auf die Gaͤſſen getragen... damit,

1846 305 66 66 hen

382 342 1381 70 wann Petrus kaͤme, auch nur ſein Schatten jemand von ihnen uͤberſchattete, nnd

1845 353 74 63 da er

380 387 1382 60 von ihren Kranckheiten befreyet wurden. Actor. V. v. 15. Er machte einen Gich

1845 397 81 61 der H

380 428 1389 69 druͤchigen Ge iund. cap. 9. V. 32. Erweckte zu Joppen die Thabitn von Todren

1846 439 84 67 be w.

386 469 1331 67 verl. 20. Paulus wuͤrckte viel Wunder, und heyue die Krancke, alſo daß ſie-

1845 486 73 58 nrsn⸗

378 512 1322 61 von ſemnen Leib (Pauli) die Schwerg⸗ und For⸗Tuͤcher nammen, und ſie

1849 525 73 60 ꝛenen

379 555 1384 67 die Krancke hielten, und die Kranckheiten wiechen von ihnen, und die beſe Geife

1847 565 79 66 iſat

378 599 1385 66 fuhren aus. Actor. 19. v. 12. In Bedenckung ſolcher Wunder, ſo Chriſtus dur⸗

1850 612 76 60 bie

379 639 1365 67 Petrum und Paulum &c. gewaͤrcket, hat villeicht dieſer Seribent ſich nicht!

1845 654 76 71 keynd

376 684 1366 68 trauer, die von gelamten Magiſtrat, unter Bezeugnuß Ser gantzen Staoͤr beſchel

1845 702 77 82 Lay

375 733 1379 70 ne augenſcheinliche Wunder, als eine Sauberey zu berittlen. Ich wil keineswer⸗

1850 757 43 50 ꝛl9

378 780 1346 64 vor gewis behaubten, day alles und jedes, was die enfſerige Wahlfarther biswi

1853 798 19 60 ;

379 820 1354 67 ron ihren empfangenen Gutthaten meiden, als Wunder⸗Werck anzunrmmen i

1849 852 78 69 Ara

1719 862 42 100 .

374 864 1326 79 Aber das ſenige ein Zauberey zu betitlen, oder vor ein naruͤruiches Wecſen zu

1846 905 49 69 zu

370 912 1327 72 ten, was gegen alle natuͤrliche Ordnung geſchiehet, und jedermann, ſo cs mi

1710 952 45 61 zer

1847 951 57 64 ail

371 959 1319 68 gen geſehen, als etwas Auſſerordentliches erkennet hat, das laſſet die geſunde

368 1001 1317 71 nunnt nicht zn Ein ſolche auſſerordenrliche, und von )edermann, ſo damayls

1847 1007 48 63 a⸗

368 1045 1304 73 gen warr, beſtaͤtrigte, wunderbarliche Begebenheit warr, das jenige, ſo

367 1088 1285 73 Anfangs in den erſten Buͤchel Anno 1519. erzehlet wird, daß nemlich

1846 1106 72 65 ure

366 1140 1353 70 Rern, Steinmet⸗ Meiſter, in Abbrechung der Synagog mit einen Holtz⸗Trau

1850 1159 43 52 m

368 1188 1341 69 Doden geſuncken, und uͤber ihme ein Lant der Steinen bey 20. Eenten ſchwaͤt

1841 1198 78 70 deſer

370 1229 1334 66 ſamm gefallen, daß ihme das Blut zu Raaſen und Ohren ansgeſchoſſen, ware

1845 1251 59 57 lela

370 1270 1327 66 ein Mohr erſchwaͤrtzt, wurde nach Haus getragen, die Kertzen naͤch ghrift

1846 1287 72 64 And

367 1312 1324 73 Ordnung, wegen augenſcheinlicher Tods⸗Geſahr, ihme in die Hand deſtecket-

1847 1333 74 63 order

367 1359 1315 62 gienge aber den anderen Tag weder nt Freuden zur Arbeit, und ſante, daß

1850 1374 64 65 n.

367 1401 1327 67 ſeinen Fall die Fungfraͤnliche Mutter angeruffen habe. Dieſes Wunder er

1846 1419 50 68 2g

368 1446 1325 61 auch unſer P. Chriltophorus Hoſtmann, ſo damahls in Eloſter ware, des

1849 1472 80 62 enen

367 1485 1311 71 der Steinen, ſo auf dieſen Steinmetz gefallen, mit Augen geſehen, er bekraͤs

1841 1512 46 50 Ar

1712 1518 38 49 ol.

370 1535 1317 63 daß der Leib dieſes Menſchens voͤllig haͤtte muͤffen getnercher werden. Vide h

1845 1554 61 68 Acht

366 1573 1320 67 de eXpulſione ſudeorum apud Burcard. Gotrhelit Struvium. Actor.

1841 1590 48 67 ini

1720 1595 24 57 ,

366 1614 1319 70 rerar. tomo 2. lalciculo 1. Ich urtheile alſo, daß dieſer Scribent, ſo die

1846 1637 30 52 n

1713 1653 34 49 ri

363 1663 1330 70 dacht zur ſchoͤnen Maria eine Hauberer benabmſer, ſich uicht gerrauer habe,

1862 1680 64 63 chr.

1706 1694 40 51 e

361 1712 1297 65 angenſcheinliche, wunderbarliche, und auſſerordenrliche Gutthaten, dle an

1851 1722 74 65 Oet

1849 1767 62 58 ero

361 1759 1381 75 Drty geſchehen, vor ein dauberey antzuruffen, ſondern aus deren Wahltarter

1846 1809 62 61 aͤth

359 1811 1376 82 ohne Bedacht daher getommen, ſeltſamen Art ein Sauberey erzwingen wob.

1846 1847 72 69 Oyt.

1846 1893 68 56 ꝛrnn

482 1878 1256 88 o habe ohnidngſt an Menulcriptum i Hardenr beloammen, welsesa

1672 1927 67 64 amt

1853 1935 59 61 eſaͤ

361 1941 1261 65 einem allhieſigen Hern Entheraner (wo nicht ven einem Herin Paſtore ſelbſten⸗

1847 1975 63 61 ern

356 1984 1380 65 getragzen worden. In ſolchen leſe ich unter vorhergehenten Tert. Vos eſtir Sar ꝛenr-

1847 2019 63 71 en⸗

364 2026 1342 72 ſhr ſeyt das Galsz der Erden, vieles von der Hiſtorie dieſer Andachr

353 2075 1349 95 ſdenon Mu Euhr Do ddpa ns ede. an Den Patddr auorig;

1664 2097 71 75 ems
