1934 2551
48 283 59 40 un.

63 317 46 52 eit

63 350 44 60 al

51 398 53 59 tal

56 443 56 54 Pa-

73 487 26 51 1

231 262 1396 95 ſinum. biß endlichen Anno raꝛ2. ziſchen Nicolas V. und Frideries HI. Noͤmi⸗

794 226 314 75 S (0) Eeg-

1551 245 75 59 172

224 313 1406 88 cchen Kanſer ein Vergleich (Concordara Cermaniæ) gemachr worden, bey wel⸗

228 358 1403 89 Hen es diß anietzo verdlieden iſt. NB. Ans dieſen, was dißhero in vorgehenden

232 401 1401 89 Aumeris angemercket worden, kan der Leſer ihme ein Vorſtellnng machen, wie

225 443 1406 92 ruter Carolo M. und ſeinen Carolingiſchen Nachkoͤmmlingen: alsdann unter denen

228 486 1402 90 ꝛttonibur, und Henrico Fc. Erſten tcutſchen Kanſern, die Biſchoͤffe zu Regenſpura

231 531 1399 85 cſteller worden, und wie es hinnach mi denenſelben unter denen groſſen Troublen

225 572 1404 91 ienrici IV. und Henrici V. moͤge geſchchen ſeyn. Was fuͤr Truͤd ſalen das Ele-

224 596 53 60 ſter

287 622 1343 80 S. Emmerami, bey ſolchen Unſtaͤnden, nnd groſſen Verwirrungen ausſtehen

224 643 73 68 gabe

303 667 1324 79 naͤſſen, iſt theils leicht zu crachten, theils hinnach zu leſen; dann da cinige

229 705 1395 90 carſer den voͤligen Gewalt der Biſtumder ſich zneigneten, und die Biſchoͤff nach

235 751 1394 79 rſalen, ohne einige Wahl deſiellten, hatten die von dieſen Kayſern alſo beſtelre

239 795 1381 86 iſchoͤffe, Gelegenheit genng denen Cloͤſtiern Schaden zuufuͤgen, maſſen ſie in aroſ⸗

222 809 40 61 er

287 843 1335 76 inſrhen bey dem Hoff waren, und zugleich dem Kanſer in ſeinen Abſehen der⸗

228 861 106 74 tunden

228 919 600 94 roſuichen Amdt hch verhalten haden.

372 887 1250 95 Ich will aber nit geſagr haben, daß Alle auf ſolche Weiß in ihren Bi⸗

337 1023 1287 90 VL. Nun von denen FLediorisar, oder Erwaͤhlung deren Aebbten.

293 1075 1330 85 abe oben pag. 13. gemeldet, das zweyerley Gartungen deren Abbteyen gewe⸗

286 1112 75 55 hen.

221 1143 69 53 Jens

389 1122 1234 76 Einge Eloͤſier wurden genennet Regales, die andere Epiſcopales Abbariz.

303 1157 1320 92 hatten entweders die Koͤnig, und Kanſer ſeibſten geſufftet, vder die Stiffter

221 1180 82 64 zaden

313 1203 1311 92 ſolche von ihnen kundirte Cloͤſter dem Koͤniguichen Gewalr unterworffen. Diſe

233 1241 1393 102 grrr harten dre Biſchoͤffe auſgerichter In denen (Epilcopalidus,) Biſchoͤſichen

252 1289 1371 87 ſtern ware eine freye Wahl deren Acddten, alſo das ſelde ſchier allzeit von denen

252 1330 1372 95 onchen erwaͤhlet worden, gleichwie es von denen Conciliis, und Kanſern, (ge⸗

299 1373 1324 86 der Negel S. Benedicti,) vor alle Cloͤſter andeſolchen worden. In denen

226 1388 53 67 edr

287 1415 1335 92 lichen Cloͤſtern, (Regali bus) (leſen wir in der Hiſtorie) daß die Koͤnig

242 1444 25 48 1

287 1454 1335 96 Layſer die Aedbte deſtiellet haben, odwohlen ſie auch dirſen Cloͤſtern das Pri-

224 1475 45 58 1i.

292 1499 1334 103 zum errheilet haben, ihnen einen eigenen Abbten ſrey zn erwaͤhlen, we von

222 1540 1400 109 apo Magro iu leſen, welcher denen Cliſiern die Freyheit der Wahl deßtaͤrniget.

218 1584 1405 108 zidovicur kim, ein Sohn Caroli Magn, har deles Pririlegium, oder dre ſrere

226 1604 83 75 Dabl

226 1672 1396 102 nonaslinng de vereri Dileꝛplina. Parte II. Lid. IL. Cap. XXVII. erzeh.

331 1639 1293 94 denen Cloͤſtern deſtaͤruget, ader ſeldſten, ni deſtaͤndia darauf gehalten, we

221 1683 51 67 er

216 1731 60 57 ſter

360 1729 1262 85 ſzes auch von denen nachiolgenden geſchehen. Carolar Craſſer dar das Cis-

218 1801 1404 107 ruuſtaͤnden nuſten die Moͤnch uͤfters um die Beſtoͤrnanna ihrer Prir dlezien orhal

364 1774 1259 86 amerami Ambrieboni Biſchofſen uͤderlaſſen. Eihe pac. 2a. In ſolchrn

215 1818 61 66 ten.

307 1838 72 73 Ae

215 1872 52 54 ru.

385 1863 1235 85 deſtaͤnrigte auf ein nenes Arnulptus der Kanſer, und ſein Cohn Ladori-

283 1897 1339 95 enen Monchen zn S. Enneran ihre Privilegia. Die ſchwaͤre Aneg, arol

225 1937 1392 103 musdaden, die mmmerwaͤhrende Trondlen, waren gar vnt die Urſard, das dit

215 1947 75 69 nreye

310 1981 1310 99 Sahl deren Moͤnchen verhindert werden; dann die Koͤnig, oder Karſer aa-

215 1989 57 58 den

222 2032 84 75 era

355 2033 1265 91 addteyen in ſolchen Umſtaͤnden, rheils denen Wettuichen, dannt ſelde in

326 2073 1294 95 reſto leichter dienen koͤnten; theils denen Biſchoͤrfen, welcde krin ſarctes Ein-

218 2105 1399 121 dn. m a MI 2R 11 nl  ꝛi ve: d d. v 2-

1508 2193 118 70 w.tun

85 590 15 34 ,

28 617 76 66 ulaſt

60 663 43 55 os

43 711 56 57 fuͤr

68 746 32 58 u

53 796 46 52 ꝛ0.

52 837 47 64 to.

75 924 17 46 ,

58 1275 36 51 ri
