1991 2551
32 372 61 53 in

811 263 337 75 6S (0) Zèb-

1576 277 80 60 115

256 311 1406 85 lovrici Germanici, bezenget, indeme alda mit klaren Worten gelagt wird, das

255 361 1402 86 die Mntter (Caroli Cralli) an dieſen Orth (zu Ober⸗ WDuͤnſter) ruhe.

255 408 1398 86 Beſihe Aventin. lib. A. Annal. pas- 316. Hundium Metropol: Salisburg.

252 446 305 75 tom. IIL. pag. 1.

361 496 1293 77 Hermannng Contractus ſchreibet ad annum 877, daß Hemma bey St.

253 537 1401 79 Emmeram begraben worden, welches auch unſere alte Manuſcripra bekraͤffugen.

258 579 1398 80 lventinus lib. A. Annal. pag m. 122. vermennet, daß die Grabſtart, welche zu

265 619 1391 86 5t. Emmeram nedſt S. Dionylii Altar, (allwo ein ſteinerne Bildnng einer Koͤnigin

258 670 1399 75 n ſehen,) gezeigt wird, die Grabſtatt Ute, Grmahlin des Kayſers Arnulphi

252 712 1404 90 eyr Es kan auch ſeyn, daß Hemma Anfangs zu St. Emmeram, hinnach aber in

249 751 569 85 Oder Munſter begraben worden.

589 942 701 123 CATUTXXI

293 1077 1313 113 Sancti Maximianus und Calcidonius.

340 1208 1296 87 Jeſen vorbeſchriebenen HHeiligen und Seeligen, ſeynd Anno 1678,

360 1266 1287 83 zugeſellet worden zween adeliche Roͤmer, ſo um des Chriſtli⸗

246 1359 1397 92 utgeoyfert. Nemlich der heilige Morimianus von dem edlen Ge⸗

371 1318 1276 85 chen Glaubens willen zu Rom ihr Blut vergoſſen, und Leden

239 1407 1405 88 chlecht Sarurnini, und der heilige Calcidonins. Dieſen letzten hat pro-

242 1449 1397 102 enrirt der Wohl⸗ Ehrwuͤrdige und Geiſtliche Herr P. Simon Gaͤnsler,

241 1496 1401 101 Ord. S. Francilci der Reformaten, Bayriſcher Provintz Cuſtos, und in

238 1551 1401 104 nſer Cloſter deſtinirt, und verehrt der auch Wohl⸗Ehrwuͤrdig und

246 1604 1393 105 Heiſtliche Herr P. Forrunat. Hueder, gedachtes Ordens und Provintz

241 1656 1402 104 rorincial. Dieſes Corpus wurde zu Freoſing recognolcirt, und den

282 1716 1357 89 Novemb. allhero gebracht. S. Mlanimianum hat vrocvrirt, und

239 1740 65 62 den

361 1770 1274 89 . Novemb allhero gebracht der auch Wohl⸗Eyrwurdige und

236 1785 180 85 Geiſtlich⸗

239 1860 1397 104 Lapucmer Guardianus zu Braunan in Bayrn. Dieſer zwey Heiligen

441 1825 1194 83 Herr P. Nararius von Donauwoͤth Ord. S. Francilci der

236 1891 138 78 Bebein

395 1924 1244 88 evnd ordentlich zuſammen gerichtet, mit Perlen und Edelge⸗

231 1941 82 68 ſtem

334 1969 1302 107 gezieret, und in ſchoͤne wohl proporrionirte Sarchen gelegt

235 1995 150 84 vorden.

351 2086 1284 90 In folgenden Jahr 1679. hat man ſelbige den 12. May vor

243 2130 1389 106 (ags i Sl. Jacobi Cloſter⸗Kirchen der Scoren rrandlerirer, den an⸗

927 2208 79 65 S 2

1524 2220 106 65 dern
