1923 2446
57 217 62 62 gnoͤ

748 206 237 68 2 (0)

210 245 1378 97 eahlt werden ſollen. Maſſen deßwegen ein ordentlicher Recels untern

1501 225 82 50 26,

202 297 1385 101 Oato 15. lunii Anno 1571. aufgericht, und von Marimiliano H. untern

199 349 873 85 Dato 22. Auguſti 1572. conkirmirt worden.

203 448 1377 95 ſidenꝛ von innen und auſſen, Kayſer Manimiliano H. (der ſeinen Sohn

315 404 1270 86 Dieſer Biſchoff hat Anno 1773. ſein HHoff⸗ und Furſtliche Re⸗

212 500 1372 93 udolphum Anno 1175. den 27. Oetobr. allhie eroͤnen laſſen,) zu Eh⸗

205 551 1379 84 en und Gefallen aufs herrlichiſt erdaut, erneneret, geziert, und dar⸗

206 600 1377 91 nit Anlaß geben, daß deſagter Kayſer, und Sr. Kayſerl. Majeſtaͤr

214 653 1366 87 aͤcceſlores, von ſelbiger Zeit, biß jetzo, das Quartier allda genom⸗

205 693 83 72 den.

201 748 1379 95 ambt dem Marck⸗Thurn, mit kunſtlichen Gemaͤhlen durch Martin

342 705 1237 84 In dieſer Zeit haben die von Regenſpurg das Rath⸗Hauß

206 799 1374 88 Hocksberger zieren laſſen. Ingleichen dero Waag⸗Hauß oder Trinck⸗

206 857 1371 86 Stuben. Gedachter Bocksberger hat auch in unſerem Creutzgang

198 898 1381 93 ſtin Runſt mit Entwerffung des Alt⸗ und Neuen Teſtaments⸗ Figuren

203 945 1377 98 rwiſen. Eodem Anno nemlich 1772. iſt die gantz ſteinene mir

209 998 1367 89 Schwimboͤgen gemacht geweſte Brucken uͤber dem Regen mitten im

212 1057 1364 84 vomnmer durch ein groſſen Waſſerguß eingeworſfen worden, und

195 1096 538 78 Her gar zu Grund gangen.

301 1156 1274 84 Anno 157a. waren wider Speen und Frrungen zwiſchen Bayrn

198 1186 58 76 nd

269 1198 1304 95 hieſiger Stadt wegen Mauth, Zoll, Ungelt, Anlend der Wein

199 1248 1191 93 . wurden aber den 22. Octobr. diß Jahrs guͤttich beygelegt.,

301 1308 1274 78 Anno 1576. war ein groſſer Reichs⸗Tag allhie, deme Kayfer

194 1342 1379 98 Aarimilian ſelbſten mit ſeinem Sohn Rudolpho beywohnete. Es ka⸗

198 1390 1374 100 lie allhero ein anſehnliche Moſcowitiſche Geſandtſchafft, welcher der

209 1440 1362 100 anſer ein offentliche Audienz geden, wie ſelde noch an der HHamma⸗

214 1490 1355 102 chen Behauſung, nechſt der neuen Pfarr, angemahlter geſehen

199 1530 83 66 nd.

311 1543 1255 99 Indeme man nun den 12. Octobr. den Reichs⸗ Abſchies auf

209 1581 46 63 w

262 1591 1306 102 Rarh⸗HHauß vorlaſe, iſt der Kayſer in der Biſchoͤfflichen Reſiden⸗

199 1634 451 86 odts verblichen

304 1704 1264 88 Anno 1579. den z0. Auguſti hat der Biſchoff Dabid allhie auch

256 1725 101 71 Weit

192 1770 204 87 tach deſſen

381 1752 1181 89 zeſeegnet, und ſein Nuhe⸗Beth im Thumb dekommen.

198 1831 1363 117 den, dab ſie z Erhaltung und Widererhebung der Catholiſchen Re⸗

422 1804 1143 83 eel. Abſterden, hat das Thumb⸗Capitel fuͤr nutzlich ange⸗

195 1882 1367 118 dion ihnen ein ſonderbahres hohes Haupt erwaͤhlten, durch deſſen

180 1911 71 68 ol⸗

269 1933 214 78 Anthorite,

184 1979 1374 115 Onten alſo ihre Stimmen auf Philippum, Hertzog Withelms in Ober⸗

493 1954 1063 85 dem armen angefochtenen Biſtumb geholffen wurde.

187 2015 58 66 n

260 2045 1296 102 Rider Dayrn, anderen Sohn gerichtet, uneracht er erſt 5. Jahr

805 2111 123 79 Rnn

1485 2130 73 72 alt

50 680 22 47 a
