1940 2440
321 181 99 64 171.

867 168 323 70 1 (0) F?

1183 195 20 27 -

314 216 1419 79 den mlſte, haben die Proreſtirende ſich hoch oflendirt befunden, daß

314 269 1415 84 einer Reichs⸗ Stadt ſolcher Gewalt widerfahren ſoll. Dahero dann

314 323 1410 74 Anno 1608. Kayſer Rudolph einen Reichs⸗Tag allhero auf Regen⸗

314 372 1413 82 ſpurg ausgeſchrieben, und denen Staͤnden in Beyſeyn Ferdinandi als

314 422 1411 80 Kayſerlichen Commillarii folgende vier Puneten fuͤrtragen laſſen⸗

321 473 1410 85 T. Mit was Manier man die Tuͤrckiſche Einfall in ungarn berhliten

314 525 1411 76 koͤnne. 2. Was in Kammer⸗ Gericht Speyr zu verbeſſern waͤre-

321 574 1402 83 2. Wie das Niderland zu vereinigen, damit das Reich kein Schaden

1503 641 58 46 .

315 628 1070 79 beſorgen doͤrffe. A. Die Verbeſſerung der Muntz.

452 671 1275 82 Hierauf haben die Proteſtirende mehr als noch ſo diel Puncten

314 722 1411 84 und Perita vorgebracht, und zwar gleich Anfangs die Reſtirution der

317 774 1407 80 Stadt Thonauwerth. 2. Die Verbeſſerung des Kammer⸗Gerichts⸗

322 821 1387 80 2. Die Abſchaffung des Reichs⸗Hofraths. A. Die Richter und Al

315 874 1405 77 leſſores ſollen von beeden Religionen, und gleicher Zahl beſtehen.

319 923 1391 84 r. Sol die ordinari Viſitation ausbleiben. S. Goll man die Geiſtll

319 978 1347 72 che, als Praͤlaten, und Priores bey keinem Tribunal anhoͤren. 1. C

318 1024 1399 83 len die Biſchoͤff weder Vota noch Seſfiones, und andere Prœrogarivat

314 1073 1400 77 im Reich haben. 2. Die Kirchhoͤff und Sepultarn ſonen beeder Reli

321 1125 1399 80 gions-Verwandten gemein ſeyn. 9. Soll der Pabſt im Reich wede.

318 1176 1395 72 Authorirer noch ſarisdiction haben. 10. Goll der Form der Lehei

324 1220 1388 92 Pflicht murirt. Und 11. die Reichs⸗Schluß nit auf die majora. ſon

321 1290 763 58 der lapientiora vota gerichtet werden.

447 1320 1262 85 Als die Proreſtirende ſahen, daß ihr Begehren denen Cathol

324 1381 1315 78 ſchen nit gefallen wolte, und kein Hoffnung vorhanden, was,

318 1427 1388 77 halten, ja auch die Chonauerrher in dieſem Reichs⸗Tag Vos.

326 1477 1386 77 frey worden, ſeynd ſie abgereiſt, haben den Reichs⸗Tag zertrenn,

324 1530 1365 74 ſich auf Aſchhauſen begeden, und unter ihnen einen Bund gemach

319 1579 1337 76 in Hoffnung mit Gewalt zu erhalten, was ſie in Glite nit kunten⸗

319 1625 1366 84 waͤhlten alſo zum Capo den Pfaltgraff und Churfuͤrſten Frideric-

1620 1659 93 70 Eot

318 1678 1273 80 IV. auf mehriſte Befoͤrderung Fuͤrſten Thriſtians von Anhalt.

317 1725 1353 81 dieſer Union melt der Veridicus Germanus, was maſſen von der

1613 1754 101 71 deuck

324 1781 1262 72 ben am AſcherrMittwoch wohl hat moͤgen geſagt werden:(

1624 1798 92 80 gab⸗

321 1830 1290 79 Unlon, daßz du zu Aſchhauſen beſchloſſen biſt, und nit in vie-

318 1878 1357 79 ren widerum zu Staub und Aſchen wirſt werden. Wie dann den

317 1923 1402 91 April 1621. beſchehen. Krafft dieſes Bunds, ſevnd ſie ſo keck wordei

1626 1953 97 68 daß⸗

317 1981 1284 78 daß ſie dem Kayſer Rudolphen unerſchrocken dedeuten laſſen,

319 2017 1383 122 vofern er ihren zu Regenſpurg vorgetragenen roltutaris nit werde a.

1594 2055 126 74 ferirn⸗

1826 230 108 72 ferirn

1826 281 105 63 ihnen

1830 332 54 59 ſen

1830 378 103 74 Schi

1827 428 76 73 nit,

1831 481 79 72 Lay

1828 531 84 77 dern

1830 631 99 72 kken,

1830 683 89 77 vere

1827 779 70 70 lege

1831 828 62 70 die

1830 1032 61 60 t.

1827 1125 83 63 dann

1830 1165 88 84 dehr

1834 1238 93 70 zen g

1828 1294 102 65 cin E.

1832 1339 97 73 eume

1834 1377 65 57 den.

1831 1421 96 57 ſchiert

1835 1466 45 49 u

1831 1503 98 61 dekan,

1839 1549 82 54 160-,

1830 1595 101 57 ſebdrae

1835 1632 79 57 den,

1835 1671 94 53 Wo.

1836 1709 87 68 ꝛeſer
