1923 2446
739 195 26 46 ne

237 226 1395 85 A Nachricht,) unter das gemeine Volck anegecheilet, um die Ehre Maria zu

820 184 33 71 3

1007 187 107 76 Ee-

1546 197 82 63 129

239 278 1390 78 gnaͤhleren. Sie waren ſo einfaͤltig, ( wenigiſtens die ienige, ſo dieſe geſtochene

241 322 1387 76 Adnuſſen verfertiget, und die gedruckte Nachricht darzu geſetzet haden; (dann die

240 362 1384 80 serunfftige villeicht in ihren Gemaͤth wohl etwas anderes moͤgen gedencker haben,)

237 396 49 64 nt

290 413 1339 73 ſie jedermann bereden wollen, dieſe Andacht zu der ſchonen Waria ſeye

243 437 26 61 u

292 462 1333 72 ezauberte Andachr geweſen; da doch ihren leben Vor⸗Eltern, C die gewis⸗

258 489 23 59 ,

293 509 1333 69 ſuͤcht alle ſo dumm und einfaͤltig geweſen ſeyn muͤſſen, daß ſelbe mit anderen un⸗

239 539 34 62 A

282 555 1344 75 ꝛaren vielen vernuͤnffuigen Leuthen unter ſo viel tauſend und tanſend bezauberten

244 584 25 60 .

290 608 1336 68 ohnen nichts von einer ſo allgemeinen Verzauberung ſollen gemercket ha⸗

237 634 53 57 n

237 671 30 56 2

342 653 1286 63 kein ſolcher Zweiffel oder Gedancken iemahl zu Sinn kommen, ſonder mis

273 695 1349 64 nder Vernunfft, etlich Jahr lang, mit groſſen Eyffer Mariam, als die Anna⸗

236 733 1392 79 tuniche GOttes Gebaͤhrerin an dieſen Orth verehret haben. Ich zweiſte auch ſtarck,

239 767 26 63 .

274 785 1358 80 pͤ Heeren Lntheraner ſich ſo leichter Dings dereden, oder bezauberen ſollten

270 834 1358 79 n, daß ſie einer ſo allgemeinen vorgemahlenen Zauberey vielen Glanden ſol⸗

239 858 27 59 er

286 883 1342 75 eymeſſen? gewislich Herꝛ Thomalius, Profeſſor zu Halle wurde dieſen

252 926 1376 83 Haubderren Erzehlungen ſo lricht nicht einen blinden Glanden beygemeſſen haben⸗

237 958 28 53 1

288 977 1333 69 n von ihme die Memoires de Brandenburg teutſcher Edi tion parte IL. pag-

251 1019 1371 65 (T. melden, daß, da Anno 1708. cine alte Fraue als eine Here verbrannt wor⸗

239 1043 39 50 ꝛn

308 1061 1314 65 er, ( Herr Thomaſius) den Heren⸗Proceſs, nnd die Richter zu einen

240 1097 1382 75 ſͤchter machte; das man ſich endlich ſchaͤmete dergleichen Unterſuchungen weiter

240 1140 1386 78 Aam ſetzen. Atſo, daß das Weibliche Geſchlecht ſeit deme alt werden, und in

233 1183 1392 80 duͤrden ſterden koͤnne. Aliſo die Memoires de Brandendurg. Nichts deſiowenu

232 1213 39 57 1

278 1229 1350 79 ſelſfe, was helffen mag Man bat erſi vor zwey Jahren allhier in Negenſpura

277 1275 1349 81 Sild in Anyzer geſtochen heraus gegeben, nnter den Titul: Wahre Abbil⸗

277 1322 1345 80 g der ſo genannten Regenſpurgeriſchen Capelle zur ſchoͤnen Maria⸗

286 1365 1338 82 unter der Bilenuß mit wemgen Zrilen angemercket, daß dirſe Andacht zur

243 1406 1379 87 hoͤnen Maria ein bezauberte Andacht geweſen ſeye. Ob die geſunde Vernunffe

265 1459 1359 72 en Beyfall koͤnne geden, daß ſo unzahlbare Maͤnge Volcks deren Wallfahrter⸗ ein

237 1498 1380 82 anz gelehrte Cieriſey einer Biſchoͤflichen Stadt⸗ der weiſe und hochgelehrte Rath⸗

265 1545 1361 74 imte Burgerſchafft einer fuͤrnehmen Reichs⸗Stadt⸗ alles, groß und klein, durch⸗

304 1592 1321 83 ſo viele Jahr lang verzauberet geweſen ſeyn ſolle? das uͤberlaſſe ich denen

233 1636 986 77 Aͤgen ader zu urtheilen, welche dieſe Zauderey dehaupten.

232 1701 46 56 6

324 1689 1297 68 Ich ader will die Erzehiung deren Herren Negenſpurger, wie ſelbe Anns

308 1735 1317 65 Hemachet worden, dem Leſer vorlegen, wie ich ſie unter der Bildnuß der

243 1767 1372 96 ſonen Waria, vor welcher dir Moͤnge des Volick. mu verlediey Leids Stekungen

240 1812 752 99 nunen ne neledin tade And aiſ zane-

1074 1951 28 62 1

33 1304 75 58 Nege

43 1342 76 60 n de

43 1394 35 57 elo

29 1439 44 50 bet

32 1483 61 60 or

47 1527 38 57 re

53 1565 80 71 Hta

84 1607 47 56 non

50 1655 73 69 tior

33 1706 92 67 perret

76 1795 55 63 uns

38 1977 87 68 Finis⸗

28 2032 57 57 edr.

96 2061 29 53 et

823 2065 140 103 Hbh

983 2106 32 69 .

1462 2070 149 91 Con-
