1991 2551
717 221 129 78 -125

870 221 238 70 0) Lo-

1564 238 59 56 22

197 274 1432 74 Uicher Stimm, als biel er vermoͤcht, zu ruffen an, das jetzund die

201 334 1428 67 Stund ſeiner Belohnung im HHimmel vorhanden ſeye, ſollen weiter nicht

198 379 1428 77 fortfahren; welches einer aus ihnen vermerckt: und den heiligen Mann

198 429 1428 81 von dem Wagen zu heden, und auf einen ſchoͤnen Waſen zu legen

192 483 1431 71 anbefohlen; allwo alſobald der heilige Vatter ſeinen Geiſt aufgegeben:

195 534 1430 73 und haben alle Gegenwaͤrtige ſein Seel wie ein groſſes Liecht, oder

201 581 1424 79 Feuer⸗Flammen aus dem Mund fahren, und ſo ſchnell wie ein Bliy

192 634 1434 74 den Himmel zueylen geſehen, alſo daß ſie alle nicht unbillich erſchro⸗

192 681 1433 87 cken, und kaum mehr daͤrffen den heiligen Leichnam auf den Wagen

195 738 135 62 legen.

327 778 1298 86 (c) Wunderlich iſt zu mercken, daß GOET nicht allein ſeinen

187 837 1435 79 treuen Knecht belohnet, ſonder ſogar den Ort oder Higl, auf welchem

194 887 1428 80 der heilige Vatter ſeinen Geiſt aufgeden, begnadet: dann uneracht

192 936 1430 77 Winters⸗ Zeit das gantze Land herum mit Schnee bedecket wurde, oder

197 992 1442 76 ſonſten von denen Reiffen verbrennet, ſo bliebe doch diſer Ort allzeit

192 1041 1428 80 friſch, gruͤn, und ſchoͤn, bis endlich durch das Allmoſen der Reiſen⸗

195 1091 1425 73 den (dann allda vier Straſſen zuſammen kommen) und anderer gut⸗

194 1140 1426 80 hertzigen Chriſten ein Kirchen erbauet worden, allwo hernach viel

192 1189 1427 87 Wunder⸗ Werck, und noch heut zu Tag geſchehen. Gleichwie nun

191 1242 1424 85 BOrt diſen Ort, welcher dem heiligen Emmeramo die Ruhe zu ſterden

188 1295 1424 82 gegeben, geſcegnet, (d) alſo ſeynd die Verfolger geſtrafft worden,

190 1344 1425 83 daßz ſie hernach ſich ſelber uͤber die Berg hinab geſtuͤͤrtzt, und alſo er⸗

188 1394 1427 79 baͤrmlich ihr Lebeu geendet, daß von denen Leibern ſogar nicht das min⸗

187 1439 1418 87 diſte zu ſinden war: die anderen zween, ſo ungern die .Haͤnd angelegt,

187 1488 1423 90 ſeynd durch Fuͤrbitt des heiligen Manns gleichwohl der Straf entgan⸗

188 1543 1427 91 gen; Landdertus aber als ein Urheder diſer Mordthat har ſich derſel⸗

190 1597 1423 88 den nicht entziehen koͤnnen, ſonder iſt von ſeinem Herm Vatter ent⸗

188 1643 1425 90 erbdt, und in das Elend geſtoſſen worden, worinn er auch ſein Leben

185 1694 1421 93 zeirlich beſchloſſen. Ja das Blut diſes heiligen Manns iſt dermaſſen

190 1748 1419 85 an diſes Fuͤrſtens Lanaderti Nachkommen gerochen worden, daß kei⸗

187 1797 1423 93 ner aus denſelden uͤberblieden. Geine herrliche Schloͤſſer und Haͤu⸗

191 1846 1419 94 ſer, worinn er ſich ſelner laſterlichen That beruͤhmt, wurden derge⸗

188 1897 1415 97 ſtalten zerſtoͤhrt, daß ſie endlich mit Neſſel und Doͤrnern verwachſen,

191 1950 1417 106 und faſt gar darmit uderzohen worden: wider ſeinen Wilen hat er

231 2062 59 60 -

1501 2030 109 68 ſeine

218 2114 353 65 (S) Pag. 101. cny. ꝛ6.

214 2152 350 87 E)ra In. Es ꝛ2.
