1935 2499
923 233 402 65 2& (O) Ebg-

415 233 103 59 268

413 277 1405 75 er wieder nach den Eloſter S. Emmerami zuruck kehrte, und ſein Leben Annt

412 327 1386 71 MLXXXIII. beſchloſſen hat. Von Otblono ſchreibet Mabilloͤnius tom. 1V

416 373 1395 67 Annalectorum pag. m. r0g. & tom. IV. Annal. Benedict. fol. 621. Itels

415 415 1386 61 P. Bernardus Pezius Theſauro Anecdot. tom. III. in Didlertat. Tſagogi

418 456 1387 70 ca. Albertus Fabricins. Bibliorh. Latina. Lit. O. Orhloni Manuſcripti

415 499 1383 71 cheils von ihme ſeibſt verfaſſet, theils abgeſchrieben, werden in unſerer Eibut

413 542 1387 73 theca Manuſcriptorum, ſleißig aufbehalten. Aus denen Wercken Orhle

411 585 1389 74 ni iſt beſonders allhier anumercken, dat in dieſem eylfften Seculo die Schulen.

412 634 1391 67 dem Cloſter S. Emmerami forireten. Orhlonus ware denen Scholaribus vol

412 677 1384 67 zeſetzet, wie er in ſetnen Libris viſionum ſelbſten erzehlet. Unſer ANNO.

413 720 1388 67 D0S wurde gleich Anfangs dieſes Sœenli, und hinnach der ſeelige VVilhelmuͤ

413 762 1392 69 eden in dieſem Jahr hundert allda unterwieſen. Von Arnoldo iſt Anfangs pa⸗

416 809 1374 64 2T. gemeldet worden Von B. lilbelmo wird gleich etwas erzehlet werde

413 849 1370 64 Wer von denen Schrifften und Baͤchern Orbioni was mehrers zu wiſen verlange

412 889 1220 70 der le ſe Mabill. Pezium. und Albertum Fabricium citatis locis.

527 974 1273 75 II. Gleich Anfangs des vorigen Capitels wird erzehlet, daß Anno ros-

412 1023 1345 68 von Leone IX. auch die Canonization S. Wolfgangi und Erbardi allhier geſche

413 1066 1319 68 Von dieſem ſeynd folgende Wort in einem Manuſcripto Codice von XN

411 1110 1351 70 culo lub Num. 515. zu leſen. ſ Lco Fanctnm gnoque Woltgangun

415 1152 1385 65 priori tumulo levarit, & in Crvptam occidentalem tranſtulir, & camaci

413 1193 1383 70 dedicarit. Prelentibus & annuentibus Gebhardo huzus ſedis Epilcor

413 1237 1358 70 Bedingo Salisburgenſi Archi-Epilcopo. Dominico Patriarcha ſeroſolo

1736 1280 46 52 zer

416 1282 1307 68 tano. Huncperto S. Ruhine Epiſcopo. Otchero Paruſine Epiſcopo.

1759 1317 41 50 ꝛu

413 1327 1333 65 ro Pragenſi Epiſcopo. Gebhardo Aurcatenſi Epiſcopo. Prekatns Doni

1775 1356 15 47 ,

413 1373 1333 68 Papa una cum ſingulis Epiſcopis ante dictis ſinguli eorum omr

1764 1404 23 45 2

415 1417 1331 65 verè contritis, & confeſſis, devotis orationibus ſeu Eleemolynaruni

1762 1442 34 49 n

416 1461 1324 60 gitioni bus locum hunc frequentantibus relarant XL. dies criminal

1771 1485 23 50 n

416 1506 1327 61 & octoginta dies venialium, perpetuis kuturis temporibus duratu

1772 1520 26 57 6

413 1546 1334 68 Indulgentiam quoque per Lurperdictum Dominum Formolum Papan.

1773 1570 28 47 et

416 1588 1320 69 riginti Epiſcopos preſcriptos huic loco traditam ante dictus Dominu.

416 1632 1339 68 Papa conhrmavit. Incipit autem preſcripta Indulgentia ſingalis annl

413 1677 1183 75 feſto B. Laurentii, & durat usqne ad ockavas B. Emmeram.

1757 1729 44 70 y

533 1756 1213 77 Es vird noch beſiaͤndig ale Jahr, am Conntag nach den VI. Augulki

415 1813 1258 61 S. Laurentii, das Feſt aller heiligen Patronen des Cleſters S. Emmerame

1771 1818 29 60 ..

412 1854 1317 64 heilige Reliquien allda verehret werden,) mit arrger Solennitaͤt begangen

413 1897 1263 67 welcher ſich alle, um die Stadt herum ligende Dorifchafften, mttelse

1683 1929 28 52 ,

416 1938 1256 66 Proceſtionen erſcheinen. Es ware noch vor 20. Tahren die Gewohnheit

415 1982 1258 61 Kirchen, daß alle Sonn⸗ und Feyertaͤg, ( von S. Laurentii an, bis an

1686 2010 54 64 gel

415 2025 1254 63 merami-Octav,) die Ordinari⸗Predigen, welche ſonſten um 2. Ub

413 2068 1301 63 werden, erſt um 11. Uhr Mittag geweſen. Welches aus alter Obler van)

413 2113 1260 66 men geſchehen; dann von S. Lavrentiꝛ an, bis auf ſolche S. Emmeram⸗

1694 2135 46 55 koi
