1940 2440
416 173 35 43 O

962 173 29 64 .

1075 176 216 76 2) EM-

349 222 1412 93 ſchafften unter einen Baldachin. den vter des Raths getragen bis zu

1834 257 100 57 Lape

351 273 1411 91 dem Domb, allwo man das Te DEum Laudamus geſungen. Nac

1832 295 97 68 nanni

353 323 1405 94 dieſem hat er ſein Luartier beſucht in der Thumeriſchen Behauſuns

1834 341 97 79 heilig

352 374 1403 93 auf der Hayd. Des anderen Tags hielt man ein Amt in unſer liebes

1839 397 80 61 und

357 422 1382 95 Frauen Kirchen zu der ſchoͤnen Haria; nach welchem der Koͤnig.

1836 444 97 73 Mare

353 475 1393 90 Begleitung aller Fuͤrſten wieder zu Schiff gangen, und mit den Vaͤbſ⸗

1838 501 93 65 unwe

348 524 1398 96 lichen Nuntio in Oeſterreich gefahren: die Fuͤrſten aber, ſo allhie de⸗

1841 547 65 63 Anr

351 577 1392 98 dlieden, giengen taͤglich zweymahl zu Rath, und endeten ihre Cone

1842 592 80 77 Lau

353 626 463 80 lia den 10. Februarii.

1835 652 88 66 oder

485 679 1261 92 Samſtag vor dem Advent kamen allhero die Kayſerliche Pouriers

1838 703 77 60 9. S

349 725 1393 91 zeichneten und beſchrieben alle Haͤuſer, und was darinn zum Duartitt

1834 752 87 65 pell,

344 778 1384 92 gehoͤret. Man verbotte bey Straff kein Verzeichnuß abzuwiſche.

1843 798 65 57 11.

347 824 1386 99 Dieweilen aber Chriſtoyh Glockengieſſer des Innern Rarhs ſolch

1836 841 99 74 iſt un

341 878 1391 93 durch ſein Magd thaͤte, habens die Eouriers pro Crimine lele Maj⸗

1841 896 67 63 pel

345 925 1383 99 ſtatis angezogen, und waͤre ihme Glockengieſſer die Hand abgehaus

1849 952 78 67 enm

341 980 949 89 worden, wann man ihme nicht erbetten haͤtte.

1839 993 94 72 Rem

489 1034 1240 91 In dieſem Jahr hat man ein ehrdar Allmoſen⸗Amt beſtelel-

1838 1043 83 68 die v

338 1080 1385 100 und darzu 2. von Innern, 2. von Auſſern Rath, und 2. von der 0.

1835 1089 73 76 den:

340 1137 352 59 meind verordnet.

1841 1148 88 67 tken,

481 1177 1248 99 Des Stadt⸗Hauptmanns Sanns Fuchſens Behauſung was

1836 1192 66 74 en,

330 1221 1390 102 naͤchſt bey der Dominicaner⸗ Kirchen. Noch ſeinem Abzug taus

1845 1245 77 69 Sehe

340 1279 1365 96 ſelbe der Magiltrar, und depurirts zu einer lateiniſchen Schul⸗ 1

1834 1297 89 63 Kaͤck

337 1333 1311 90 gemein die Poeten⸗Schul genannt Es war in dieſem Haus ein

1846 1348 75 69 deꝛ

340 1388 1339 85 ne Capellen, man hats hernach veraͤndert in ein Holtz⸗ Kammer,

1836 1392 95 74 der

337 1435 1330 91 heißt nun nicht mehr, Wein Hans iſt ein Berr⸗Haus. Merrh.2

1847 1450 34 57 et

479 1488 1193 87 Es hat in dieſer Stadt uberaus viel Capellen geben, und

1834 1503 91 62 Zewe

332 1535 1338 91 in allen vornehmen Behaufungen, dabey auch Beneficia Ecclelielt

1853 1543 46 76 da

334 1586 1303 93 und waren gemeiniglich Patroni die Poſleſſores edium, ich hat

1842 1610 70 49 Lay

333 1637 1278 91 mahl gehoͤret, daß deren ſo viel waren, als Tag im Jahr⸗

1842 1642 72 68 ol;

344 1687 1342 88 ſeyno alle, ſo in Burgerlichen Haͤuſern geweſen, prophaniret, und

1690 1687 15 68 .

1845 1693 61 63 ers

1845 1748 66 60 en

336 1739 1378 86 ſchanden gemacht, zu Zimmer gericht, und gar abgebrochen wordes

340 1787 1370 91 Unter dieſen iſt 1. Aichkirchen auf dem Rath⸗Haus, ſo Pabſt Leo.

1845 1786 71 81 Rot

333 1843 1348 87 geweyhet. (0) 2. S. Benedicti-Kirch dey dem Koͤnias⸗Hof⸗ it.

1839 1840 72 71 Har

340 1888 1365 91 ein Kohl⸗Haus. 3. Georgii bey dem Saltz⸗ Stadl am Kranich.

336 1942 1327 91 legen⸗ hieraus hat man ein Haus gebauet. 1. S. Salvatoris wat

1851 1981 49 75 ar

1838 2038 68 99 n.

363 2053 1067 121 a dnrdͤsalzrlurasc vardsa d-are. ran
