1935 2499
394 216 97 65 298

900 222 387 69 188 (0) AEg-

393 266 1383 86 dergang, und gleich in Creusgang gehet, in Stein gehaut, und se

394 327 1381 74 ſchrieben ſeynd. Gemelte Palaria und Hoͤff ſeynd dieſem Orden ves

397 379 1378 73 ehrt, und darauf das noch ſtehende Cloſter erbauet, und von obbe

391 430 968 71 nannten hohen Familien reichlich begabt worden.

532 480 1239 73 Dieſer Orden und Cloſter hat folgends ein Regenſpurger Kin

391 530 1380 72 bekommen, nemlich s. Bertholdum, den der ſeelige Havid diſes Oe

391 581 1374 71 dens ſehr tauglich und eyfferiger Nobitzen⸗Meiſter (den man wege

391 633 1370 75 ſeiner Goͤttlichen Weißheit fuͤr einen Elias hielte) alſo an geiſtliche

393 684 1348 68 Sachen und Scientien informirt, daß er Anno 1272. ein ſolch eyf

391 738 1371 65 ger Prieſter worden, daß manchsmal von 6o. biß in 1000o0co. Perſol

393 787 1362 70 nen ſeiner Predig beygewohnt, und vil Gutes erfolgt. Er hatte ein

393 834 1361 72 Prophetiſchen Geiſt, und beſtaͤttigte ſein Lehr mit Wunderzeiche

388 882 1374 74 Er iſt Anno 1272. den 12. Decembr. geſtorben. Sein Erab iſt nob

387 935 1374 72 heut zu Tag in gedachtem Cloſter deren PP. Conventualn zu ſehen, we

386 985 1380 77 ches lange Jahr nit allein ſeine Lands⸗Leuth, und benachbarte Bayrn.

388 1039 1201 70 ſondern auch die Boͤhmen, und Ungarn beſucht und verehrt.

522 1088 1246 75 In dieſem 1226. Jahr ſtarb vorgedachter Biſchoff Conrad, nas

383 1138 1350 75 dem er aus Apulia kommen. Auf deſſen ſeeliges Ableiben, war⸗

386 1187 1351 68 groſſer Zwiſpalt, und kunte man ſich in der Oahl nit vereinig

386 1238 1354 72 Es fanden ſich etliche wenige von der Cleriſey und Miniſteriales o.

1711 1275 54 67 det

387 1292 1307 69 Hoff⸗Bediente, ſo ohne Conlens des Kayſers oder Hertzoge

1709 1335 32 57 ⸗

387 1339 1302 75 Thumb⸗Probſt Gorrfried erwaͤhlten. Der groͤſſere Theil ſamb

1703 1374 59 74 un

387 1395 1304 71 Praͤlaten bey St. Emmeram agirte zu Rom wider die Wahl,

383 1446 1315 70 wolten den von ihnen erkuͤſten Ageſridum manuteniren. Dieſi

381 1499 1320 68 wannen den HHandel. Der Pabſt Gregorius IX. eXcommunicirti

380 1545 1264 75 andern Theil, und conhirmirt Fige fridum. Sigefridus war

384 1595 1280 77 Fridrichs Cantzler, und hieſigen Stiffts Canonicus. Er hat

380 1645 1270 76 neuen Ordinibus viel Guts gethan, dem Thumb⸗ Capitel die

380 1697 1266 74 Saller incorporirt, und von dem Kayſer fuͤr ſein Stifft,

377 1745 1305 76 Privilegia erhalten. Dieweilen er aber endlich dieſem, wide.

1703 1788 51 61 hr

1664 1795 33 55 3

383 1799 1299 73 Pabſt anhienge, iſt er ercommunicirt worden. Regierte 2c.

380 1846 1278 83 ſtarb den 19. Martii Anno 1226. ligt in dem Thumb bes

377 1896 864 97 Epiraphium ejusdem deſtehet in folgenden:

575 1996 830 71 Fecretis gratun Regalilus bie catbedratum

575 2045 841 119 Rnla Hreot, ner. S eino ininerazot

1865 345 21 29 .

1866 391 43 40 21

1861 571 57 64 Ail

1865 631 53 53 en.

1862 674 57 61 ſtu)

1866 717 50 66 des

1861 774 54 70 iog

1862 820 53 64 vj

1864 869 44 65 me

1862 914 54 70 ſete

1868 1114 43 71 n

1882 1171 26 60 e

1878 1339 38 39 0e

1872 1416 37 63 ra

1872 1610 25 76 1t

1875 1752 28 73 5

1866 1911 48 63 1⸗

1872 1967 46 62 no

1879 2007 29 68 e

1872 2070 44 79 p

1664 2126 89 70 unte
