1935 2499
415 217 97 62 252

922 216 400 72 .8i8 (0) Log-

415 270 1393 77 pellen auf dem Rath⸗Hauß ober des Schwimbogens zu Ehren 15. s.

416 323 1391 75 monis G Fude, und wurde Achkirchen genannt. Dieſe Capell hal

416 376 1385 71 Alerander der IV. unſerm Cloſter ad inkirmariam incorporirt Ann.

418 428 1390 70 1256. wie aber dieſe Capell abkommen, und gar profanirt worden,

416 478 1388 71 kan ich nit finden. Das Kirchel zu Rhager in St. Michaels Eht⸗

415 528 1382 73 und das Kirchel zu Druckdorff zu Ehren des Heil. Creutz hat gedad

412 580 1392 68 ter Pabſt auch geweyhet. Bruckdorff gehoͤrte denen Grafen vob

418 630 1380 69 Schwartzenburg, damahls Innhabern des Schloſſes Unrer⸗Diech

413 677 1376 76 hauſen, dermahlen aber dem Cloſter Prunfening. Gedachtem He.

422 731 1264 74 Pabſt Leoni dem U. iſt folgendes Epitaphium gemacht worden:

611 826 793 69 Pictria Roma dolet Vono vidnata Leone,

609 888 731 68 Er multis talem vir habitura parem.

409 987 1375 70 Fontilegium Prillingenſe fol. 127. vide etiam qur ibi precedunt to

415 1039 1374 75 112. lub Erneſto XI. Abbate de caltro Schwartzenfelß ad Tilao

409 1088 199 65 dum &c.

548 1139 1239 75 In oben bemelten 1052. Jahr hat allhier ein Feuers⸗Brunſt n⸗

409 1193 1324 67 ben vielen Haͤuſern 6. Stiffter, und Cloͤſter verderbt. Es war

1746 1184 40 57 u

415 1245 1333 65 Feuer ſo groß, daß man in das Felo fliehen muͤſte, und jedermann

408 1293 1340 68 der Stadt verzeyhete. Adelsreurter ſetzt dieſes auf das Jahr 1059

544 1346 1189 67 Als hernach Kavſer Heinrich (II.) in Ftalien gezogen eine

407 1398 1298 69 ruhe zu ſtillen, und allda ſich faſt ein gantzes Fahr aufhielte, e

407 1446 1312 64 ſich herauſſen eine andere, und rebellirten ſeine beſte, und ni

407 1498 1326 68 Bluts⸗Freund. Biſchoff Gebhard allhie, war mal. content, dat

405 1543 1307 74 Kayſer die Exemption und Immedieter unſers Cloſters wider

404 1593 1317 77 Gebhards gewaltthaͤtige lnvaſion manutenirte. Hertzog Velpbe

405 1643 1284 78 Kaͤrnten, mit vielen vornehmen Bayriſchen Landſaſſen, auche

404 1697 1286 71 Biſchoͤffen waren nit zu frieden, daß der Kayſer ſeinen kaum s.

405 1747 1282 73 gen Sohn zum Roͤmiſchen Koͤnig gemacht, und Bayrn verlot

404 1800 1271 70 geſchehen zu Oettingen an den Chriſt⸗Tag Anno 107;.) vor⸗

407 1849 1258 73 wie er als ein Kind regieren ſoll, der ſelbſt noch einen Zuch

404 1900 1335 75 brauche. Der Schluß gieng den vertriebenen HHertzog Conradet

402 1947 1380 77 beruſfen, und zum Koͤnig in Bayrn zu machen; den Kayſer aber,

400 2001 1257 66 wann er wider in Bayrn kommen ſolte, wolten ſie heimlick

1678 1983 104 74 ahen,

405 2047 1296 75 und umbringen. Dieſes erſchroͤckliche Vorhaben wolte GOtt.

400 2100 1347 81 ſjeben, ſonder verhinderts ſolcher Geſtalt. Hertzog Conrad ertras

1714 2135 58 79 2o-
