1571 2270
634 110 383 69 a1as (0) Atzu

132 147 1370 88 in Pohlen, ailt deſſen Fochter Merimiian Emmanuel, Chur⸗Fuͤrſt

131 215 1371 68 en Bayrn Anno r692. ſich vermaͤhlet hatte. Der vornehmſte Adet

129 264 1366 63 in Pohlen wolite beo der neuen Koͤnigs⸗ Wahl Anno 1607, Marimi-

127 310 1368 65 liano Emmanueli die Pohlniſche Cron anerbiethen. Allein Ehur⸗Fuͤrſt

124 356 1368 67 Marimilian roͤnnte aus wichtigiſten Urſachen darzu ſich nicht entſchlieſ⸗

123 403 1369 68 ſen. Den 6. Auguſt 1607. wurd in Bruſſel gebohren Carl Albrecht,

122 452 1368 68 Chur⸗Faͤrſtens Marimilian Emmanuel, und Thereliæ Cunigundi⸗

114 498 679 68 Zobiestry ſeiner Gemahlin Sohn.

246 542 1240 69 Anno 1698. im April ertlaͤrte Carolus H. Koͤnig in Spanien,

114 597 1376 65 den Bayriſchen Printzen, Foſepbum Erdinandun, ( welchen Marimi-

114 644 1378 66 lan Emmanuel von ſeiner erſten Gemahlin Maria Antonia, Leopoldi

112 691 1375 73 Kayſers aus einer Spaniſchen Printzeßin Tochter, bekommen,) zum

111 741 1374 66 Erben der gantzen Spaniſchen Monarchie. Der Printz aber ſtarbe

111 790 1269 63 den 25. Februarii Anno 1600, ſeines Alters im ſiebenden Faͤhr.

247 837 1238 62 ſoleph Clemens Chur⸗ Fuͤrſt und Ertz⸗Biſchoff zu Coln, Bru⸗

108 885 1369 60 der Chur⸗Fuͤrſtens Marimiliani Emmanuelis HHertzogens in Bayrn,

107 934 1375 63 nachdem er das Biſtum Luͤrtich bekommen, und Coadiutor zu Sit⸗

103 981 1377 65 desheim erwaͤhlet worden, mußte Anno 1692. beyde Biſtuͤmer Frey⸗

105 1031 1372 67 ſingen und Regenſpurg reſigniren. Das Hochwuͤrdige Domb⸗Ca⸗

107 1080 1370 68 pitel zu Regenſpurg erwaͤhlet ihne auf ein neues zu ihren Biſchoffen

103 1129 1372 65 den 17. Februari 1695. Aber die Confirmation von Rom erfolgte

100 1175 1373 62 erſt den 11. Maij 1608. mit dieſen Beyſatz, daß der neue erwaͤhlte (ſo-

100 1227 1373 58 ſeph Cemens,) wann das Biſtum Hildesheim vacciren, und er

98 1268 1373 67 alsdann, als Biſchoff allda die Regierung antretten wurde, wiederu⸗

99 1319 655 65 men ein Biſtum reſigniren ſollte.

229 1356 1241 75 Anno 1609. den a. Februari vermaͤhlte ſich ſolephus Roͤmi⸗

98 1413 1368 65 ſcher Koͤnig, Leopoldi des Kayſers Gohn, mit Titl. wntelmina

98 1465 1365 65 Amalia, einer Braunſchweig⸗ Luͤneburg⸗HHannoveriſchen Printzeßin.

102 1510 1363 71 Titl. Ferdinand Sc. bisheriger Principal. Commillarius auf den Reichs⸗

104 1559 1357 75 Tag zu Regenſpurg wurde den 2. Fenner 1699. von hier nach Rove-

98 1606 1364 75 redo Ihro majeſtaͤt der Roͤmiſchen Karſerin entgegen geſchickt, an

98 1658 1363 68 deſſen Stelle den Z. Maij 1700. Titl. Tirl. ſoann Philipp Cardinal

97 1706 1361 69 Lamperg, Biſchoff zu Pafſau allhero kommen, und einen praͤchtigen

97 1754 1172 72 Einzug bis in ſein Huartier, (zu S. Emmeram,) gehalten.

218 1800 1235 75 Anno 1700. den 27. Septembris ſtarde Innocentius XIT, Roͤ⸗

99 1851 1360 111 wiſcder Dadſt, vos) deſen Eod) Dene A ded 2r Dorendns

103 1903 463 113 IE.wade ntes

779 1958 196 83 Aaaa⸗

1346 1944 110 78 Den
