1566 2270
614 116 404 68 aizz (o) ZEga

119 132 81 52 562

105 165 1392 80 cher hinnach ſelbſten von dieſem anſteckenden Peſtitentiſchen ubel er

105 216 1396 79 griffen, lange Zeit in dem Krancken⸗ Berh verharren muͤſſen, doc

105 271 1391 70 endlich wiederum geneſen. Sein Cooperator ware R. P. Caſparut

108 324 1373 66 Erhard Profeſs ad S. Emmeramum, ein Gottsfoͤrchtig⸗ eyfferig⸗ge

111 372 1380 66 lehrter Religios, welcher aber, ohngeachtet derſelbe in ſeinen Pfaͤrrlt

1386 411 113 60 denert

108 427 1272 59 chen Verrichtungen mitten unter denen inſicirten Perſohnen in

1390 450 104 69 teben.

114 467 1280 70 Haͤuſeren herum gegangen, von aller Kranckheit befreyet geb

108 514 1383 73 Dieſe zwey Herren Mit⸗Bruder waren von dem Cloſter entfernet⸗

1430 552 61 55 den

107 570 1292 65 und wohneten in dem HHaus nebſt St. Michaels⸗Capellen ar

112 615 1320 71 Freythof. Zu Verſehung anderer Pfarren auf dem Land, als 1

108 665 1378 67 berten, Haͤrdring, Wading, Gebraching, Schwabelweiß wut

112 715 1368 63 den andere Herren Contratres von unſeren Stifft bis zur Ende ſolche

109 759 1366 69 Sterb⸗ Zeite exponiret. R. P. ſoannes Baptiſta Ris von Strai

111 810 1370 67 bing gebartig, Profels zu S. Emmeram, ſtarbe im Cſoſter den 2

112 861 1369 64 Septembris, und weilen man befoͤrchtete, daß er mit ſolcher Krand

117 908 1356 73 heit behafftet geweſen ſeye, wurde er in den Freythof naͤchſt S. Ran

1433 935 57 66 dei

113 959 1310 66 voldi-Grufft, unweit des Todten⸗ Beiner⸗ HHaus, nahe an

118 1007 1328 58 Mauern begraben. Unter denen Geiſtlichen Gemeinden anhier in.

116 1056 1342 65 genſpurg haben die RR. PP. Capucini die meiſte ihrer Geiſtlichen H

114 1104 1337 65 ren Mit⸗Brudern durch die Peſtilentziſche Kranckheiten verlohre

113 1153 1350 66 maſſen 18. Geiſtliche, oder Profeſli aus dieſem Venerabili Conven

112 1200 1377 68 von 12. Auguſti 1712. bis 12. Octobris dieſes Fahrs verſtorben ſeyno

118 1252 1344 65 Titl. Herꝛ Chriſtoph Dhilipp Schorer Philoſophiæ & Medicinæ U

117 1298 1370 70 ktor erzeigte ſich ſehr liebreich gegen die betruͤbte RR. PP. Capuciner,

117 1350 1302 64 welchen er mit Rath und That, taͤglich Fruhe um halder 10. Uhr

1414 1380 73 63 nod

123 1399 1292 65 geſprungen. GOtt belohnte deſſelben Chriſtliche Liebe, maſſen er

118 1443 1371 70 vor ſeinen Ende den Irꝛthum ſeiner bisherigen Glaubens⸗Profeſlot

1429 1467 65 72 zat⸗

119 1496 1294 63 erkennet, und die Catholiſche Glaubens⸗ Bekanntnuß abgelea

121 1541 1365 69 Nach reumuͤrhiger Beicht iſt er von einem R. P. Capucino abſolvire

121 1589 1366 69 worden, und alſo verſchieden. Gleiche Liebs⸗Dienſt erwieſe dieſe.

1428 1628 67 49 us,

119 1640 1300 67 detrangten RR. PPatribus Herꝛ Philippus Allgermayr, Chiror.

1425 1663 62 62 all

122 1689 1272 68 und Feldſcherer, Cathotiſcher Religion. Herꝛ Gſchwendenei

127 1735 1360 78 hieſig⸗ damabliger Stadt⸗Apothecker thate auch groſſe Liebs⸗Dlent

118 1789 487 68 dieſem Geiſtuchen Orth.

258 1824 1231 80 Waͤhrend dieſen Zeiten wurden in denen Kirchen aubler beſor

121 1877 1359 73 dere Andachten verrichtet, um den gerechten Zorn GOrtes zu beſaͤnn

119 1925 1368 101 ngen Indene die Peſrueneiſche Franckheiten in dem Monar) Oe⸗

1427 1959 70 66 de.
