1923 2446
23 244 95 64 hzeln

44 289 66 68 zat⸗

43 342 61 61 ont

42 391 65 61 He⸗

42 493 61 65 on⸗

728 190 310 70 13 (0 129

197 231 1388 100 Loſt oder Herberg zu nehmen, der bey ihnen Ludtren wolte. Es ware

1500 213 81 60 16,

197 288 1386 93 hnen zuwider, daß die Patres bey S. Caſlian, und in S. Carharina

197 335 1384 98 Spital, Meß laſen, und Kinder⸗Lehr hielten, noch mehrer aber dero

198 390 1385 91 Dredigen; dahero ſie denen Burgern ſcharff verbotten, ſelbigen beyzuwoh⸗

197 432 57 62 den

341 445 1239 87 a ſie haben Stadt⸗Knecht, und Wacht⸗Bittl beſtellt, die ſolch

198 489 1382 91 Hebotts Ubertretter noriren, und dem Rath nahmhafft machen ſollen.

201 535 1382 98 Die nennten die Patres, Land⸗ Verraͤther, Kundſchaffter, des Pabſt

199 588 1381 98 aufſeher, unruhige Leuth, Sectarios &rc. Anno 1591. haben die Zeſui⸗

198 637 671 84 er ihr Kirch angefangen zu bauen.

298 736 1274 96 Anno 178z. ſennd dte Concordara zwiſchen dem Hauß Beyrn,

194 781 1379 100 id denen darinn verlirenden oder angraͤntzenden HHerrn Ordinatiis,

190 828 49 56 .

222 837 1207 101 vericht, und daruͤder ein ordentlicher Recels verfaſt worden.

391 896 571 53 Tr.

298 929 1281 102 Als nun Hertzog Philipp das 2rſte Jahr erreicht, hat er die

203 983 1372 98 Aminiſtration ſelbſten auf ſich genommen, und in Begleitung zwever

195 1034 1378 93 derren Bruͤder Ferdinand, hinnach Churfuͤrſten zu Coͤlin, und Al⸗

237 1085 1335 95 chten Sr. jetzt regierenden Hochfurſtl. Durchl. Brſchoffens allhie

195 1119 64 72 id

286 1134 1286 99 hr Sigmunds ꝛc. Herrn Vatters hoͤchſtſeel. Gedaͤchtnuß, einen

217 1186 1352 100 onen Einzug gehalten. Er hat von Stund an zu Befoͤrderung der

217 1236 1354 91 ctholiſchen Andacht groſſen Fleiß und Sorg angewendt, und mit

213 1285 1355 99 zen feuhezeitigen Verſtand, und allen Tuaenden, ein groſſe off⸗

206 1337 1358 92 ns bey allen Guten erweckt, alſo daß er auch bald darauf vom Pabſt

192 1379 1374 102 lemente oktavo, zum Cardinal der Heil. Roͤmiſchen Kirchen erklaͤrt

202 1426 1362 108 orden. Man hoffte zwar von dieſem jungen Fuͤrſten und Biſchoffen

247 1483 1318 104 Zutes, abſonderlich die Widerloͤſung des Schloß und Herrſchafft

210 1531 1356 103 humb⸗ Stauff. Er iſt aber unverhofft mit einer gefaͤhrlichen

213 1584 1352 103 chwindſucht angegriffen, und nach langer Schwachheit in dem

198 1629 1366 109 hurfuͤrſtlichen Bayriſchen Schloß Dachan, unwen Mlnchen, Anno

213 1687 1348 97 98. den 18. May in GOtt ſeelig entſchlaffen, mit unerſetzlichen Leyd

197 1723 36 55 s

241 1728 116 68 gantze

188 1761 48 62 nd

391 1744 1169 89 Hauß Bayrn, und ſeines Biſtumbs, deſſen hoͤchſte Zierd

262 1785 1295 102 Hoffnung er damahlen geweſt war. Der Leib iſt zu Munchen bey

197 1819 74 67 ſer

269 1826 118 62 lieber

205 1872 28 49 e

240 1877 1317 126 das ſchoͤne monumentum von Marmor und Glockenſveib noch an⸗

415 1841 1139 96 Frauen, das Hertz allhie im Thumb begraben worden,

164 1898 88 92 rr⸗

281 1979 1273 102 Anno 1728. war das groſſe Stahelſchieſſen alhie gehatten,

169 2000 67 100 N

247 2031 1309 156 n ne Lat weinden E Badt V ved. nnd azrg.

880 2106 185 92 Nnn 2

1392 2117 157 93 richter,

35 1720 41 57 a

25 1762 48 69 er

33 1910 48 68 on

42 2007 40 70 ie
