1934 2551
45 272 65 59 Le⸗

32 313 77 55 taug⸗

79 355 25 58 ⸗

76 403 27 44 ꝛ

62 440 47 57 Es

58 488 45 53 orl

36 532 64 54 urde

48 576 52 54 uͤr⸗

70 610 29 60 n

59 759 38 41 oil

53 841 36 49 e.

36 880 53 53 pro

38 915 54 61 ſen⸗

29 960 61 58 ter

49 1000 44 57 dit

796 221 284 80 is (0) 28

228 269 1406 103 ſchoͤfſe i Orient Leſen auch dieſes Geſat nicht auſtommen, ſondern tractirten das

1559 243 75 68 189

235 318 1395 94 Hahl⸗Geſchaͤfft gand alein, obne Zuziehnng des Cleri, oder Volcks. Balſamon

233 359 1391 97 atriarche, ſo zn Ende des XII. Sœculi ledte, beſchreibet die Wahl deren Bi⸗

226 402 1405 99 Hhoͤffen zn ſeiner Zeit, daß nemlich nach den Tod emes Verſtordenens, von denen

229 450 1398 94 nideren Biſchoͤffen, ( wann deren auch nur drey verſammlet waͤren,) der nene Bi⸗

231 490 1395 93 choff erwaͤhlet wurde, ohne Znziehung der Cleriſey, oder Volcks einer ſolchen Stadr.

229 520 58 53 Die

317 538 1310 92 iſchoͤffe ſo verſamnlet waren, erwaͤhlten drey taugliche/Perſohnen, alsdann

226 576 1400 98 ſhickten ſie ihre Meynung (Decretum) an den Metropoliten, welcher nach

224 603 86 70 ſeinen

321 627 1306 87 Gutgeduncken einen aus dieſen Dreyen zum Biſchoffen erklaͤrte. Dieſer Ge-

224 647 100 70 drauch

340 671 1287 92 ware zn Zeiten Ballamonis alſo gemei, daß er glaubte, ſolches Geſaͤtz

231 705 1393 99 ſart durch das Nicmniſche Concilium Canone IV. gemacht worden. Alein wir

222 731 75 66 hadr,

317 758 1307 88 deſehen, daß die Eleriſen und Volck lang nach den erſten Nicwniſchen, Con-

225 776 69 62 cilie

317 803 1309 87 rinen groſſen Antheil und Gewalt bey einer Biſchorfs⸗Wahl gehabt hade-

225 836 1397 102 wer etwas mehrers von dieſer Materie zu wiſſen verlange, der erſehe ſich bey Pe-

224 861 49 51 ro

282 887 1341 92 ſe Marcai Concordia Sacerdotii & Imperii. Ftem bey Thomallino de Di-

256 926 1368 98 plina verceri &c. tom. IL. Es hat zwar die Gewohnheit und Gebrauch der

229 967 1394 103 Arꝛrchiſchen Kirchen in Erwaͤhlung deren Biſchoͤfſen, keinen Zuſammhang mir der

222 1011 1397 100 Atorie unſeres Cloſters, alein ich hade ſolches darumen anmercken wollen, das

226 1037 37 51 e

286 1058 1334 97 eſer in Durchgehung deſſen, was ich von dieſen Wahl⸗Geſchaͤfft, und deſſen

225 1098 1392 102 Adrauch in der Lateiniſchen Kirchen, deſonders in Teutſchland, gleich jetzo erzeh⸗

218 1116 38 57 er

277 1146 1340 96 guͤ, zugleich ein wenige Nachrichr hade, wie deyde Kirchen, die Oriental⸗und

231 1183 914 96 ccidenraliſche, in dieſem Stuck ſich verhalten haden.

212 1262 53 65 and

316 1245 1298 111 II. In Occidente, das iſt, in der Lateiniſchen Kirchen, hatte die Eleriſen

282 1293 1332 98 as Volck ( gleichwie in der Briechiſchen Kirchen) einen groſſen Antheil an

212 1308 46 62 ꝛr

273 1335 1343 103 Dahl ihres Biſchoffens, doch ware der Gewalt deren verſammleten Biſchaͤffen

222 1359 30 55 r,

269 1377 1347 102 roͤtte. Colche Frenheit und Antheil in Erwaͤhlnng ihres Biſchoffens dehalrete

224 1403 29 58 ⸗

275 1417 1339 107 Aerus und das Volck in der Lareiniſchen Kirchen noch lange Zeit hernach, da⸗

222 1454 1388 106 (verGrirchiſchenKirchen zuvor ſoiches Geſchaͤrft⸗Gewalr denen Biſchoͤffen allein ergen wur-

215 1480 30 57 ;

272 1499 1338 116 Lach und nach aͤuſſereren iich auch in Occidente dey denen Wahlen deren Biſchoͤf⸗

208 1519 44 59 en

267 1546 1345 114 roſſe Verwirrungen, das Volck nnterſiunde ſich Gewalt zu drauchen, und den

202 1563 122 79 unigen

205 1628 1402 122 nwurdus, und ant nnzulaͤtige Weiſe, oder ans boͤſen Adſichten von dem Doick erwaͤh⸗

348 1594 1259 103 o ſelbes erwaͤhlet, zu ſchaͤten; obwohlen ein ſolcher disweilen untanglich,

204 1646 51 54 let

256 1662 114 74 worden

204 1690 95 67 griſler

405 1687 1204 101 Das Udel haͤuffte ſich mehr und mehr, alſo daß ein Mitte. mußte er⸗

321 1727 1288 101 ferden. Innocentius III. machte Anno 1215. in den IV. Lateranenſi-

202 1734 75 61 ſchen

314 1770 1292 103 Sucilio ein gant andere Form zu Erwaͤhlung eines neuen Biſchoſſens, dar⸗

201 1777 83 73 ꝛurch

302 1795 59 61 en

199 1818 63 64 den

381 1816 1226 101 apitulo alein die Wahl vorbehalten, die uͤbrige Eleriſey ader, ſamt

290 1855 1305 109 olck, und auch die Biſchoͤffe ausgeſchloßen wurden. Was Innocenteus 111

202 1867 46 59 al

270 1896 1336 110 ichr Arrh angeordnet, ware ſchon vor ihme in vielen Electionibus deodachter

201 1908 109 73 vorden

197 1945 72 66 ſchen

344 1940 1259 106 alſo har Innocentius III. dieſen Gedrauch, in dem IV. Lateranenli-

292 1981 1308 115 oncilio velmehr deſtaͤttiget, als erſunden. Richts deſio weniger ſeynd noch

201 2013 1399 128 dͤge Elestioneo hernach nach der vorigen aͤlteren Gewohnheut verrichter worden, ader

195 2036 65 64 auch

289 2070 1313 112 icirs wurde enduich voͤllg angchoden. Es verduede alſo meiſtens dey der

197 2077 106 81 turm,

306 2113 1299 140 o innorenuͤud IU virv ldn des, Vbrohios 50 dundh nt daurn Hret

856 2193 82 66 11 2

1519 2205 66 76 sß

65 1299 18 27 ,

34 1690 39 64 ni

31 1736 42 62 et
