1959 2500
45 305 61 57 latt

61 347 55 64 den

733 222 347 76 6S CO) Es-

1507 222 86 68 272

202 270 1391 85 Sayriſche Lager gieng, und mit einen Fußfall von Hertzog Gnad be⸗

198 333 1390 71 gehrte, die er auch erhielte. Ingleichen dilponirt er auch Ortonem,

205 377 1388 81 ſab er ſich auf Gnad und Ungnad ergeden. Der HHertzog verſhickt

200 430 1393 81 Arrde in Schwaben gen Ravenſpurg; der hieſige Biſchoff muhzr ihme

207 484 1385 79 gertzogen zur Straff Hobenburg an dem Inn geden; alſo wurd die⸗

201 533 349 78 ſer Krieg geendet.

213 641 1379 79 aͤgten Schaden, reſtiruirt den abgeſetzten Praͤlaten, wurde ſo gar

322 587 1274 83 Geinrich der Biſchoff erſetzt hernach unſerm Cloſter allen zuge⸗

215 695 1378 77 ch uns ein Moͤnch, erkennte in der Buß ſein Unrecht, und dekam nach

209 751 919 65 ſeinen Fodt die Sepulrur in unſer Kirchen. (h)

312 808 1280 78 Anno 1727. iſt geſtifftet worden von Gebhar do, einen Regen⸗

207 861 1386 82 ourgiſchen Canonico und gebohrnen Grafen von Rainingen und Rot⸗

215 912 1381 81 enburg, das Cloſter Sr. Wang denen Regularibus Canonicis S. Au-

207 962 1387 79 zultini zur Sradr am Hoff, an jenen Orth, ſo vor Alters, Riparia,

212 1015 1384 79 der Noricum Ripenle genannt worden. Auf des Eundaroris Anhal⸗

212 1058 43 61 er

268 1065 1328 73 hat Koͤnig Conrad, als er von Jeruſalem zuruck kommen, und

250 1113 1344 84 ſue ein Reichs⸗ Tag, wegen Belaͤgerung der Stadt Rhelheim ge⸗

212 1166 1303 84 Alten, gedachtem Cloſter benannte Vorſtatt am Hoff zugeeignet.

320 1220 1276 84 Anno 1130. iſt hieſige Stadt Freytag nach Oſtern guten Theils

212 1261 243 90 dpudronnen.

318 1319 1275 81 Kayſer Lotbarius, da er aus Ftalia wider allhero reiſen wolte⸗

208 1345 82 81 tart

301 1373 1293 74 zu Trient den z. Decembr. Anno 1128. die Fuͤrſten erwaͤhlten

216 1419 1383 81 Anradum Hertzogen in Schwaben, bevſeits ſetzend Hertzog Seinrichen

272 1470 1325 77 Hayrn, der, wie auch deſſen Vorum Electorale ihnen zu maͤchtig

209 1509 81 77 var.

326 1520 1271 75 Dieſem geſiel die Wahl nit, verweigerte alſo die in Verwah⸗

213 1563 81 71 ung

307 1575 1290 72 babende Kayſerliche Heylthum und Kleinodien. Kayſer Conrad

216 1623 1384 82 Eaduno 1 1ꝛ8. ainem Reichs⸗ Lao zn Bambderg⸗ Hertzos Heinrich

215 1658 72 67 oos

305 1679 1295 76 uit darzu kommen, minder ſchweren. Als aber der Reichs⸗Tag

211 1706 44 59 au

298 1726 1296 83 legenſpurg gelegt wurde, verwilligte Hertzog Heinrich, auf Zu⸗

219 1777 1387 82 erechen guter Freund, und damit er nit alle verachtend, von allen

234 1825 1372 91 acht werde, die Cron, Scepter und anders Von hie, kam der

1440 1877 167 74 Reichs⸗

34 511 71 57 Kay

54 605 61 61 por

68 650 34 68 ꝛt

45 705 67 63 gſer

55 1356 40 63 zr.

38 1506 62 66 hra

51 1759 33 59 ꝛt

59 1795 41 73 y

45 1858 32 68 1

236 2033 103 62 C M

365 2051 1236 62 aſcripra noſtra, L HLandiur. parte L. Metropol. Salicb. pag. 197. Ob er ein moͤnch

266 2084 1338 70 wordeni oder nu m Noͤnchs⸗Xleydern begraden zu werden verlangt, win ich nichr vor gewis et.

272 2125 1332 70 As angdden. In dieſen Stuen beſſen lch viel n Menchs. Kurdem begraben, dadero vnleche Es

269 2158 591 78 Memnuns, daß polche anch Monch worden
