1923 2446
729 184 411 78 -1S (O) Zte-

27 218 61 66 nd

1554 202 44 58 13

250 229 1446 88 Tag. (a) Anda haͤtte man in der Kirchen einen ſchoͤnen GOttes⸗ca)

29 269 143 63 eyneber

245 285 1393 81 Dienſt geſehen, mit Singen und Orglen, ſeynd auch taͤglich viel

82 312 77 68 ,.

245 334 1391 81 Meſſen celebrirt worden, dann der Prieſter und Altaͤr inn⸗ und vor

91 369 80 63 Tas

245 368 49 65 er

312 388 1382 80 Kirchen ein groſſe Anzahl geweſen, () ſo haben auch gelehrte(-,

244 432 1378 83 zut, die Mauren, oder Waͤnde der Kirchen mit mancherley Tafeln,

243 483 1387 83 baran Carmina geſchrieben geweſen, gezieret. Dahin wurden viel

74 515 91 67 Zache

245 535 1384 77 ſlrancke gefuͤhret, und getragen, an derer Geſundheit die Aertzte ge⸗

40 570 89 64 Wab

243 585 1386 78 ſeiflet, und ſennd widerum geſund und friſch davon gangen, und un⸗

48 627 33 55 n

245 630 83 63 erem

345 640 1280 74 HErren GOtt Danck geſagt. Es iſt in Summa ſo viel Wun⸗

251 679 54 58 ers

322 691 1303 74 allda geſchehen, davon viel zu ſchreiben waͤre, und waͤhrete ſol⸗

29 751 62 45 die

245 735 1377 81 pes bey ſechs oder ſieben Jahr lang, biß endlichen die Leute durch einen

241 786 1380 83 Koͤnch, Martin Luther, genannt, von der Religion, und Chriſtli⸗

245 822 79 74 en.

338 845 1286 73 eremonien abgewendet, deren etliche dahin gegangen, und man⸗

250 887 1369 83 erley Geſpoͤrt daraus getriben. Aber nachmahls haben ſolche Wun⸗

260 936 1357 84 twerck aufgehoͤret, daß ſie nunmehr nicht alſo ſehr zu ſpuͤhren ſeynd.

24 971 98 60 tebrat

250 985 1363 83 lichts deſtoweniger, wer noch aus Chriſtlichen Glauben und Andacht,

25 1023 53 47 ꝛe

32 1061 57 53 den

278 1036 1340 79 der Hoffnung GOttes, dahin Wahifarthen ſich begibet, Unſeren

50 1092 53 65 ef

266 1085 1355 80 errn und GOtt aus Grund ſeines HHertzens um etwas bittet, der⸗

241 1131 1436 108 d geher mt leer aus, ſondern thut Eemes Glaubens genreſſen. ())(.

255 1184 406 83 is hiehero Hagecius-

251 1367 1359 93 (1) Die anderen, giengen mit Bedacht dahin, und brachten ihre Orffer.

278 1422 1332 86 Eer erzehlet, daß viele Gutthaten von GOtr alda ercheilet worden: Harrin

281 1475 1328 90 Lurher haͤrte das Volck von der Religion, und Chriftlichen Ceremonien

284 1524 1117 99 Cbgrwendet: ſemne Anhaͤnger haͤnten ab ſolcher Andachu geſporret ꝛc.

260 1600 1340 98 e) Defe Erehlang Hegecit, ven dem Zeichen ( biß zu Ende 1ꝛie (e

284 1663 1323 75 ware dem Herrrn Regenſpurger zu ſeinen Vorhaden keineswegs anſtaͤndig, da⸗

279 1706 1325 74 hero er ſelce voͤllig ausgelanen. Doch muß er ſich vergeſſen haben, da er noch

279 1750 1328 76 dieſe Wort behalten l Sonſt ſernod andere Leurh, ſo nichr alſo ge⸗

284 1791 175 65 rrieben,

464 1805 1142 71 mir Bedachr dahin gangen, welche Gold und Sil⸗

279 1844 1328 86 der dahin drachr haben.1 Ich noͤchte nur gern wiſſen, ob dieſe an⸗

281 1888 1326 95 dere Leurh, ſo mir Pedacht dahin gangen, Gold und Silber all⸗

286 1929 52 64 da

364 1951 1239 81 geopfferer haben, ſolches ans bezauberter Andachr gechan laben:

282 2003 1321 81 Daun dieſe lettere auch verzauberet geneſen, da he mit Bedacht ſolches

275 2027 113 84 grrhan

418 2062 1184 76 ſo wliget 1.mo daß durſe danderey viel hundert Jahr deſtaͤndis bort⸗

856 2111 122 68 Jii 2

1456 2117 143 58 dauere;

62 1228 72 45 unie,

89 1266 21 46 e

57 1490 34 46 Ic.

23 1580 70 57 ere

29 1625 72 62 wan

51 1675 19 65 e

38 1776 61 46 natt

23 1842 103 76 Aundas

61 1891 49 75 vi

28 1396 69 52 ener

28 1958 65 77 e,
