<?xml version="1.0" encoding="UTF-8"?>
<alto xmlns:xsi="http://www.w3.org/2001/XMLSchema-instance"
      xmlns="http://www.loc.gov/standards/alto/ns-v4#"
      xsi:schemaLocation="http://www.loc.gov/standards/alto/ns-v4# http://www.loc.gov/standards/alto/v4/alto-4-2.xsd">
  <Description>
    <MeasurementUnit>pixel</MeasurementUnit>
    <sourceImageInformation>
      <fileName>image134.jpg</fileName>
      <fileIdentifier>https://archiv.ub.uni-marburg.de/eb/2010/0168</fileIdentifier>
    </sourceImageInformation>
  </Description>
  <Tags>
    <OtherTag ID="BT1" LABEL="Title" DESCRIPTION="block type Title"/><OtherTag ID="BT2" LABEL="Main" DESCRIPTION="block type Main"/><OtherTag ID="BT3" LABEL="Commentary" DESCRIPTION="block type Commentary"/><OtherTag ID="BT4" LABEL="Illustration" DESCRIPTION="block type Illustration"/><OtherTag ID="BT42" LABEL="text" DESCRIPTION="block type text"/>
    <OtherTag ID="LT33" LABEL="default" DESCRIPTION="line type default"/>
  </Tags>
  <Layout>
    <Page WIDTH="1978"
          HEIGHT="2546"
          PHYSICAL_IMG_NR="134"
          ID="eSc_dummypage_">
      <PrintSpace HPOS="0"
                  VPOS="0"
                  WIDTH="1978"
                  HEIGHT="2546">
        <TextBlock HPOS="356"
                   VPOS="243"
                   WIDTH="1446"
                   HEIGHT="1848"
                   ID="eSc_textblock_0ca97c12"
                   TAGREFS="BT42">
          <Shape><Polygon POINTS="921 243 1270 254 1304 277 1276 322 1288 458 1491 486 1513 514 1508 558 1547 560 1566 599 1802 616 1791 1339 1751 1373 1492 1390 1423 1414 1649 1442 1678 1482 1649 1628 1605 1639 1542 1735 1491 1748 1615 1787 1655 1827 1666 1944 1649 2001 1621 2018 928 2035 809 2046 807 2069 762 2091 554 2091 526 2074 515 2014 430 1882 441 1770 513 1748 520 1714 503 1584 447 1554 435 1520 435 1454 469 1397 356 1367 356 582 379 554 638 565 667 536 667 469 701 441 836 452 875 435 894 377 877 349 882 260 921 243"/></Shape>
          <TextLine ID="eSc_line_4602cefa"
                    TAGREFS="LT33"
                    BASELINE="936 301 1232 306" 
                    HPOS="935"
                    VPOS="243"
                    WIDTH="297"
                    HEIGHT="82">
            <Shape><Polygon POINTS="1219 251 1205 251 1191 251 1177 250 1163 250 1148 250 1134 248 1120 248 1106 248 1092 247 1078 247 1063 247 1049 247 1035 246 1021 246 1011 247 1008 246 1007 246 993 244 979 244 964 244 950 243 936 243 936 301 935 316 1056 322 1058 322 1059 322 1061 322 1075 314 1119 314 1133 323 1134 323 1136 323 1137 323 1138 323 1157 315 1229 325 1232 306 1232 253 1219 251"/></Shape>
            <String CONTENT="28 (o) 27"
                    HPOS="935"
                    VPOS="243"
                    WIDTH="297"
                    HEIGHT="82"
                    WC="0.9297827349768745"></String>
          </TextLine>
          <TextLine ID="eSc_line_1b74036f"
                    TAGREFS="LT33"
                    BASELINE="938 434 945 435" 
                    HPOS="932"
                    VPOS="400"
                    WIDTH="18"
                    HEIGHT="59">
            <Shape><Polygon POINTS="932 458 939 459 945 435 950 403 945 400 938 434 932 458"/></Shape>
            <String CONTENT=""
                    HPOS="932"
                    VPOS="400"
                    WIDTH="18"
                    HEIGHT="59"
                    ></String>
          </TextLine>
          <TextLine ID="eSc_line_1af739da"
                    TAGREFS="LT33"
                    BASELINE="981 437 1236 439" 
                    HPOS="980"
                    VPOS="347"
                    WIDTH="256"
                    HEIGHT="121">
            <Shape><Polygon POINTS="980 448 1045 454 1061 466 1062 466 1063 466 1123 468 1124 468 1126 468 1168 452 1196 468 1198 468 1199 468 1235 465 1236 439 1235 353 1158 359 1103 349 1102 349 1024 357 983 347 981 437 980 448"/></Shape>
            <String CONTENT="u ſat"
                    HPOS="980"
                    VPOS="347"
                    WIDTH="256"
                    HEIGHT="121"
                    WC="0.9619392991065979"></String>
          </TextLine>
          <TextLine ID="eSc_line_b6d72ede"
                    TAGREFS="LT33"
                    BASELINE="681 534 1489 543" 
                    HPOS="680"
                    VPOS="459"
                    WIDTH="809"
                    HEIGHT="116">
            <Shape><Polygon POINTS="1488 485 1474 483 1460 482 1446 479 1431 478 1417 475 1412 473 1373 483 1356 469 1355 469 1354 469 1352 469 1322 475 1296 465 1294 465 1293 465 1291 465 1290 465 1266 482 1189 482 1160 466 1158 466 1157 466 1105 478 1088 463 1088 462 1086 462 1085 462 1083 462 1082 462 1055 471 1013 462 1011 462 1010 462 987 473 976 468 974 468 973 468 972 468 947 479 856 479 816 459 814 459 681 459 681 534 680 565 714 568 715 568 717 568 718 568 739 554 814 554 848 554 864 570 864 571 865 571 867 571 868 571 870 571 921 557 957 572 959 572 960 572 962 572 991 565 1031 572 1032 572 1034 572 1073 561 1093 568 1095 568 1096 568 1097 568 1126 558 1147 558 1170 572 1171 572 1172 572 1174 572 1235 564 1270 575 1271 575 1273 575 1274 575 1276 575 1291 565 1308 575 1310 575 1311 575 1488 572 1489 543 1489 487 1488 485"/></Shape>
            <String CONTENT="Zu den achtzehenden Capitel."
                    HPOS="680"
                    VPOS="459"
                    WIDTH="809"
                    HEIGHT="116"
                    WC="0.9996614967073713"></String>
          </TextLine>
          <TextLine ID="eSc_line_d0d41fc8"
                    TAGREFS="LT33"
                    BASELINE="465 629 1134 643 1788 647" 
                    HPOS="465"
                    VPOS="570"
                    WIDTH="1323"
                    HEIGHT="97">
            <Shape><Polygon POINTS="1781 615 1768 613 1760 616 1734 611 1724 611 1710 609 1700 608 1685 616 1612 616 1590 599 1583 599 1569 599 1564 594 1499 585 1498 585 1386 612 1332 612 1310 598 1308 598 1307 598 1305 598 1304 598 1259 609 1192 602 1191 602 1082 608 1048 598 1047 598 1045 598 1003 606 972 594 970 594 969 594 878 605 841 605 778 574 776 574 599 572 598 572 540 584 465 570 465 629 465 650 567 644 585 652 587 652 588 652 664 647 674 654 676 654 677 654 679 654 755 647 785 656 786 656 788 656 933 650 980 659 981 659 1066 652 1079 660 1080 660 1082 660 1083 660 1236 654 1267 661 1269 661 1270 661 1362 656 1382 664 1383 664 1385 664 1386 664 1387 664 1400 657 1608 667 1610 667 1611 667 1637 660 1785 663 1788 647 1785 615 1781 615"/></Shape>
            <String CONTENT="(n dieſen Fapitel pag. r0o. (e) iſ gemeldel worden, daß B. Lamrolans"
                    HPOS="465"
                    VPOS="570"
                    WIDTH="1323"
                    HEIGHT="97"
                    WC="0.9705303688259685"></String>
          </TextLine>
          <TextLine ID="eSc_line_04cac631"
                    TAGREFS="LT33"
                    BASELINE="435 671 1529 694 1786 691" 
                    HPOS="434"
                    VPOS="633"
                    WIDTH="1352"
                    HEIGHT="82">
            <Shape><Polygon POINTS="1253 644 1242 644 1228 644 1215 644 1213 644 1212 644 1191 656 1124 646 1123 646 1121 646 1093 653 1071 642 1062 642 1037 652 996 644 994 644 993 644 969 652 938 639 930 639 916 639 902 639 888 639 874 639 861 639 860 639 858 639 822 649 744 636 742 636 694 646 640 635 639 635 638 635 616 644 561 633 560 633 558 633 540 642 435 642 435 671 434 683 616 695 618 695 662 688 698 697 700 697 701 697 741 690 755 698 756 698 758 698 759 698 891 693 967 702 969 702 1010 695 1061 704 1062 704 1103 697 1191 707 1192 707 1259 700 1276 708 1277 708 1279 708 1327 701 1366 710 1533 712 1535 712 1536 712 1552 705 1570 714 1571 714 1573 715 1785 715 1786 691 1784 654 1658 653 1656 653 1655 653 1635 664 1590 664 1487 649 1485 649 1455 654 1413 647 1412 647 1410 647 1385 656 1365 647 1363 647 1362 647 1293 657 1254 644 1253 644"/></Shape>
            <String CONTENT="O das koſtbare Evangelii⸗Buch, ſo Arnulphus der Kayſer, dem heiligen"
                    HPOS="434"
                    VPOS="633"
                    WIDTH="1352"
                    HEIGHT="82"
                    WC="0.9942075303372215"></String>
          </TextLine>
          <TextLine ID="eSc_line_3f3844e8"
                    TAGREFS="LT33"
                    BASELINE="365 712 1785 736" 
                    HPOS="363"
                    VPOS="677"
                    WIDTH="1422"
                    HEIGHT="81">
            <Shape><Polygon POINTS="365 712 363 725 414 735 415 735 417 735 440 728 537 736 539 736 587 731 614 739 615 739 616 739 771 734 783 742 785 742 786 742 788 742 857 735 950 745 1069 746 1071 746 1072 746 1097 739 1124 748 1126 748 1127 748 1199 741 1226 749 1228 749 1229 749 1273 742 1307 751 1308 751 1310 751 1614 748 1702 758 1703 758 1784 749 1785 736 1782 704 1734 707 1695 698 1693 698 1653 707 1610 697 1608 697 1562 705 1525 695 1523 695 1522 695 1474 704 1446 695 1444 695 1443 695 1441 695 1427 702 1358 695 1356 695 1287 701 1271 691 1270 691 1269 691 1267 691 1199 700 1114 688 1113 688 1066 697 1015 687 1014 687 1013 687 976 695 928 686 926 686 797 693 778 683 776 683 684 681 683 681 625 690 365 677 365 712"/></Shape>
            <String CONTENT="Emmeramo geſchencket, erneueren habe laſſen. Georgius ab Eeſbard in ſeinen"
                    HPOS="363"
                    VPOS="677"
                    WIDTH="1422"
                    HEIGHT="81"
                    WC="0.9936558539802963"></String>
          </TextLine>
          <TextLine ID="eSc_line_40eb0b31"
                    TAGREFS="LT33"
                    BASELINE="366 758 957 766 1373 779 1784 779" 
                    HPOS="365"
                    VPOS="719"
                    WIDTH="1419"
                    HEIGHT="81">
            <Shape><Polygon POINTS="366 758 365 770 462 782 464 782 465 782 486 773 512 782 513 782 515 782 516 782 543 773 766 776 786 785 788 785 789 785 834 777 899 787 901 787 1013 780 1037 789 1038 789 1304 793 1305 793 1307 793 1325 786 1338 794 1339 794 1341 794 1625 799 1627 799 1628 799 1644 792 1693 800 1695 800 1782 790 1784 779 1781 742 1690 748 1587 738 1586 738 1504 745 1400 734 1399 734 1397 734 1396 734 1382 742 1356 735 1355 735 1354 735 1313 742 1281 732 1280 732 1279 732 1277 732 1242 741 1130 741 1096 729 1095 729 1093 729 1092 729 1071 738 942 738 919 728 918 728 857 727 856 727 854 727 853 727 841 734 731 724 730 724 650 732 551 721 550 721 466 729 452 719 451 719 449 719 366 719 366 758"/></Shape>
            <String CONTENT="Buch, ( Francia Orientalis) tomo II. pag. 563. ſchreibet, wie ſolches ge⸗"
                    HPOS="365"
                    VPOS="719"
                    WIDTH="1419"
                    HEIGHT="81"
                    WC="0.9953883273960793"></String>
          </TextLine>
          <TextLine ID="eSc_line_8b022271"
                    TAGREFS="LT33"
                    BASELINE="363 801 1785 823" 
                    HPOS="363"
                    VPOS="762"
                    WIDTH="1422"
                    HEIGHT="82">
            <Shape><Polygon POINTS="1464 780 1348 786 1335 777 1328 777 1294 785 1196 785 1181 776 1180 776 1178 776 1120 783 997 772 996 772 837 779 741 768 739 768 667 775 656 768 655 768 653 768 551 765 550 765 493 773 363 762 363 801 363 824 929 824 1144 835 1146 835 1213 828 1240 837 1242 837 1243 837 1356 831 1376 838 1378 838 1697 844 1699 844 1784 835 1785 823 1785 792 1768 783 1767 783 1765 783 1707 792 1653 782 1652 782 1651 782 1622 790 1611 783 1610 783 1608 783 1607 783 1522 789 1465 780 1464 780"/></Shape>
            <String CONTENT="ſchehen. Es iſt in dieſen zweyten Tomo, pag. cit. auch in Aupfer zn ſehen, die"
                    HPOS="363"
                    VPOS="762"
                    WIDTH="1422"
                    HEIGHT="82"
                    WC="0.9802903326658102"></String>
          </TextLine>
          <TextLine ID="eSc_line_b523a657"
                    TAGREFS="LT33"
                    BASELINE="363 843 1219 862 1784 862" 
                    HPOS="362"
                    VPOS="809"
                    WIDTH="1422"
                    HEIGHT="73">
            <Shape><Polygon POINTS="363 843 362 855 465 857 485 867 486 867 488 867 638 861 732 871 734 871 735 871 762 864 783 871 785 871 1170 878 1171 878 1256 871 1325 879 1327 879 1328 879 1345 872 1434 882 1436 882 1782 878 1784 862 1781 828 1610 834 1447 824 1446 824 1346 830 1315 821 1314 821 1313 821 1311 821 1310 821 1298 828 1273 821 1271 821 1270 821 1105 826 1092 818 1090 818 1089 818 1088 818 1025 824 996 816 994 816 993 816 909 823 880 814 878 814 877 814 822 821 802 814 800 814 799 814 737 820 711 811 710 811 708 811 707 811 676 818 540 809 539 809 363 811 363 843"/></Shape>
            <String CONTENT="Bildnuß Caroli Calvi, wie ſelbe von der Hand, mit Gold und Farben in dem Ori-"
                    HPOS="362"
                    VPOS="809"
                    WIDTH="1422"
                    HEIGHT="73"
                    WC="0.9970963845005283"></String>
          </TextLine>
          <TextLine ID="eSc_line_2aa7496b"
                    TAGREFS="LT33"
                    BASELINE="365 888 1443 909 1784 905" 
                    HPOS="365"
                    VPOS="850"
                    WIDTH="1419"
                    HEIGHT="82">
            <Shape><Polygon POINTS="1238 864 1192 871 996 859 994 859 943 867 880 858 878 858 789 864 755 855 754 855 752 855 687 862 601 852 599 852 520 859 391 850 390 850 389 850 365 857 365 888 365 909 464 903 640 913 642 913 643 913 664 906 686 915 687 915 689 915 789 909 816 916 817 916 819 916 820 916 837 909 858 917 860 917 861 917 940 910 1109 922 1110 922 1300 917 1313 925 1314 925 1315 925 1412 926 1413 926 1414 926 1436 919 1450 927 1451 927 1453 927 1454 927 1591 922 1614 930 1615 930 1617 930 1689 923 1703 932 1704 932 1706 932 1707 932 1782 923 1784 905 1784 881 1762 872 1761 872 1760 872 1758 872 1736 879 1610 869 1608 869 1448 875 1378 867 1376 867 1337 872 1239 864 1238 864"/></Shape>
            <String CONTENT="ginali gemahlen zu ſinden iſt. Eckhardus meldet auch, daß das Monogra-"
                    HPOS="365"
                    VPOS="850"
                    WIDTH="1419"
                    HEIGHT="82"
                    WC="0.9969813653400966"></String>
          </TextLine>
          <TextLine ID="eSc_line_d3fc3d71"
                    TAGREFS="LT33"
                    BASELINE="365 934 1253 960 1786 960" 
                    HPOS="363"
                    VPOS="901"
                    WIDTH="1423"
                    HEIGHT="80">
            <Shape><Polygon POINTS="365 934 363 949 1390 977 1392 977 1393 977 1410 970 1464 978 1465 978 1525 973 1598 981 1600 981 1634 974 1784 975 1786 960 1785 923 1733 929 1522 917 1520 917 1460 923 1386 915 1385 915 1322 920 1250 912 365 901 365 934"/></Shape>
            <String CONTENT="ma, AT, ſo auf den aͤuſſeren Theil des koſtbahren Deckels dieſes Buchs in einer"
                    HPOS="363"
                    VPOS="901"
                    WIDTH="1423"
                    HEIGHT="80"
                    WC="0.9944957109946239"></String>
          </TextLine>
          <TextLine ID="eSc_line_7ddcdf9b"
                    TAGREFS="LT33"
                    BASELINE="363 978 1375 1002 1781 1000" 
                    HPOS="362"
                    VPOS="940"
                    WIDTH="1419"
                    HEIGHT="84">
            <Shape><Polygon POINTS="1212 960 1202 958 1192 958 1184 958 1170 958 1157 958 1130 964 1090 956 1085 956 1071 956 1056 956 1052 954 932 960 908 950 902 950 837 958 696 947 694 947 629 954 609 944 608 944 606 944 605 944 582 951 534 943 533 943 531 943 530 943 516 951 476 942 475 942 473 942 418 947 363 940 363 978 362 991 414 1001 415 1001 523 995 648 1005 649 1005 650 1005 676 998 690 1007 691 1007 693 1007 694 1007 816 1001 1056 1014 1249 1016 1250 1016 1252 1016 1271 1009 1348 1019 1349 1019 1413 1012 1581 1024 1583 1024 1621 1016 1778 1018 1781 1000 1778 967 1625 971 1454 963 1453 963 1419 970 1221 960 1212 960"/></Shape>
            <String CONTENT="Saphir-Stein zu ſehen, den Nahmen ſUDTTE, Mutter CAROLICALVI"
                    HPOS="362"
                    VPOS="940"
                    WIDTH="1419"
                    HEIGHT="84"
                    WC="0.990481827656428"></String>
          </TextLine>
          <TextLine ID="eSc_line_d9511ad3"
                    TAGREFS="LT33"
                    BASELINE="362 1024 1266 1046 1782 1046" 
                    HPOS="360"
                    VPOS="985"
                    WIDTH="1422"
                    HEIGHT="87">
            <Shape><Polygon POINTS="362 1024 360 1036 568 1039 657 1052 659 1052 797 1045 892 1056 894 1056 949 1049 1063 1049 1083 1059 1085 1059 1086 1059 1148 1053 1182 1062 1184 1062 1185 1062 1260 1055 1337 1065 1338 1065 1379 1056 1393 1065 1395 1065 1396 1065 1556 1069 1557 1069 1678 1062 1726 1072 1727 1072 1781 1063 1782 1046 1782 1019 1709 1009 1707 1009 1559 1015 1287 1002 1286 1002 1284 1002 1283 1002 1271 1009 1232 1002 1230 1002 1164 1007 1093 998 1092 998 1090 998 1072 1005 1007 997 1005 997 970 1004 884 995 882 995 851 1001 809 992 807 992 762 1000 673 991 672 991 640 997 629 990 628 990 626 990 625 990 517 995 473 987 472 987 471 987 442 994 362 985 362 1024"/></Shape>
            <String CONTENT="dedeutte Ob ſolches Monogramma aber nicht beſſer den Nahmen VTE,"
                    HPOS="360"
                    VPOS="985"
                    WIDTH="1422"
                    HEIGHT="87"
                    WC="0.9922433914616704"></String>
          </TextLine>
          <TextLine ID="eSc_line_3a7f6494"
                    TAGREFS="LT33"
                    BASELINE="411 1070 955 1079 1230 1090 1778 1093" 
                    HPOS="410"
                    VPOS="1032"
                    WIDTH="1368"
                    HEIGHT="79">
            <Shape><Polygon POINTS="1373 1048 1361 1048 1348 1055 1291 1055 1273 1046 1260 1046 1253 1046 1240 1055 1181 1055 1170 1046 1168 1046 1167 1046 1165 1046 1089 1052 1052 1042 1048 1042 1039 1041 987 1049 918 1042 916 1042 915 1042 914 1042 904 1049 839 1038 752 1036 751 1036 749 1036 730 1046 697 1036 696 1036 694 1036 653 1042 513 1033 512 1033 510 1033 482 1041 411 1032 411 1070 410 1083 512 1094 513 1094 515 1094 537 1086 659 1097 660 1097 745 1089 823 1099 824 1099 826 1099 858 1090 1018 1101 1020 1101 1082 1096 1219 1104 1221 1104 1222 1104 1239 1096 1267 1106 1269 1106 1270 1106 1399 1101 1472 1108 1727 1111 1728 1111 1777 1101 1778 1093 1775 1050 1676 1060 1604 1053 1603 1053 1393 1056 1376 1048 1373 1048"/></Shape>
            <String CONTENT="Vta1) Gemahlin Kayſers Arnulphi umeige, uͤberlaſſe ich denen Kennern ꝛ"
                    HPOS="410"
                    VPOS="1032"
                    WIDTH="1368"
                    HEIGHT="79"
                    WC="0.9752409585884639"></String>
          </TextLine>
          <TextLine ID="eSc_line_9c66a554"
                    TAGREFS="LT33"
                    BASELINE="357 1115 898 1121 1325 1135 1772 1137" 
                    HPOS="356"
                    VPOS="1076"
                    WIDTH="1416"
                    HEIGHT="81">
            <Shape><Polygon POINTS="1403 1091 1402 1091 1400 1091 1303 1097 1269 1091 1263 1091 1249 1091 1235 1091 1222 1090 1184 1096 1022 1094 977 1083 846 1082 844 1082 843 1082 810 1090 790 1080 789 1080 788 1080 725 1089 694 1079 693 1079 691 1079 690 1079 663 1087 591 1077 590 1077 544 1086 492 1076 490 1076 357 1079 357 1115 356 1130 631 1131 666 1142 667 1142 669 1142 670 1142 693 1134 765 1134 785 1144 786 1144 788 1144 789 1144 813 1135 836 1144 837 1144 839 1144 955 1137 1184 1151 1334 1152 1335 1152 1337 1152 1354 1145 1379 1154 1380 1154 1479 1155 1713 1157 1714 1157 1771 1148 1772 1137 1771 1096 1679 1103 1417 1100 1404 1091 1403 1091"/></Shape>
            <String CONTENT="urtheilen. Obwohlen Carolus Calvus ſolches Buch zu ſchreiben anbeſohlen, ſ"
                    HPOS="356"
                    VPOS="1076"
                    WIDTH="1416"
                    HEIGHT="81"
                    WC="0.9884553527509844"></String>
          </TextLine>
          <TextLine ID="eSc_line_fbb372c1"
                    TAGREFS="LT33"
                    BASELINE="357 1159 1419 1181 1782 1181" 
                    HPOS="356"
                    VPOS="1120"
                    WIDTH="1426"
                    HEIGHT="89">
            <Shape><Polygon POINTS="1348 1137 1345 1137 1320 1144 1308 1137 1307 1137 1305 1137 1304 1137 1249 1142 1151 1134 1150 1134 1011 1138 994 1128 993 1128 991 1128 990 1128 918 1137 891 1127 889 1127 888 1127 887 1127 861 1134 809 1125 807 1125 806 1125 785 1134 758 1124 756 1124 755 1124 643 1131 590 1121 357 1120 357 1159 356 1173 393 1183 394 1183 396 1183 397 1183 437 1173 507 1186 509 1186 510 1186 531 1176 635 1176 677 1189 679 1189 680 1189 681 1189 721 1179 783 1189 785 1189 830 1182 932 1182 956 1192 957 1192 959 1192 960 1192 983 1183 1066 1192 1068 1192 1119 1186 1148 1199 1150 1199 1235 1200 1236 1200 1238 1200 1270 1189 1298 1198 1300 1198 1301 1198 1345 1190 1413 1203 1703 1209 1704 1209 1781 1196 1782 1181 1779 1142 1627 1149 1519 1140 1518 1140 1516 1140 1499 1147 1390 1147 1359 1137 1348 1137"/></Shape>
            <String CONTENT="iſt doch ſelbes durch Kayſer Arnulfan ans Franckreich heraus gebracht worden,"
                    HPOS="356"
                    VPOS="1120"
                    WIDTH="1426"
                    HEIGHT="89"
                    WC="0.9880521816092652"></String>
          </TextLine>
          <TextLine ID="eSc_line_7da58922"
                    TAGREFS="LT33"
                    BASELINE="357 1202 1409 1222" 
                    HPOS="356"
                    VPOS="1164"
                    WIDTH="1053"
                    HEIGHT="82">
            <Shape><Polygon POINTS="1358 1181 1356 1181 1334 1189 1273 1179 1271 1179 1185 1186 1112 1178 1110 1178 1051 1183 1022 1173 1021 1173 1020 1173 960 1182 882 1171 881 1171 809 1179 764 1171 762 1171 761 1171 759 1171 751 1178 737 1168 735 1168 734 1168 732 1168 659 1176 639 1166 638 1166 530 1165 529 1165 527 1165 507 1173 455 1164 454 1164 398 1171 357 1165 357 1202 356 1227 448 1230 449 1230 451 1230 490 1220 500 1227 502 1227 503 1227 505 1227 541 1222 557 1231 558 1231 560 1231 561 1231 563 1231 564 1231 577 1223 625 1231 626 1231 697 1224 715 1233 717 1233 718 1233 720 1233 748 1224 809 1237 810 1237 812 1237 836 1230 847 1237 848 1237 850 1237 851 1237 853 1237 854 1237 871 1226 887 1239 888 1239 889 1239 891 1240 952 1240 952 1239 953 1239 973 1229 1121 1230 1134 1239 1136 1239 1137 1239 1138 1239 1182 1231 1259 1246 1260 1246 1332 1234 1406 1239 1409 1222 1407 1190 1359 1181 1358 1181"/></Shape>
            <String CONTENT="welcher ſolches hinnach dem heiligen Emmeramo geſchencket."
                    HPOS="356"
                    VPOS="1164"
                    WIDTH="1053"
                    HEIGHT="82"
                    WC="0.999383061096586"></String>
          </TextLine>
          <TextLine ID="eSc_line_f2d2728f"
                    TAGREFS="LT33"
                    BASELINE="362 1309 1563 1335 1774 1333" 
                    HPOS="360"
                    VPOS="1267"
                    WIDTH="1414"
                    HEIGHT="89">
            <Shape><Polygon POINTS="1354 1287 1352 1287 1351 1287 1273 1297 1188 1288 1187 1288 1148 1295 1082 1295 1062 1285 1061 1285 1059 1285 802 1288 731 1277 730 1277 663 1285 580 1273 574 1273 560 1273 556 1273 479 1281 452 1268 451 1268 362 1267 362 1309 360 1323 407 1333 408 1333 410 1333 440 1325 520 1325 544 1336 546 1336 547 1336 548 1336 570 1328 629 1328 660 1339 662 1339 663 1339 775 1332 816 1342 817 1342 819 1342 938 1335 1079 1347 1080 1347 1109 1342 1199 1349 1201 1349 1202 1349 1204 1349 1216 1340 1257 1347 1259 1347 1341 1343 1358 1353 1359 1353 1361 1353 1362 1353 1423 1346 1495 1356 1496 1356 1772 1353 1774 1333 1770 1295 1651 1304 1635 1294 1634 1294 1632 1294 1631 1294 1586 1304 1550 1297 1549 1297 1520 1302 1414 1288 1413 1288 1412 1288 1373 1299 1355 1287 1354 1287"/></Shape>
            <String CONTENT="Blat das Zeichen zu ſehen, allwo die Bildnus Ramvoldi Abbtens gezeichnetifi,:"
                    HPOS="360"
                    VPOS="1267"
                    WIDTH="1414"
                    HEIGHT="89"
                    WC="0.9728929172088574"></String>
          </TextLine>
          <TextLine ID="eSc_line_ebeca8dc"
                    TAGREFS="LT33"
                    BASELINE="483 1270 1039 1284 1784 1289" 
                    HPOS="482"
                    VPOS="1231"
                    WIDTH="1302"
                    HEIGHT="78">
            <Shape><Polygon POINTS="483 1270 482 1289 1781 1309 1784 1289 1781 1248 1601 1254 1515 1246 1513 1246 1283 1250 1153 1240 1151 1240 1080 1247 996 1239 994 1239 993 1239 979 1246 957 1239 956 1239 955 1239 790 1243 749 1234 748 1234 677 1241 652 1233 650 1233 649 1233 550 1239 483 1231 483 1270"/></Shape>
            <String CONTENT="Von Ernenerung dieſes Buchs, durch Ramvoldum, iſt gleich am erſten"
                    HPOS="482"
                    VPOS="1231"
                    WIDTH="1302"
                    HEIGHT="78"
                    WC="0.9822729807911497"></String>
          </TextLine>
          <TextLine ID="eSc_line_2a1127e4"
                    TAGREFS="LT33"
                    BASELINE="362 1352 1361 1373" 
                    HPOS="360"
                    VPOS="1314"
                    WIDTH="1001"
                    HEIGHT="86">
            <Shape><Polygon POINTS="362 1352 360 1374 483 1372 507 1383 509 1383 510 1383 512 1383 531 1373 574 1380 575 1380 602 1374 626 1388 628 1388 629 1388 694 1390 696 1390 697 1390 731 1379 751 1386 752 1386 754 1386 851 1380 881 1380 895 1393 895 1394 897 1394 898 1394 960 1396 962 1396 963 1396 1001 1383 1048 1384 1068 1397 1069 1397 1071 1397 1160 1400 1161 1400 1252 1388 1358 1393 1361 1373 1361 1342 1226 1330 1225 1330 1171 1339 1106 1339 1096 1329 1095 1329 1093 1329 1092 1329 1090 1329 1089 1329 1079 1336 993 1336 894 1323 892 1323 827 1332 742 1321 741 1321 739 1321 738 1321 725 1329 648 1329 626 1318 625 1318 623 1318 547 1325 493 1315 492 1315 428 1323 362 1314 362 1352"/></Shape>
            <String CONTENT="Ranvoldur indigner Abbas, mit ſolgenden zweyen Verſen:"
                    HPOS="360"
                    VPOS="1314"
                    WIDTH="1001"
                    HEIGHT="86"
                    WC="0.9847104924696463"></String>
          </TextLine>
          <TextLine ID="eSc_line_984520ed"
                    TAGREFS="LT33"
                    BASELINE="452 1513 1655 1536" 
                    HPOS="452"
                    VPOS="1434"
                    WIDTH="1203"
                    HEIGHT="130">
            <Shape><Polygon POINTS="452 1513 452 1536 522 1531 584 1547 585 1547 587 1547 588 1547 631 1534 677 1534 697 1544 698 1544 700 1544 782 1537 826 1553 827 1553 829 1554 861 1554 861 1553 863 1553 888 1540 905 1554 906 1554 908 1554 909 1554 994 1548 1073 1557 1075 1557 1249 1545 1286 1561 1287 1561 1430 1564 1431 1564 1506 1561 1508 1561 1509 1561 1525 1551 1576 1551 1594 1562 1595 1562 1597 1562 1598 1562 1653 1553 1655 1536 1655 1455 1317 1455 1280 1445 1279 1445 1277 1445 1223 1452 1205 1444 1204 1444 1202 1444 1146 1449 1127 1442 1126 1442 1124 1442 1055 1449 979 1439 977 1439 851 1445 824 1437 823 1437 822 1437 755 1444 666 1434 664 1434 452 1438 452 1513"/></Shape>
            <String CONTENT="HNC LBRM CRLS"
                    HPOS="452"
                    VPOS="1434"
                    WIDTH="1203"
                    HEIGHT="130"
                    WC="0.9997736169741704"></String>
          </TextLine>
          <TextLine ID="eSc_line_bf348e5a"
                    TAGREFS="LT33"
                    BASELINE="697 1622 1536 1630" 
                    HPOS="696"
                    VPOS="1540"
                    WIDTH="840"
                    HEIGHT="124">
            <Shape><Polygon POINTS="697 1622 696 1643 737 1644 738 1644 739 1644 741 1644 741 1643 749 1636 959 1636 983 1656 984 1656 986 1656 987 1656 989 1656 1005 1650 1178 1660 1180 1660 1181 1660 1182 1660 1182 1659 1202 1640 1253 1640 1280 1657 1281 1657 1283 1657 1396 1663 1397 1664 1511 1664 1511 1663 1512 1663 1535 1652 1536 1630 1536 1555 1354 1550 1352 1550 1351 1550 1349 1550 1338 1557 1297 1548 1296 1548 1294 1548 1263 1557 1239 1547 1238 1547 1236 1547 1185 1551 1155 1543 1154 1543 1153 1543 1151 1543 1150 1543 1116 1564 1055 1547 1054 1547 1052 1547 946 1551 806 1540 805 1540 803 1540 766 1560 697 1560 697 1622"/></Shape>
            <String CONTENT="NO M ERE. C.1"
                    HPOS="696"
                    VPOS="1540"
                    WIDTH="840"
                    HEIGHT="124"
                    WC="0.9620932661570035"></String>
          </TextLine>
          <TextLine ID="eSc_line_638f9a4e"
                    TAGREFS="LT33"
                    BASELINE="537 1714 1020 1721" 
                    HPOS="536"
                    VPOS="1629"
                    WIDTH="484"
                    HEIGHT="110">
            <Shape><Polygon POINTS="537 1714 536 1724 606 1734 608 1734 720 1728 731 1736 732 1736 734 1736 735 1736 959 1732 998 1739 1000 1739 1001 1739 1018 1731 1020 1721 1020 1642 981 1639 980 1639 979 1639 977 1639 960 1654 922 1654 884 1654 861 1637 860 1637 858 1637 857 1637 856 1637 834 1643 817 1632 816 1632 814 1632 813 1632 812 1632 768 1649 745 1637 744 1637 742 1637 741 1637 721 1644 707 1632 706 1632 704 1632 703 1632 701 1632 674 1644 657 1637 656 1637 655 1637 653 1637 633 1644 612 1630 611 1630 609 1630 608 1630 606 1630 582 1636 537 1629 537 1714"/></Shape>
            <String CONTENT="HN R.S"
                    HPOS="536"
                    VPOS="1629"
                    WIDTH="484"
                    HEIGHT="110"
                    WC="0.9998175203800201"></String>
          </TextLine>
          <TextLine ID="eSc_line_601b07bb"
                    TAGREFS="LT33"
                    BASELINE="570 1867 785 1865 1628 1886" 
                    HPOS="570"
                    VPOS="1775"
                    WIDTH="1058"
                    HEIGHT="128">
            <Shape><Polygon POINTS="570 1867 570 1879 773 1878 897 1889 898 1889 1071 1885 1116 1892 1117 1892 1119 1892 1137 1886 1147 1895 1148 1895 1150 1895 1151 1895 1153 1895 1170 1888 1199 1896 1201 1896 1327 1899 1328 1899 1361 1892 1383 1899 1385 1899 1386 1899 1441 1893 1625 1903 1628 1886 1627 1807 1587 1814 1564 1803 1563 1803 1562 1803 1560 1803 1530 1810 1501 1802 1499 1802 1498 1802 1496 1802 1495 1802 1482 1811 1446 1792 1444 1792 1443 1792 1359 1802 1345 1790 1344 1790 1342 1790 1305 1789 1304 1789 1303 1789 1266 1804 1240 1793 1239 1793 1238 1793 1236 1793 1172 1823 1020 1821 994 1820 940 1790 939 1790 938 1790 936 1790 912 1796 853 1783 851 1783 786 1796 748 1779 747 1779 745 1779 715 1785 674 1775 673 1775 672 1775 670 1775 669 1775 622 1810 570 1810 570 1867"/></Shape>
            <String CONTENT="M MXMMR.M"
                    HPOS="570"
                    VPOS="1775"
                    WIDTH="1058"
                    HEIGHT="128"
                    WC="0.999991324212816"></String>
          </TextLine>
          <TextLine ID="eSc_line_abe13958"
                    TAGREFS="LT33"
                    BASELINE="529 1963 1177 1985 1629 1987" 
                    HPOS="527"
                    VPOS="1884"
                    WIDTH="1102"
                    HEIGHT="134">
            <Shape><Polygon POINTS="529 1963 527 1978 567 1980 582 1992 584 1992 585 1992 587 1992 691 1984 708 1997 710 1997 711 1997 764 2001 884 2002 885 2002 887 2002 888 2002 901 1992 984 1991 1005 2005 1007 2005 1008 2005 1010 2005 1011 2005 1027 2000 1052 2008 1054 2008 1055 2008 1280 1998 1298 2014 1300 2014 1301 2014 1303 2014 1304 2014 1339 2005 1379 2011 1380 2011 1382 2011 1383 2011 1399 2001 1627 2018 1629 1987 1629 1906 1518 1916 1496 1908 1495 1908 1494 1908 1448 1910 1436 1901 1434 1901 1433 1901 1431 1901 1345 1908 1308 1898 1307 1898 1305 1898 1226 1909 1181 1896 1180 1896 1178 1896 1124 1903 1082 1892 1080 1892 1079 1892 996 1903 921 1889 919 1889 918 1889 916 1889 902 1898 872 1886 871 1886 870 1886 810 1895 764 1884 762 1884 701 1884 700 1884 698 1884 674 1893 667 1886 666 1886 664 1886 663 1886 594 1893 530 1886 529 1963"/></Shape>
            <String CONTENT="R-MV.LDRNVV.R.T"
                    HPOS="527"
                    VPOS="1884"
                    WIDTH="1102"
                    HEIGHT="134"
                    WC="0.9969826022783915"></String>
          </TextLine>
          <TextLine ID="eSc_line_04fb5e08"
                    TAGREFS="LT33"
                    BASELINE="547 2062 751 2072" 
                    HPOS="546"
                    VPOS="1981"
                    WIDTH="206"
                    HEIGHT="123">
            <Shape><Polygon POINTS="547 2062 546 2082 632 2082 684 2100 686 2100 747 2104 751 2072 752 2004 550 1981 547 2062"/></Shape>
            <String CONTENT="LM."
                    HPOS="546"
                    VPOS="1981"
                    WIDTH="206"
                    HEIGHT="123"
                    WC="0.9834232727686564"></String>
          </TextLine>
        </TextBlock>
        <TextBlock HPOS="1577"
                   VPOS="2155"
                   WIDTH="202"
                   HEIGHT="84"
                   ID="eSc_textblock_ddd6ff91"
                   TAGREFS="BT42">
          <Shape><Polygon POINTS="1627 2155 1762 2161 1779 2227 1583 2239 1577 2200 1627 2155"/></Shape>
          <TextLine ID="eSc_line_4e8fca1e"
                    TAGREFS="LT33"
                    BASELINE="1605 2224 1758 2215" 
                    HPOS="1605"
                    VPOS="2155"
                    WIDTH="155"
                    HEIGHT="98">
            <Shape><Polygon POINTS="1743 2159 1728 2159 1714 2158 1700 2158 1686 2157 1672 2157 1665 2155 1618 2161 1615 2164 1607 2169 1605 2224 1607 2253 1760 2239 1758 2215 1753 2159 1743 2159"/></Shape>
            <String CONTENT="Hune"
                    HPOS="1605"
                    VPOS="2155"
                    WIDTH="155"
                    HEIGHT="98"
                    WC="0.999434158205986"></String>
          </TextLine>
        </TextBlock>
        <TextBlock HPOS="407"
                   VPOS="265"
                   WIDTH="21"
                   HEIGHT="10"
                   ID="eSc_textblock_329facdf"
                   TAGREFS="BT42">
          <Shape><Polygon POINTS="410 265 428 265 428 270 407 275 410 265"/></Shape>
        </TextBlock>
        <TextBlock HPOS="1317"
                   VPOS="2297"
                   WIDTH="10"
                   HEIGHT="9"
                   ID="eSc_textblock_83bd7147"
                   TAGREFS="BT42">
          <Shape><Polygon POINTS="1321 2297 1327 2301 1317 2306 1317 2297 1321 2297"/></Shape>
        </TextBlock>
        <TextBlock HPOS="1288"
                   VPOS="2200"
                   WIDTH="152"
                   HEIGHT="56"
                   ID="eSc_textblock_0f4efe3f"
                   TAGREFS="BT42">
          <Shape><Polygon POINTS="1314 2200 1423 2217 1440 2244 1317 2256 1288 2239 1288 2212 1314 2200"/></Shape>
        </TextBlock>
        <TextBlock HPOS="1917"
                   VPOS="1804"
                   WIDTH="10"
                   HEIGHT="5"
                   ID="eSc_textblock_b874742d"
                   TAGREFS="BT42">
          <Shape><Polygon POINTS="1921 1804 1927 1804 1927 1809 1917 1809 1921 1804"/></Shape>
        </TextBlock>
        <TextBlock ID="eSc_dummyblock_">
          <TextLine ID="eSc_line_6891254c"
                    TAGREFS="LT33"
                    BASELINE="404 287 417 287" 
                    HPOS="404"
                    VPOS="196"
                    WIDTH="13"
                    HEIGHT="116">
            <Shape><Polygon POINTS="404 287 404 312 417 312 417 287 414 196 404 200 404 287"/></Shape>
            <String CONTENT=""
                    HPOS="404"
                    VPOS="196"
                    WIDTH="13"
                    HEIGHT="116"
                    WC="0.9999328851699829"></String>
          </TextLine>
          <TextLine ID="eSc_line_6fc6027f"
                    TAGREFS="LT33"
                    BASELINE="1917 1826 1928 1826" 
                    HPOS="1917"
                    VPOS="1753"
                    WIDTH="11"
                    HEIGHT="173">
            <Shape><Polygon POINTS="1917 1826 1917 1925 1927 1926 1928 1826 1928 1756 1917 1753 1917 1826"/></Shape>
            <String CONTENT=""
                    HPOS="1917"
                    VPOS="1753"
                    WIDTH="11"
                    HEIGHT="173"
                    ></String>
          </TextLine>
        </TextBlock>
      </PrintSpace>
    </Page>
  </Layout>
</alto>
