1938 2500
45 341 70 59 etll⸗

45 386 66 68 auti⸗

66 443 45 54 es.

18 538 95 75 hatte.

687 240 10 46 ,

752 234 323 79 8 (0) Eeb-

201 272 67 51 mnd

1503 256 87 69 219

277 280 1312 110 gelobet, ob er zwar gottloſer Weiß verhindert worden, hat er

208 329 1329 108 och vermittels der Marter den Palmzeig der Moͤnch nit verlohren.

318 391 1272 100 Anno 922. etlich ſetzen z0. kam ein unglaubiger Ungar, ein Per⸗

204 406 76 75 ohn

295 433 73 67 von

395 448 1187 83 zehen Schuch lang Craco mit Nahmen um Leib und

258 473 40 64 .

305 490 1278 96 zu kaͤmpffen. Dieweilen er anderer Orthen obgelegen, wolte

209 509 38 63 i

279 540 1301 98 feiner ſeiner annehmen. Endlich erbiet ſich Hannß Dollinger ein

212 586 1370 105 drlicher Burger, deſſen Vor⸗Eltern Adeliche Guͤter in Bayrn ge⸗

204 609 86 82 abt

322 645 1260 96 und wagt ſich an den Hayden, der aber den Teuffel zum Bey⸗

204 665 80 79 tan

302 697 1276 93 atte. Der erſte Rirt mißlunge dem Dollinger; in dem an⸗

215 740 1363 105 an hat er den Hayden umgebracht. In einer vornehmen Behaufung

208 772 83 72 eger

311 795 1261 98 dem Rath⸗HHauß uͤder, jetzt Wolff HHainrich HHaßl gehoͤrig,

234 823 68 65 den

326 851 1252 92 ich nit allein Kayſer Hainrichs Aucupis und beeder Kaͤmpffer

220 891 1358 107 Adnuſſen aus Gibs Lebens groß, gemacht auf einem Saal, ſonder

204 920 73 71 uch

304 952 1274 114 ſaf einer Tafel die Sach mit alten Reimen deſchrieden, wie

200 955 37 72 fr

254 980 40 63 t;

261 1063 792 96 ts rirr ein Tuͤrck aus Luͤrcken⸗Land,

277 1125 23 54 r

309 1133 1144 105 tirr gen Regenſpurg in die Sradt, da ſtechen ward⸗

266 1180 66 60 on

348 1197 671 76 ſtechen ward er wohl bekande.

247 1241 717 103 da rirr er fuͤr des Hayſers Chuͤr,

255 1301 704 93 ſt zemand hie der komm herfuͤr,

243 1344 76 74 Der

330 1369 704 81 ſtechen will um Leib und Seel,

247 1401 65 74 Im

325 1429 1075 98 Sur und Ebr uno daß dem Teuffel die Seel waͤr.

261 1480 815 90 a warn die Srecher all verſchwiegen,

250 1537 875 96 leiner wolt dem Tuͤrcken nichr obliegen.

241 1598 1021 104 dem lerdigen Mann der ſo rrefflich ſtechen kan,

244 1638 72 87 Im

327 1669 735 90 Leib und Seel um Gur und Ehr,

247 1702 78 79 nd

334 1736 719 89 dab unſers SErrn die Seel waͤr.

272 1776 22 55 g

318 1794 1026 87 prang der Dollinger herfuͤr, wol um, wol um

244 1838 849 99 Ich muß hinfuͤr, an den leidigen mann

236 1883 76 79 Der

325 1911 484 87 ſo trefflich ſtechen kan.

240 1961 632 104 Das erſt reuten das ſie rhaͤten.

257 2025 989 112 die fuͤhrren gegeneinander zwey ſcharffe Speer.

234 2086 845 116 Ens ein vieng hin, das ander gieng ber,

50 705 45 47 ntk

1494 2172 82 71 Da
