1566 2270
148 105 69 65 26

518 228 622 118 CAPUTLX

211 383 1293 93 Welepiaus Voyl, der 5ꝛſte Abbt, geblruͤs zu Imwenſiatr 1

205 445 1292 78 ⸗ Algey, ein Leibeigner des Grafen von Koͤnigseck, wird nach er

253 495 1151 72 haltener Freyheit Anno 1622. Protels zu S. Emmeram.

1436 529 66 64 ulii

142 541 1326 73 waͤhlt zu einen Abbten den 15. ſunii 1655. Conſirmirt den 26.I

1467 581 25 65 t

140 590 1275 70 1655. ſubilzus Profeſſus 1682. ſubilœus Sacerdos 1650. an

137 633 1350 78 Georgen Tag. Starbe den 12. Octobris 1697. lieger begrabe

135 682 1302 80 naͤchſt den Schutz⸗Engel Altar. Regierte 38. Jahr, A. Monarh⸗

271 730 1166 78 Anno 1656. erhielte er von Ferdinando II. und Anno 1659.

1447 707 44 87 a

133 778 1315 79 Leopoldo das Reichs⸗Lehen. Ferdinandus Maria Churfaͤrſt in De

135 827 980 73 beſtaͤttigte dem Cloſter alle Privilegia Anno 1662.

271 876 1206 76 Nach angetrettener Regierung wurde Cœleſtinus Abbt beml

137 926 1338 76 ſiget, deren Privilegien des Cloſters S. Emmerami ſich kraͤfftig an

133 976 1348 75 nehmen, welches er auch mittls Abſchickung n. P. Merongzit zuns

132 1024 1312 78 nach Rom, und zweymahliger Reiß in eigener Perſohn, an Kayti

135 1070 1321 80 chen Honf verrichtet, und zu erwuͤnſchten Ende gebracht. Er w

128 1119 1324 77 kaum erwaͤhlet, ſo trachtete er, das unter Placido Abbten, ſeit

135 1167 1327 80 Vorfahrer abgebrannte, und noch nit voͤllig hergeſtellte GOttes⸗Ha

131 1215 1321 80 ſe und Kirchen in guten Stand zu ſetzen. Er lieſſe einen gansz nei

136 1268 1315 75 Eoch⸗ Altar verfertigen, deſſen ſchoͤnes Blatt, der beraͤhmte -

140 1315 1289 81 ſoachim Sandrad gemahlen. Ftem ein neues Tabulat durch die

129 1367 1289 76 tze Kirchen, welches Anno 1732. bey Erneuerung des GOrts⸗-

129 1411 1309 79 abgenommen worden. Mehr, einen ſchoͤnen Tabernacul auf den-H

128 1457 1314 86 Altar, wie derſeibe noch zu ſehen, nebſt einer groſſen ſchoͤnen M

127 1517 1283 69 ſtranzen, welche man Anno 1735. zu Machung der gantz neuen ap

126 1559 1246 76 ret. Er beſchloſſe den Chor mit einen zierlichen Eiſerner

128 1609 1219 69 ter, ſo aber anjetzo zu Schlieſſung der zweyen Neben⸗

1365 1609 62 68 S.

1417 1653 65 52 taͤr

124 1654 1256 81 dienet. Die ſchoͤne aicherne Chor⸗ Stuͤhl, und Neben⸗

133 1705 1242 74 wurden auch von Cœleſtino beygeſchafft. An ſtatt dieſer

1400 1697 80 68 aͤre.

132 1746 1346 81 ſeyno Anno 1722. gantz neue verfertiget worden. Die vorige Altaͤr ver

131 1795 1354 82 ſchenckte man in verſchiedene GOtts⸗HHaͤufer, als nach Ehebetren, Graß

133 1850 1318 70 Teyſpach, allwo damahls die Kirchen abgebrunnen. Die ſchoͤne gre

126 1899 1340 80 Orgel wurde ebenfalls von ihme hergeſchafft, nebſt vielen ander

1456 1937 30 65 .

1354 1943 65 74 ſch.

728 110 22 66 3

811 113 111 63 0),
