1959 2500
62 311 78 57 und

52 356 81 70 ſcher

30 518 95 68 zefun⸗

93 568 27 55 et

59 612 61 81 pſe

746 266 393 74 2692 (0) 2bg-

1561 279 78 66 825

245 319 1400 79 als ein dem Carolo IV. tanquam Regi Bohemiæ, ac Hœredibus &

248 372 1388 76 succeſloribus ſuis, Bohemir Regibus & ejusdem Regni Coronæ,

250 419 1389 85 eſchehene Pfandſchafft, oͤffters ermeldter Herꝛſchafft Chumſtauff,

251 472 1394 79 oder Donanſtauff,) verwilligen, und hingegen daiſelbe jederzeit de⸗

250 522 1396 80 ugt ſeyn, und Macht haben ſolle, beruͤhrte Pfandſchafft umb beregte

250 575 1396 77 Summa Gelds wiederum auszuleſen; welchem Laudo auch angehenget

251 623 1392 78 dorden, daß der Kayſer dem Biſchoff auf dieſe Herſchafft, ohne

251 673 1394 83 Wiſſen und Conſens des Domb⸗Capitels, weiter kein Geld leihen

247 712 92 75 ſolle.

364 779 1279 73 Anno 1522. vor St. Magdalena⸗Feſt gabs ein ſo groß Ge⸗

252 826 1388 89 oaͤſſer, dat man glaudte, es waͤre dergleichen nach dem Sund⸗Fliuth

251 869 232 81 nue geweſen.

366 933 1274 73 Anno 1355.. wurde ihme Friderico die Adminiſtration der zeit⸗

254 977 1391 81 chen Guͤtter benommen, und Verchtoldo ſeinem Bruder, Biſchoffen

307 1033 1338 78 Aichſtaͤt anvertrauet. Er ſtarb nach 2a⸗jaͤhriger Regierung mit

255 1068 270 84 Hechtem Lob.

250 1179 1392 87 Ausdar denen Hertzogen in Bayrn, welche die Juden, ihre getreue

364 1130 1278 81 Es gab vor Alters allhie viel Fuden, die waren vervflicht und

258 1231 1388 87 zammer⸗Rnecht genannt. Sie kamen in Verdacht als haͤtten ſie

255 1268 33 62 .

316 1287 1329 75 Grunnen vergifft, ſeynd deßwegen dieſer Orthen bey 1200. nieder

250 1334 1389 81 emacht worden. Nach Kaoſer Lndwigs Hertzogen in Bayrn Tod,

297 1390 1346 73 nno 1327. ſich ereignet, ſeynd folgendes HFahr die Fuden dem Her⸗

252 1405 35 68 ,

325 1438 1315 75 von Straubing zugetheilt worden. Item in einer anderen Thei⸗

251 1481 1388 84 aag Anno 129. Hertzog Ludwigen mit dem Barth von Ingolſtadt⸗

251 1516 62 61 u

319 1538 1321 78 nach ſeiner Gefaͤngnußz und Tod Anno 1a17. Hertzog Hainrichen

255 1559 52 68 or

325 1587 1315 74 tandshut, Ludrvig ſein Sohn, Gcorg ſein Enickel verdlieben in

311 1636 1329 79 mn Recht. Nach deren Abſterben, und Bayriſch⸗Pfaltzgrafiſchen

284 1681 68 105 .

352 1690 1287 79 hat Kayſer Manimilian anſtart der Schuld und Koſten, ſo die⸗

337 1745 1301 73 teg verurſacht, denen Hertzogen aus Bayrn die Juden zu ſeinem

251 1754 76 79 Knr

345 1795 1291 66 ind Rechten abgenommen. Wie nun Kayſer Marimilian auch

250 1836 1388 86 orden, ſeynd die Burger allhie zugefahren, und haͤtten du ſchaͤdli⸗

255 1856 38 63 9.

318 1888 1321 82 euth Anno 15 19. auf einen Tag aus der Stadt gejagt, darum

245 1909 88 78 zwar

344 1941 1294 77 die Inden die Burger zu Recht gezohen, und vor dem Kayſeri⸗

252 1955 66 70 hen

343 1991 1293 78 Kammer⸗ Gericht verklagt; ſie haben aber den Beyſitz dieſer

275 2037 1360 85 radt nicht erhalten moͤgen. Gleichwohl hat gemeine Stadr fuͤr de⸗

257 2059 23 64 e

295 2090 1340 94 erſebte verlaſſene Pfand, und dekanntliche Schutden ihnen acco. A.

905 2154 116 83 212

1492 2154 147 79 hinaus

26 718 99 72 in die

56 765 67 62 und

27 815 92 76 ſtaͤnt,

54 865 69 69 und

66 1019 45 57 ri

37 1063 71 67 uht

51 1165 65 64 mil

41 1218 65 65 Re

55 1265 43 68 ri

34 1313 70 71 Hel⸗

33 1362 68 64 tiot

33 1412 76 67 den

26 1463 75 70 Fad

40 1656 65 62 zila

44 1719 51 47 ru

36 1751 72 78 ſich

30 1859 72 63 wie

19 1906 79 73 ucht

41 2112 54 53 n⸗

45 2148 45 79 ls
