1978 2545
353 261 60 52 92

929 260 51 69 3

1147 264 28 72 8

479 306 1289 96 Trirhemius ein Benedidiner Abbt zu Spanheim, ruͤhmet die⸗

343 363 1424 88 ſen Biſchoff mit ſolgenden Worten: Ganbaldus ein Moͤnch und Fuͤn⸗

348 415 1416 92 ger Sancti Bonifacii Martyrers zu Mayntz, war der erſte Biſchoff zu

345 469 1422 83 Regenſpurg, ein Doctor und anſehnlicher Prediger, fuͤrtrefflich an

343 517 1419 89 ehrſamen Sitten, und Wiſſenſchafft der Schrifft, hat vil zu Chriſto

345 566 1420 91 durch Predigen bekehrt. Wann er Biſchoff worden, woͤllen die HHi⸗

345 620 1420 88 ſtori⸗Schreiber nit uͤbereins kommen; unſere alte Buͤcher ſagen, er ha⸗

340 673 1421 86 de das Biſtumb regiert 22. Jahr, ſey geſtorden den 22. Decemdris An⸗

343 725 1424 85 no 752. Alſo folgt, daß er Anno 730. Biſchoff worden. (c) Wie er

339 773 1421 82 nun in ſeinen Leb⸗Zeiten in dieſem unſerem Cloſter gewohnt, alſo iſt

340 824 1417 89 er auch nach ſeinem ſeeligen Todt in unſers Cloſters Kirchen naͤchſt S.

342 873 813 82 Emmerami Grab beygelegt worden. (d)

710 1114 727 80 OAATTT TAXV1.

407 1197 1224 129 Von dem ſeeligen Biſchoff Turtone.

449 1341 1298 99 rOilgangus Seelender oben geruhmt, ein arbeitſamer Mann, be⸗

384 1408 1366 79 ſchaͤfftigte ſich ſonderbar in Beſchreibung der alten Geſchichren;

490 1467 1257 78 unter denen war ihme bevorab Turto der ſeelige Biſchoff de⸗

329 1508 1411 85 fohlen; er bekennet, daß er ſey geweſt von vornehmen Stammen, be⸗

329 1559 1418 82 gabt mit loͤblichen Sitten, und zierlichen Tugenden, dann ſo bald er

329 1601 1412 92 der Kindheit entrunnen, und ſich in den freyen Kunſten, darzu er ſon⸗

329 1651 1411 95 derbar genaturt war, zugeſellet; hat er in denſelben ſich alſo voukom⸗

328 1705 1413 90 men gemacht, und in ein ſolches Lob geſetzt, daß Arnolphus Koͤmg in

329 1756 1401 110 Hayrn (bernach Kayſer) keinen anderen auch in geheumſten Sache,

362 1966 1318 77 () 2. Gaudadus iſt Anno 729. alhter als Orſchoff eingeletzt werden, wie hnnach zu ſehen⸗

362 2006 1374 72 (d) Die Gradſtatr B. Caubeldi, iſt naͤchtt an S. Georzir-Careuen, gleich in Antrur zu des ſee⸗

391 2036 1343 91 llgen Lamvol ai Grugt, alwo ober denen Eraſten i dieſer Grufft der Grad- Eren B. Coa

376 2079 591 55 baldi auſrecht m der Mauer zu ſehen ift.

365 2109 1368 75 œon den ſeeligen Turrone ſchreider unſer Arnoldus in erſten Duch de Miraculie S. Emmnerami

383 2143 1350 93 Thundiur in Netropoli Selis durg. ron. I. 22s. 19T. Madillon ad Eacatun V. Penel

387 2185 730 85 eriuan in Aas &s, Pats v ros vro b Eenr

1925 1835 31 63 n

1922 1781 34 64 n
