2034 2583
436 294 67 41 12

940 275 403 75 6S (o) Eèß-

432 325 1402 78 bey. Desgleichen von S. Lupo Anno Chriſti 129. daß er allhier ge⸗

432 383 1403 70 vrediget, und um des Chriſtlichen Glaubens willen martyriſirt ſey

433 434 1401 73 worden. Iſt derowegen auch wohl zu ermeſſen, wie es denen Chri⸗

432 489 518 69 ſten werde ergangen ſeyn.

574 532 1264 77 Theodo, als er um das Jahr 528. geſtorben, hinterlieſſe zwee.

433 585 1401 73 Soͤhn, Urilonem ( andere nennen Watilonem, deſſen Gemahlin Clo

433 638 1401 60 tilda, Theoderici, Koͤnigs in Auſtralia Tochter war) und Theodo-

433 685 1404 68 nem II. Theodo zohe in Italien, diente der Gotten Koͤnigen widet

433 734 1402 68 die Roͤmer, wurde wegen ſeiner Tapferkeit Vacarius, oder Vacha-

436 784 1399 75 rius, das iſt der wacker Dieth, oder Theodo, andere ſetzen woh

432 836 1405 78 hinzu Magnus, der Groſſe genannt. Utilo herꝛſchet in Bayern, uns

433 894 962 68 ſtarbe nach 22⸗ ſaͤhriger Regierung, Anno 565.

561 935 1274 68 Garibaldus dis Nahmens der Anderte, der Chriſtlichen Bekannt⸗

433 991 1404 68 nuß, und Koͤniglichen Titul nach der Erſte, villeicht von Rarhario,

437 1038 1400 76 ſo Anno Domini 520. Biſchof allhier ware, (c) bekehrt, ſolle nich

434 1089 1400 71 aus Erb⸗Recht, ſondern Anno 577. ſich mit Gewalt in das Regl

433 1139 1404 70 ment eingetrungen haben; darumen er auch den haydniſchen Bayern⸗

436 1191 1401 76 ſo in der Abgoͤtterey und Unglauben verblieben, nicht angenehm wat⸗

437 1241 1397 72 Dieſer haͤtte auch zween Soͤhn Gundvvald, und Grimrvald, neber

436 1291 1397 73 dieſen eine Tochter Theodelindam, die ware ein Printzeßin von Schoͤn

436 1341 1392 71 heit, und allen Fugenden, ſonderbar der Geſchaͤmigkeit, Lob⸗wuͤrdig

436 1391 1394 74 welche Anthari, dem Longobarder Koͤnig Anfangs verheurathet wor

434 1439 1397 72 den. Die Longobarder wurden Anfangs auch Vivili genannt, wob

434 1489 1391 83 neten vorher in Scandavania, einer Inſul in Scirhia, deren Fuͤrſte

439 1545 1386 67 Agion, und Tbor waren, wurden Longobarden genannt von den lal

436 1598 570 69 gen Barthen, ſo ſie harten.

575 1635 1252 78 Nachdeme der Theodelinde der Koͤnig Anthari 6. Fahr m

434 1691 1391 75 derſelben regierend geſtorden, hat ſie den Hertzog von Piemont Ae

434 1746 1386 67 lulphum, von denen die vornehmſte teutſche Haͤuſer ihren Stamme

434 1795 1391 71 deriviren, zur Che genommen, Anno 59z. ihn und das gantze Reis

436 1846 1382 74 von der Arianiſchen Sect und Ketzerey zum Catholiſchen Glauben g

1690 1895 131 72 brach.

475 2044 1313 69 (c) In dem NXVI. Caoitel. ſeher Aabr Cœleſtinus, Rarhtzrium zu Anfang des V171. 5.

512 2090 1267 56 I. Deſiehe auch Hundium Metrap. Salisb. tom 1. pag.. 185. Unſer Arnolaus Mon⸗

1791 2063 33 55 ⸗

511 2128 1254 48 redet von Rachario einem Giſchorfen, ꝛn Zeiten HIUGBERTI Hertzogens ans Fayern⸗

516 2162 1272 59 lect. ant. Henriei Canilii dey Darnage. tom. III. vag. 105. Fugderrus aber regerre 2

511 2201 1276 82 nꝛcd Dn ſang des VAl. daenli vids klanſuinn. von VI. Gernanie Saera. vr. 11.

1950 287 79 64 bra

1959 331 47 66 Ur

1950 433 78 66 bale

1956 483 72 65 The

1953 538 75 57 Th⸗

1953 594 69 54 car

1950 638 62 57 im

1949 691 79 59 wol

1947 734 76 62 eine

1942 925 76 66 phi

1940 978 88 66 liebe

1940 1030 83 56 mit

1942 1079 83 58 HHur

1942 1129 80 60 ſche

1942 1179 84 65 liche

1942 1232 76 56 gen

1940 1274 88 63 Koͤn

1939 1325 86 59 und

1937 1371 91 59 tauf

1937 1420 86 55 und

1939 1466 73 62 die

1936 1518 70 57 ten

1937 1567 91 64 Leib.

1940 1620 79 63 Lebe

1934 1722 88 54 ger,

1933 1766 95 59 nem

1933 1869 95 51 bens

1932 1918 96 55 abſor

1934 1964 84 47 das

1933 2010 86 57 verl

1933 2047 93 68 Koͤn

1943 2099 65 73 co

1949 786 56 52 ab
