1566 2270
89 90 86 51 700

580 90 33 53 ar

652 90 50 65 3

754 90 221 70 0) 229u.

84 126 1374 94 den Koͤnig ouſtao ein Frangoͤſiſcher Abgeſandter ſo weit, daß er allen

88 189 1369 79 Zorn und Vorſatz, die Staot HHuͤnchen, Hagdeburg zu raͤchen,⸗

83 235 1369 85 abzubrennen, und zu verhergen, fallen ließ, wann ſich gedachte Stadi

85 286 1358 80 gutwillig ergeben werde. Der Frantzoͤſiſche Legat bericht des Koͤnio

82 332 1369 86 Reſolution alſobalo, und rathet, man ſoll ſich dem maͤchtigen Koͤnu

83 378 1364 87 nicht widerſetzen, beſonder weil ſie einer ſolchen Macht nicht wurde⸗

83 422 1364 96 widerſtehen koͤnnen. Wuͤnchen folgt den Rath, ergibt ſich den s.

82 474 1333 92 May gutwillig, fande deßwegen ein gnaͤdigen Koͤnig, welcher derb

87 524 1293 87 ſen Raͤthen, und zu Schaden begierigen Goldaten uͤbels Beginnen.

79 571 1357 94 lieſſe angehen; hielte anſehnlich Regiment: es wurd aber die Stau

78 624 1360 84 ranzioniret auf z00000. Reichs⸗Thaler, und weilen hieran ein mey

74 665 1363 94 rers nicht dann 80000. Reichs⸗Thaler haben erlegt werden koͤnnen,

80 715 1329 90 hat man den Koͤnig z2. Perſohnen zur Geiſel geben muͤſſen, ſo derf

74 762 1363 94 de mit nacher Augſpurg genommen; deren Nahmen ich zu Dato det

73 810 1356 95 keinem Hiſtorico, ſondern in einem unlaͤngſt mir zu Handen geſtande

73 856 1354 96 nen Aupfferſtich gefunden, habe alſo dieſelbe als Leuth um das Vat

71 905 1356 105 terland meritiret, in dieſe von mir deſchriebene Geſchichten ſetzen, un

69 957 343 65 benennen wollen.

223 1005 1204 93 Von Geiſtlichen Stands⸗Perſohnen ſeynd unter ermelte

74 1055 1351 88 Schwediſchen Geißlen geweſen, nunmehr Weiland HHerr Antonia

70 1098 1358 97 Waͤndl SS. Theologir Doctor Chorherr und Pfarrer bey unſer Lebe⸗

69 1150 1303 94 Frauen zu Muͤnchen, P. Georg Agricola Canonicus zu Inderſtorff

71 1199 1325 91 Miebael Strobl, und P. Georg Graff beede Ordinis Ciſterc. in F

69 1247 1360 89 ſtenvelo: P. Benedict Hagen, P. Pincenz Goͤßler, P. Liberat Zoͤcher⸗

65 1295 1349 88 und P. Fulgentius Rirchmayr, alle vier Ordinis S. Auguſtini Eremit⸗

65 1345 1358 92 rum: P. Faulus Albl, P. Caſpar Wayr, P. Franrz Sigl, alle drei

65 1385 1347 96 Ordinis S. Franciſci Reformatorum: P. Clandius, P. Euſebius, P. 6.

64 1433 1361 99 minianus, und P. Philibertus, alle vier Capuciner. Aus der Societe.

64 1486 1350 90 IESU nachfolgende: P. Foannes Lantz, P. ffoacbim Gothard, P. 22

60 1534 1365 89 dreas Drunner, P. Chriſtoph Clerzlin, P. Chriſtoph VDidtmann⸗

63 1578 1356 96 P. Adam Schiferl. Weltlichen Stands, HHerr Wolff Jacob Dron

60 1633 1363 92 ner, von Pranthauſen des Innern Raths, Haulus Daarſtoffer⸗

69 1677 1353 94 Johann Rapp, Barrmann Reiſchl, und Georg Perhamer⸗ alle

63 1727 1360 92 vier des auſſern Rarhs, Albrechr Indersdorffer, Johann Geier⸗

63 1770 1357 96 ſperger, Welchior Cammerloher, Georg Egerter, Warebias Duͤ⸗

60 1824 1362 85 cher, Georgz Voyr, Johann ſacob Roch, ohann Aindorffer,

63 1875 1355 92 Gworg Srarnderger, Johann bueber, Jobann Sroͤberl, Lub⸗

1335 1939 90 56 wil
