1566 2270
594 127 50 64 un

671 123 291 72 3(0) Ehs

109 136 82 61 172

105 174 1381 75 Kayſer Carolo ſein Recht, ſo er auf Sieilien hatte, und nahme den

109 229 1374 68 Titel eines Koͤnigs von Gardinien an. Spanien wolte von allem

108 276 1370 72 dieſen nichts hoͤren, dahero der Admiral Bings die Spanier zur Sei

109 332 838 63 angegriffen, und bey Syracuſa geſchlagen.

241 365 1239 78 Anno 1779. im Monath Mar kame ein Secours von 1r;00ꝛ.

108 419 1373 77 Mann unter dem Grafen von Merey in Sieilien. Die Spaniolei.

107 471 1370 75 bebten die Belagerung vor Melazzo auf, und wurden genoͤrhiger denei

1433 499 27 60 r

105 525 1266 67 Kayſerlichen Meſſina zu uͤberlaſſen. Er gelland und Franckreid

108 572 1359 69 ten Krieg wider Spanien, welches endlichen denen Friedens⸗Gedar⸗

1410 604 68 59 den

103 624 1290 67 cken Gehoͤr gabe, und hatte der Krieg, nachdem Spanien

109 669 1366 70 28. Jenner 1720. der Ouadruple-Allianz beygetretten, ſein Ende

111 718 1350 67 Sicilien wurde von denen Spaniern geraumt, und die Inſel Saro

1443 752 30 58 u

105 771 1288 66 nien dem Hertzog von Savoyen eingehaͤndiget. Der Hertzos

1422 800 46 58 en

112 819 1255 61 Montcleone nahme in Nahmen des Kayſers Beſitz von &

105 871 1310 60 Die uͤbrige Strittigkeiten wurden auf den devorſtehenden Cong

104 913 1364 70 zu Cambray verſchoben. Es wurde auch ein anderer Congrels naa

104 964 1350 67 Braunſchweig angeordnet, bey welchen unter Vermittlung des Kd

107 1013 1327 65 ſers die Nordiſche Uneinigkeiten ſolten abgethan werden. Da aber

107 1064 1297 62 nige Maͤchten, ſo wider Schweden in Allianze ſtunden, ihre-

109 1112 1208 63 ctaten beſonders machten, wurde dieſer Congrels aufgehoben

237 1157 1196 68 Anno 1727. den 19. Mertz ſtarde Clemens XL. Roͤmiſe

109 1208 1287 63 Pabſt, auf welchen den 8. May Innocentius XIIL. erwaͤhlet wo

108 1258 1300 59 Carl der VL. Roͤmiſcher Kayſer, empfienge Anno 1727. von Paͤi

105 1303 1355 70 chen HHof, die Lehen, wegen den Konigreich Neapel Der Col

108 1354 1336 66 greſs zu Cambray wurde Anno 7722. aufgehoben, ohne Fruc

108 1406 1281 59 weilen Spanien noch beſtaͤndig verſchiedene Forderungen machte,

111 1450 1346 67 der Paͤbſtliche Hoff wider die Kayſerliche Inveſtituren deren HHertot

1432 1479 41 59 et

105 1508 1286 57 thumer Parma und Placenz proteſtirte. Dahero Anno 1725

108 1554 1296 60 BHertzog Riperda in der Stille, nach Wienn beorderet worden, .

108 1594 1348 71 er in Nahmen des Koͤnigs von Spamen mit denen Kayſerlichen Mit

105 1643 1344 68 ſtris den z0o. April, und den 1. May einen deſonderen Commere

109 1694 1298 66 dann Freundſchaffts⸗ und Deſenſions-Tractat geſchloſſen hat. &

108 1740 1365 70 Alliance wurde benahmſet, der TOienner⸗Tractat. Franckreich un

108 1785 1374 75 Engelland machten auch Alliance zu Hannover, welcher der Koͤnig n

113 1834 1370 74 Preuſſen beygetretten. Rußland, Chur⸗Mayntz, Trier, Coͤlln.

109 1884 1363 79 Chur⸗Hayrn, Cbur⸗Pfalt, und der Herbos von Wolffenbuͤrtel gie

108 1937 564 78 gen zu der Wiener⸗Aliance.

1393 1952 94 73 Den
