1959 2500
43 277 52 59 un

40 481 54 62 oll

38 529 59 58 den

41 572 53 66 all

70 627 18 61 e

48 729 45 65 dat

694 227 35 63 a

775 227 280 78 3 (0 25

1508 250 70 51 251

195 276 1390 97 ſer ihn als einen offentlichen Feind des Reichs in die Aacht erklaͤret.

200 338 1383 85 Das Hertzogthum Bayrn verlyhe er aber zu Anfang des Februarii

195 390 1390 87 Alhie zu Regenſpurg Heinrico, unter denen Hertzogen, dem 8ten, nach⸗

197 440 1388 89 zem er aber hernach (Anno 1056.) Kayſer worden, iſt er Heinricus der

247 487 333 79 genennt worden.

304 543 1279 90 Anno ꝛ0gs. iſt wieder ein groſſer Theil dieſer Stadt abge⸗

193 573 157 83 drunnen.

389 786 980 127 APUTXXXVIII

307 941 1275 84 no 10a9. iſt der dreyzehende Abbt Reginhardus erwaͤhlt wor⸗

205 987 70 74 1

279 995 1302 82 den. Dieſer hat gefunden das Corpus des Heil. Dionyſii Areo-

284 1048 1294 74 pagite, wie oben im 10. Cap. mit mehrern deſchrieben worden.

270 1098 1308 85 dat gebaut S. Dionyſuͤ Chor, und die Vor⸗Kirch; regierte 12.

195 1134 688 96 Ktr, 10. Monath, und 28. Tag.

696 1273 340 96 Incidentia.

291 1400 1287 80 no r0ro. bekam Kayſer Heinrich der I. einen Sohn, deme

273 1451 944 76 ſeines Herrn Vattern Nahmen gegeben wurde.

302 1501 1274 83 Anno 1052. geſchahe allhie die Canoniration beeder heiligen Re⸗

193 1520 50 66 en

200 1569 40 58 ꝛ

319 1554 1257 83 iſchen Biſchoͤffen Wolfgangi, und Erbardi von Pabſt Leone dem

297 1608 1278 78 Der war ein Graf von Dachsberg aus Elſaß, von der Moͤnchs⸗

258 1640 44 60 er

320 1661 1255 77 erhebt zu dem Biſchoͤfflichen Thron zu Cull. Von dem Kay⸗

284 1709 1292 79 smovirt zum Pabſtthum. Aber eben darum, weil er aus De⸗

198 1715 53 66 m

301 1761 1270 80 leſe Woͤrde nit annehmen wolte, iſt er einhellig darzu erwaͤhlt,

277 1793 52 62 eo

343 1812 1231 76 der IX. genannt worden Anno 10a9. Er hat ingleichen die

247 1855 1328 89 uctigung des bey uns ruhenden S. Dionſuͤ Areopagite, wovon das

258 1905 1316 96 ayitel meldet, gethan. Es weyhete auch dieſer Pabſt eine Ca⸗

893 1969 117 71 8i 2

1446 1983 130 67 pellen

37 1772 53 71 ha⸗

41 1825 43 62 et

54 2123 36 65 et

357 2123 1215 81 krfudung und Tranclariene S. Dionylii, beſehe oꝛbemeldtes Carttel, uns ne beſendur

229 2148 1042 103 PAter ranion, weich. nno 2170. n Regenſeurs u Dna herans tommnen.
