1566 2270
605 102 43 58 ens

118 95 82 65 58

798 99 203 73 9) Lhͤg-

116 141 1375 86 Hoch⸗Stiffts Regenſpurg Cammer⸗ Prœſident, Domb⸗ Dechant,

109 201 1382 71 und Conſiſtorial- Rath. Item Titl. P. R. D. P. ſoannes Baptiſt⸗

108 242 1378 84 Marold, SS. Scripturæ Doctor, und Ordinis S. Auguſtini Eremita-

105 290 1381 84 rum in Bayrn Provincialis, theils in Nahmen des Durchlaͤuchtigiſten

112 339 1366 92 Fuͤrſten und Biſchoffens zu Regenſpurg, theils in Nahmen ſeines hei

108 387 886 83 ligen Ordens wegen den Cloſter Schoͤntal.

246 441 1231 92 Wegen Cioſter Reichenbach erſchiene Cœleſtinus, Aobt zl

108 486 312 72 S. Emmeram.

232 543 1246 114 Wegen denen Clsſtern Weiſende und Eunßdorf. Abor Rons

105 605 306 88 zu Pruͤffenin.

235 669 1042 88 Wegen Walderbach. Gerardus Abbt zu Allerſpach-

230 727 1100 85 Wegen Waldſachſen, Martinus Abbt zu Fuͤrſtenfeld.

233 780 1224 87 Wegen Cloſter Michelfeld, R. P. Dominicus Cœlar, als De

105 836 922 75 putirter FLieronymi Abbtens zu Obernaltaich.

232 885 1185 89 Wegen den Cloſter Spainshart, RR. PP. Marianus Stei⸗

1427 908 29 50 1

97 938 1332 94 und Ferdinandus Vez, als Depurirte von Auguſtino Abbtenzu Staͤ

93 992 614 58 gaden, Ord. Premonſtrarent

227 1040 1230 95 Nachdem nun der Vortras geſchehen, daß ſolche Cloͤſter vo

92 1092 1361 89 Sr. Churfuͤrſtlichen Durchlaucht Titl. Ferdinando Maria, mit Coi

89 1143 1301 87 ſens Sr. Paͤbſtlichen HHeiligkeit, Clementis I. denen heiligen 1

92 1195 1323 86 anjetzo reſtituiret werden, (doch alſo, daß die Anno 1608. zu M

87 1240 1366 87 chen verabgeredte, und geſchloffene Bedingnuſſen, erfuͤllet werde

83 1291 1324 81 muͤſſen,) Krafft deren von dieſen ſammentlichen Ticl. Ordens⸗A

82 1343 1371 85 laten, und Oberen, dem Hoch⸗Stifft Regenſpurg, zu Abrichtun

83 1384 1369 91 deren im vorigen langwurrigen teutſchen Krieg contrahirten Schulde.

80 1436 1368 87 80000. fl. ſollten bezahlet werden. Da nun alles wegen ſolch zuthuen

79 1485 1364 83 ter Bezahlung geſchlichtet, und abgeredter Maſſen eingeſtanden wot

80 1534 1276 82 den, auch die gegenwaͤrtige Herren Praͤlaten, und Deputirte

1389 1537 71 67 vor

79 1582 1367 83 die Allerhoͤchſte Gnaden ſich unterthaͤnigiſt bedancket haben, iſt denen

79 1629 1278 87 ſelben dedeuttet worden, daß ein jeder in das jenige Cloſter, i

1371 1634 77 59 wel-

80 1678 1270 87 chen er ſolle introduciret werden, ſich verfugen, und die Ankun

1370 1677 69 64 de

82 1727 1289 94 ren Herren Commillarien abwarten ſolle, welches zu Reichenbaa

1376 1727 77 59 den

76 1771 553 82 6. Auguſti 1668. geſchehen.

206 1829 1248 94 Es iſt noch anzuerinneren, das Sr. Churfuͤrſtlichen Durchlaͤnch.

75 1881 1374 105 in Banrn nzd dononden lede, aoſtant udtewedien zweren notzeztt
