1934 2551
679 226 39 54 -o.

735 226 349 70 28 (0) Esg-

1495 242 93 59 167.

178 269 1404 88 ſeinen ſchlimmen Begierden, welches ihm S. Corbinian verbotten, und

185 328 1395 87 verlayden wollen, hat nichts gericht. Und ware die Verfolgung die⸗

182 378 1404 81 ſes heiligen Manns von der HHertzogin, die ihne zu toͤdten geſucht, ver⸗

182 430 1397 85 gedens, dann niemanden ſchaden kan, der in der Hut GOrtes iſt.

197 484 1392 77 Oie Straff GOttes blieb aber nit lang aus. Dann Carolus Martel-

189 520 47 62 us

246 534 1336 75 nele in Bayrn, und haͤtte einen ſchwaͤhren Krieg geſetzt, wann nit-

188 571 44 62 der

258 588 1317 73 Sode Grimoaldum Anno 728. haͤtte abgeſetzt, und hinweggenom⸗

184 633 1392 82 aen. Pilirrudis wurde gefangen, aller Ehren entſetzt, aller Guter be⸗

187 687 1386 83 audt, zur Spott und Schand auf einem Eſel biß in Ftalien gefuͤhrt,

191 736 1204 83 nd hat allda in hoͤchſten Elend ihr Leben armſeelig beſchloſſen.

294 796 1281 78 Hugibertus II. Theodonis V. Sohn und Grimoaldi Bruder,

184 809 69 76 Nie

259 840 1312 84 oden vermerckt, iſt nach dieſes Todt in die Regierung kommen,

185 873 63 65 ind

262 895 1311 77 hat ihme alſobald eyfferigiſt angelegen ſeyn laſſen, Corbinianum

235 942 1337 85 inem guten Freund zu machen. Nach deſſen Todt hat er den H.

187 993 1389 82 onitacium beruffen, damit er das Land von falſchen Hirten und Ke⸗

184 1020 71 74 zern

279 1048 1293 81 die eingeſchlichen,) reinige, ſo dann wohl gelungen. (2) Er

207 1098 1375 76 ihrte unſerm Cloſter Dirckenbach, Wellerus er Arnoldo nennt

256 1147 1319 74 Hoff Pirckenwang, wie dann ein ſolches Dorff dem Biſchoff zu

198 1196 1368 88 Agenſpurg angehoͤrig iſt, und nach ſeinem Todt, den etliche 738.

188 1248 1380 87 ddorre 790. Bucelin Anno 739. ſetzen, in unſer Kirchen begraben wor⸗

188 1272 62 81 en.

284 1357 1281 70 Nach Hugibert tratte in die Regierung dieſes Lands Urilo 1T.

232 1404 1340 71 dekam durch Befoͤrderung ſeiner Frau Mutter Sunichuais Hiteru-

197 1438 51 55 e.

259 1445 1307 85 Caroli Martelli des Franckiſchen Furſtens (deſſen Vatter Pipi-

192 1476 46 67 ar

262 1498 1307 80 Srollus Groß⸗ Vatter Angiſus, Ur⸗Anherr aber Arnolohus

187 1526 45 64 ai

263 1551 1306 87 leurlichen Todt ſeiner Gemahlm T iſchoff zu Met war) Tochter.

215 1585 52 61 ue

287 1607 1279 82 ſt emn frommer verſtaͤndiger in der Catholiſchen Religion eyffe⸗

172 1621 81 73 ziger

279 1656 1287 84 uͤrſt geweſt. Dann zu Befoͤrderung des geiſtlichen Weſens leß

235 1689 76 65 mn

184 1723 119 78 Bayrn

340 1716 1225 71 122. ein Synodum halten. (7) Sein ubrige Intention ware⸗

185 1774 134 91 uachen

336 1768 1230 74 on der Francken Herrſchafft frey, und ſich zu einem Koͤnig zu

202 1857 1366 91 gdoͤmannns und Pipinus ſeiner Gemahluin Bruͤder bekriegten ihn

354 1816 1212 75 Fuͤhrete den Fitel ein Zeitlang wider Willen der Francken.

181 1876 94 86 Uhe

286 1917 1280 89 o lang, daß er ſich ergeben muͤſte. Es wurd aber unter ihnen

1446 1985 122 81 Frred

204 2103 137 65 1) Bosn,

364 2121 312 70 rom. ITT. pag. to--

212 2152 852 97 Enh Earvaum tom. L. Troncin Oriemalis rng ꝛr2.
