1918 2545
847 260 396 70 -628 (O) LèL

340 271 87 62 198

328 311 1414 76 dann 12. vornehmen Boͤhmiſchen Herren, welche Biſchoff Barhori-

330 364 1412 79 cus in Glauben unterwieſen, und getaufft, allhie zu Gevatter geſtan⸗

330 414 1408 79 den. Darauf hat ſich dieſes gantze Koͤnigreich in geiſtlichen Gacher

330 469 1404 75 dem Biſtum Regenſpurg untergeben, und alſo verblieben bis aufs

338 521 1397 74 wolfgangs Zeiten, der ihnen dann einen eigenen Biſchoff verordnet. (h.

330 569 1399 72 Er halff vergleichen dem Ertz⸗ Biſchoff von Saltzburg mit dem B.

332 620 1402 82 ſchoff zu Paſſau, unter welchen ein Graͤnitz⸗ Streit ware, der Re

330 673 1412 76 cels wurde allhie aufgericht. Erſt⸗ gedachter Barthuricus regierte 28.

333 722 1405 89 Juhr, ſtard, und bekam ſein Begraͤbnuß in unſer Cloſter⸗ Kil-

332 787 198 68 chen. ()

463 822 1276 84 Unter Koͤnig Lndvvig und Biſchoff Barhurico geſchahen Anne

333 879 1396 76 225. viel Verwechslungen unſers Cloſters Guͤtter. Dieſer Koͤnig con

333 930 1394 75 firmiret, was ſein Groß⸗Vatter Carolus Magnus dem Cloſter ve.

332 981 1403 78 ehrt Anno 820 ingleichen andere Fundations⸗Guͤtter Anno 85.

338 1030 1362 82 Schencket ſelbſten Guͤtter in Pannonia her Anno 838. Das C

332 1085 813 80 ſter weiß aber nichts mehr darvon. ()

465 1132 1274 74 Erchankridus ein 8os jaͤhriger Mann, vorgemeldten Koͤndk

330 1184 1389 74 Ludrvigs Caplan, und Bluts⸗Freund ſeines Anreceſloris, fols

335 1238 1366 69 Anno 8a2. (H in Verwaltung des Biſtums und des Cloſters. Er dili

335 1289 1322 73 nirte Vilhelmum, einen Deſterreichiſchen Grafen, daß er viel G

333 1343 1347 65 dem heiligen Martyrer Emmeramo ſchenckte, (m) um welches zwai

336 1389 1307 78 Brieff noch vorhanden, aber unwißlich wer die Guͤtter beſitt.

1650 1420 74 82 jaͤͤ

339 1443 1284 75 hat wohl und nutzlich gehauſet, und uͤber 90. Jahr alt, nach

1639 1487 55 61 ne.

332 1497 1296 78 riger Regierung die Schuld der Natur bezahlt, ſein Leib ugt

335 1548 1328 73 andern in unſer Kirchen. Anno 826. bringt Ludoricus die rebe.

1601 1597 86 55 An,

336 1600 1258 78 Sclaven zu Ruhe, und ſetzt Raſticen ihnen zu einer Oorigkeit.

336 1650 422 80 Eccl. & Eranc. Ec.

1637 1676 98 65 Ann⸗

1657 1828 77 55 rien.

380 1801 1330 82 ) Von denen Gcaufften. 12. (.u.) Boͤhmen, waa⸗ u denen Aoltdus Nertenaduc

411 1853 1217 65 Fuldenſidus, Hertzogen (Duces,) genenner werden, Eiehe Eceard. tom. IL.. Franci⸗

1653 1870 51 57 ore

418 1893 1229 68 pag. 222. Eann und wie dir Boͤhmen von den Regenſpurgeriſchen Bißthum abgeloͤndert,

1717 1934 24 55 l.

413 1935 1229 64 eone das mehrere⸗ in Ratirbona Leclefiaſtica, gehanduer werden. Judeifen tan

413 1976 1270 65 ſuuterug duenen Walendergius i ſemnen Theh Ratistona Ecclefiaſtica. Henic. ꝛe

413 2019 504 59 German. Sacrz. und andere mehr.

438 2047 1257 72 Vermnoͤg des Niplomaus Ludovier Cerinniei wart Derduricnr, im evlfſten Jahr,

421 2101 1100 55 Koͤmgs Ludovici in Orienrali Francia (mithm anno 222.) noch Diſchon.

381 2118 1351 82 1) Duſe Dplomera Eernd aus z Enꝛr zuſes Theus z uſerrwo du nchug Jabnahl zu mtena.

386 2173 647 52 1 Barhuricus Biſchoff ledte noch anno 222.

380 2205 1083 74 (n) Euhe das Dipioms Ludor ei ven duſer Ehhacturg an ſemmn⸗rih,
