1940 2440
334 169 99 66 188

836 162 58 68 a

1005 165 234 73 0) Lit-

328 214 1415 82 richtete er dey folgender Mahtzeit das erſte mahl ſein Amnt, und truge

336 272 1404 75 auf die Kayſerliche Laffel die erſte Speiß, nach dieſem aa, wurde

1807 261 100 71 Enpte

336 323 1396 70 auch er, neden anderen Chur⸗ und Furſten zu der Kayſerlichen Taffe

1807 298 88 54 ware.

1807 336 92 62 uͤnder

341 372 205 72 gelaſſen.

1809 378 74 65 Sach

490 420 1242 72 In dieſem Reichs⸗Tag hat der Paͤbſtliche Nuntius Carolus Cr

1809 420 91 74 chalei

338 473 1387 67 raffa unſer Cloſter viſitirt. Dieſe Comitia haben ſich hierauf bald ge

336 521 1396 72 endet. Der Kayſer hat zum Deo gratias den 29. Martii Morgens;⸗

338 573 1387 68 ſieben Uhr in Beyſeyn der Chur⸗ und Fuͤrſten ein ſtattliche Proceſliy

334 618 1385 73 aus dem Thumb⸗ Stifft in unſer S. Emmerami Kirchen, und S. voll

342 672 1381 69 gangi Grab gehalten. HHernach die Chur⸗ und Faͤrſten zum Valete

333 723 1367 67 Gaſt gehabt; darauf iſt die Burgerſchafft in voͤlliger Ruͤſtung, n

329 771 1384 68 dem Magiſtrar, fuͤr den Biſchoffs Hoff kommen, und hat dem Kayſs

336 818 1381 71 gehuldiget. Den z. April iſt die Kayſerin in einem ſtattlichen Schi

1836 802 94 69 Oan.

329 868 1376 75 nacher Wienn, der Kayſer aber uͤber die ſteinen Bruck, Drag zus

1861 858 65 66 ſter

333 919 198 69 tahren.

1861 913 69 58 woi

349 969 1364 72 Die Translation der Chur hat groſſe motus, und Conſœder

1847 950 49 87 s

332 1019 1380 72 ziones bey denen Proteſtirenden verurſacht: denen aber der Churfuͤr

319 1070 1363 75 Marimilian durch ſeinen Generaln Graff Lilli meiſterlich und glor

1815 1060 80 63 aro

326 1123 235 54 begegnet.

1826 1103 84 73 one

318 1161 1383 80 Den 15. Auguſti iſt der Biſchoͤffliche Augſpurger Hoff beyò

1803 1145 107 80 nderr

319 1217 1370 78 nen a. Emern allhie eingefallen, und hat etliche Perſohnen bedecket⸗,

1846 1205 80 67 vor

1822 1252 92 65 nina

1800 1290 123 77 er Ur.

1828 1343 95 73 o zu

864 1343 349 153 Suſat.

1815 1390 97 78 eicchs

1815 1455 116 56 egieru

402 1474 1249 93 adene, trte oden gag. zr1 gemelder worden, die Hiarr KTupertz ven

1815 1499 93 65 n 28.

357 1529 18 58 .

433 1538 1269 72 ſter S. Emmerami alſo verriniget worden, daß auch ein Religios ſolch,

332 1580 1316 68 fehen koͤnne, als har Adbe Hieronymus Feuri nach Aoſterben des lettern-

1804 1541 114 69 rſtraie

322 1625 1288 64 rers ad S. Kupertum, Anno 1612. R. P. Ambroſium Dondorſker Pri

1799 1600 116 59 Otadt,

324 1668 1285 68 S. Emmerams als Pfarr⸗Vicarium z St. Nnprecht deſtelet Lurs zuvo

1652 1644 58 62 ren

1794 1640 116 88 tens.

321 1713 1271 70 auch ſchon Religioh Prokeſli zn S. Emmeram, von Heronyno Peiſi,

1647 1690 63 54 bten

1792 1684 91 70 ern,

321 1760 1278 59 allda, als Pfarr⸗Vicarii z Ehebetren Harting, Gebracbing, Ielist

1674 1729 34 102 .

1793 1735 122 73 al mut

321 1806 1208 67 worden; dann da dirſe Rirchen, FMiales nacher St. Ruprecht ſeynd;

1622 1796 30 46 1

322 1847 1257 69 nen Manuſcripto zu Zeit des Basler Concilii erhellet,) wurden na

1613 1834 34 57 t

1797 1825 73 83 das

1872 1796 61 62 ta

321 1891 1326 78 den dder Binvegnichung deren worigen Herren Vienridrdid, dier Religtols,

321 1934 1078 99 petet, vide von Cioſer aure, bihe Hurchen verſehon nastzen.

439 1976 252 119 En Arnr.

1809 2037 102 84 2 0.
