1978 2546
401 244 98 62 118

911 254 22 52 a

967 254 344 72 is (0) E?-

397 302 1411 89 kommen. Als nund Niderland hiedurch beruhiget worden, iſt er wi⸗

398 352 1408 92 der Suatebogum, mit Hulf der Pohlen und ungarn in Maͤhren los

396 415 1409 77 gangen, und das Land uͤbel verderbt; weilen aber Suarebogus kein

396 459 1402 84 Stand hielte, oder zu Feld⸗Schlacht zu bringen ware, iſt Arnol-

396 510 1402 88 phus wieder zuruck auf Regenſpurg m das Winter⸗Laͤger gangen⸗

393 561 1406 83 bekame doch wieder zu thun in Franckreich, dann Odo oder Orto ſich

389 611 1407 83 ſeines Gewalts ubernommen, zog an ſich die Nordmaͤnner wider Ca-

389 663 1409 86 rolum, welchem aber Arnolphus geholffen, und in ſeines Vatters

386 710 407 69 Reich eingeſetzt hat.

522 762 1274 82 Die Abweſenheit Arnolphi machte Suatebogo Lufft, der ſtellet

386 813 1409 86 ſich in ein neue Kriegs⸗Verfaſſung, und thut denen Umliegenden

383 865 1406 85 groſſen Schaden mit Mord und Brennen; Arnolphus erfahrt ſol⸗

382 912 1409 89 ches, verſtaͤrckt auch ſeine Voͤlcker aufs beſte, namme aber zuvorde⸗

380 966 1408 83 riſt (wie unſer Arnoldus in denen Wunder⸗ Wercken S. Emmnera-

379 1012 1415 94 mi (a) ſchreibt) zu HHulf und Beyſtand ſein und ſeines Reichs allzeit

377 1066 1411 88 erkuͤſten Beſchuͤtzer, S. Emmeramum, von deſſen Grab und Kirchen⸗

377 1123 1408 80 wann er Ruhe haͤtte, gar nicht weit ſeyn, und wohnen wout, deſſen

379 1169 1402 84 Huͤlf er auch ſchon in vielen Schlachten wuͤrcklich erfahren. Mit die⸗

374 1220 1411 88 ſen Beyſtand verfolgte er Suatebogum ſo lang, bis er ihn zu ernſtucher

372 1268 1409 82 und zwar letzter Feld⸗Schlacht brachte, Anno 893. es gieng auf bee⸗

372 1316 1406 88 den Seythen ſcharff her: den Feind erſchroͤckte aber ein Anzahl uner⸗

369 1367 1410 88 kanntlicher und ſchoͤner Soldaten, welche alle (wie den Wuͤrdigen

373 1421 1401 85 geoffendahret worden) die Heilige waren, gegen welchen Arnolphus

369 1472 1402 88 ſonderdare Andacht truge; von Anſehung derſelden verluhre der Feins

369 1524 1405 84 den Muth, und wollte ſchier die Flucht nehmen, aber einer aus ihneit

367 1571 1400 86 ſprach denen Seinigen ernſthafft zu, macht ihnen wieder Hersz und

367 1623 1400 84 kuſt, bittet ſie wollen nur ihm folgen, und fallet Arnolphi Heer der⸗

365 1667 1396 93 maſſen ſtarckmuͤthig an, daß er bey nahe auf Arnolphum ſelbſten ge⸗

366 1721 1395 89 troffen haͤtte; es begegnete ihm aber, vom Alter ein Ehrwuͤrdige.

363 1772 1399 85 Mann (ſo nach des Feinds eigner Bekanntnuß S. Emmeramus war.

360 1821 1398 92 der triebe ihm und die Seinige dermaſſen gewalthig zuruck, daß ſie ib.

360 1875 1394 92 erzeigte Kuͤhnheit fallen lieſſen, und ſich in die Fluchr begeden, in wel

359 1923 1394 95 cher der Feind auf das HHaunt geſchlagen worden. Wollt nun Sua,

362 1977 1396 96 rebognus Huld erlangen, mußtte er ſeinen Sohn Mœmarum Arnolpho

391 2183 865 82 g) Aroldvr Nonctus dey Pomnge von. 11 rꝛc. 16.
