1935 2499
366 241 86 60 810

927 238 327 70 15 (0) Lhg-

355 284 1404 88 lang beſt, dann Anno 126c. uberfiel er mit Zujiehung der Galtbus

362 347 1410 76 ger, Pafſauer, und Regenſpurger abermahl Bayrn im Auguſto mit s0000.

361 398 1401 78 Mann, zerſtoͤhrte die Schloͤſſer Regenſtauff, TTitenau, und andere

358 447 1403 80 verwuͤſtete, und verbrennte die Doͤrffer bis auf Regenſpurg. Hertzos

359 502 1396 74 Heinricus vergalte ihms aber treulich, verfolgte ihne bis uber die Ait-

359 551 1395 77 lieſſe die Soldaten nach ihren Gefahlen hauſen. Die Afliſtenz wus

359 598 1389 82 de Paſſau auch vergolten; dann bey naͤchtlicher Weil wurde die Srat

358 649 1400 82 uberſtiegen, und guten Theils (nachdeme die Ausplunderung vordel

358 702 1150 74 ware) abgebrennet, hernach machte man wieder Fried.

491 749 1252 82 Nach Reſignirung Alberti Magni, iſt Leo Dundorſfer, ein Bu

358 799 1336 79 gers Sohn allhie, des Stiffts Dechant, von Weisheit und

355 852 1389 80 ſtand ein beruͤhmter Mann, Biſchoff worden. Er zerfiele ſich mit co⸗

354 899 1353 86 rado 1T, Biſchoffen zu Freyſing, und zwar dermaſſen, das viel 2

359 949 1369 83 vergoſſen wurde, und viel Raubens und Brennens gab. &s ni

355 1000 1341 84 auch dieſes Feuer nicht erloſchen, wann nicht der HHertzog Tudwig

354 1056 1335 81 interponiret, und deede Partheyen verglichen haͤtte; indeme her

352 1106 1349 82 men, daßz Biſchoff Leo dem von Freyſing die zugefuͤgte Schaͤden

358 1156 1357 78 thun ſollte. Nach dieſen trug Leo Anno 1260. ein ſtarcke Feindſcht

352 1203 1344 81 wider Tudovicum, die Gach aber wurde Schid⸗ Leuthen uberlat

351 1255 1378 81 darunter neben anderen Weinbardus von Rhorbach, und Zainri

352 1305 741 73 von Drerfing ſich gebrauchen laſſen.

490 1357 1236 79 Anno 1261. hat ein Bayriſcher Edelmann, und Archi-Dieci

354 1409 1351 82 zu Regenſpurg, Seemannus, denen Auguſtinern in Unter⸗Bayrn

352 1457 1188 84 Cloſter gebaut, und von ihme Seemanshanſen genennet.

504 1507 1179 82 In dieſem Fahr als einige unſerm Cloſter, und deſſen G

355 1559 1352 86 Schaden zufligten, hat der Payſt dem Praͤlaten von Drunfening vero

352 1611 737 64 net, wider ſelbe zu procediren. (b)

484 1657 1225 86 Anno 1262. hat ſich ein ſtarcker Wind erhoben, daß er n.

348 1709 1281 83 allein viel Haͤuſer nieder geworffen, ſonder auch ſtarcke Baͤum

1682 1753 54 69 ner

1853 277 65 111 &

1857 416 62 72 lan

1861 470 60 68 alle

1857 515 64 77 ſter

1858 571 61 71 Em

1855 619 66 71 due

1862 716 57 69 den

1859 769 59 62 ze

1858 820 61 72 geſe

1866 873 55 59 An,

1869 916 47 69 ce

1859 967 57 68 ten

1876 1021 24 61 r

1864 1102 47 83 g

1861 1166 55 66 ſtet

1865 1210 32 63 .

1864 1261 58 75 ba

1865 1357 51 84 8e

1872 1418 40 63 er

1865 1461 43 74 u

1865 1561 49 68 n,

1861 1614 54 72 Po

388 1922 1349 70 G) Cregorus X. Originale in Arebtvo. Hden Grerorius X. avbari Nideradtste-

419 1961 1268 74 pracipir, ur conrrra injuriatores Monalternt Auctoriture Papæ nos defenderer. Orig

413 2003 1312 76 in Arcbivo. Hdem Papa vrœcipte Abbari ad S. Petram in Saleburg ur nos deten.

415 2050 1285 67 rer contra Epilcopum Parwiendem. In Arcbivo Originale. Hdem concedie Monn

1703 2071 31 93 ⸗

425 2088 1233 65 S. Emmerami, ur Decimas Novalium in iis Parochiie, ubi vereres percipir, pro

415 2124 1272 72 rorrione vercipere valeat. 1271. Conbirmar aluͤ dullàͤ omnio privilegia Monaste⸗

420 2165 599 67 Enmerami. Driginalia in Arebivo.
