1978 2545
340 243 61 60 72

847 243 385 70 ꝛiS (O) Et-

445 319 1203 126 Eurtzer Huſatz: zu denen Capiteln

329 438 1421 103 Von dem heiligen Dionyſio Arcopagita, und

580 513 929 86 Entfuͤhrung deſſen heiligen Gedeinern.

420 588 1333 73 S moͤge S. DTONTSTUSAREOPAGITA das Evangelium in Franckreich

387 632 1361 73 O zn Pariß geyrediget haben, vder niemahlen dahin gekommen ſeyn; welcher

331 673 1426 66 Diſput erſt in dem letzten verloffenen Sœcnlo unter denen Criticis entſtanden-

329 721 1422 66 So iſt doch die Entfuͤhrung des Leibs S. Dionvſii Areopagitw, oder Dionvlii

331 762 1419 69 erſten Pariſer Biſchotfens, genugſam probiret worden, durch jene Diſtertation,

335 807 1415 69 ſo Anno 1750. zu Regenſpurg von dieſer Entfuͤhrung offentlich in Druck gegeben

331 853 1417 64 worden. Da dieſe Diſlertation unter der Preß ware, wuſte der Author derſel⸗

331 890 1414 71 den noch nichts, daß Gcorgius ab Eckhard in ſeinen Werck (Francia Oriecn-

333 931 1414 74 tali) tom. 2. vag. 729. von dieſer Translatione S. Dionyſii handlere, ſo er

332 978 1412 71 rrſt hinnach erfahren. Kan alſo der Leſer nach Belieben ſich auch allda erſehen-

332 1016 1412 71 Eben, da ich in Ausarbeitung dieſes Theils, (Ratisbonæ Monaſticæ) degrif⸗

329 1057 1416 74 fen ware, und verſchiedene Chronica durchgienge, leſete ich in Chronico Auna-

329 1102 1411 78 liſtꝛ Saronis, ſo tom. I. Eckardi, de Scriptoribus Medii evi N. X. pag-

326 1150 1417 80 28z. ad annum MUIL. zu fnden, daß Anno MLI. Leo Dabſt, zu Re⸗

331 1206 1414 70 genſpurg die Gebeiner des heiligen Dionſii gefunden habe ꝛc. ꝛc.

335 1248 1409 69 Indeme nun dieſes CHRONICON von denen gelehrten Criticis ſehr hoch geſchaͤ⸗

329 1289 1414 71 tzer wird, (vide Notas Gcorgii ab Eckard in PREFATIONE ad Lectorem

329 1330 1409 76 tom. I. Hiſtorici Corporis Medii zvi Num. X,) und ſelbdes gleich im naͤchtten So-

329 1372 1414 77 eulo, nach Ernindung deren Gedeiner S. Dionytii, geſchrieden worden, mayen

331 1418 1405 75 wolichrs Chronicon uͤber das 1739. Jahr nit hinaus geher. Alſo dienet ſolche Er⸗

325 1466 1411 69 zehiung, zu einen ſtattlichen Beweipthum dieſer deſchehenen Tranglation. war-

329 1510 1408 60 umen ader Mlabillonius, deme dieſes Chronicon nur gar zu wohl bekannt wa⸗

326 1551 1411 59 re, (vide Eckardum citato mor loco, von dieſer Erzeylung nichts geſchrie⸗

326 1590 1411 67 ben, noch ſelbe widerlegt habe, kan ich nit faſſen. NB. Mabillonins har dirſes

326 1627 1412 75 Manulcriprum, ſo in dem Cloſter S. Germani a Pratiszn Pariß anfbehauen

326 1671 1410 73 wird, mit aroſſem ⸗Fleiß abſchreiden laſſen, und dem gelehrten Leibnitio zuge⸗

326 1716 1405 71 ſchickt, welcher oͤffters Gcorzium Eccardum gedetren, day er ſelbes zu offennu⸗

324 1758 1409 75 chen Druck befoͤrdern ſolle. So auch, wie oden gemeidet worden, geſchehen⸗

321 1802 1413 74 Dre Wort deſes Chronici, (Gcorgiur ab Eekhard ſaget, der Aurhor deſſen

328 1850 1234 74 ſeye Eggehardus Cragienlis, ein fuͤrneymer Hiſtoricus,) lanten alſo

324 1887 1412 76 Heinr cus Imperator iterum pannonias petit, & inacte redir, habens 12

1577 1879 35 32 .

324 1929 1404 78 comitatn Lonem Apoſtolieœ Sedis Prœſulem: qui Papa veniens Ratis-

324 1970 1402 81 ponam Reliquias Beati Dionyli Martiris, de quibus diu dubitarum, 2n

321 2016 1407 77 ꝛbi haberentur, vrœlentidbus Parꝛltorum Legatis perſperit, ibigne haber.

322 2061 1404 88 probarir... J Dieſes ſeye hur grnug zu den Cayirlen von dem heubgen Dionylio

1597 2146 130 86 CA-

1910 876 60 68 lin

1914 974 18 60 ⸗

1911 1023 24 64 ,

1910 1071 39 65 A.

1908 1121 47 70 Al

1900 1232 69 58 Zan

1900 1275 70 63 Ben

1895 1329 74 67 Kuͤr

1890 1419 83 79 ſinr

1887 1481 83 65 gew

1901 1545 50 78 1
