<?xml version="1.0" encoding="UTF-8"?>
<alto xmlns:xsi="http://www.w3.org/2001/XMLSchema-instance"
      xmlns="http://www.loc.gov/standards/alto/ns-v4#"
      xsi:schemaLocation="http://www.loc.gov/standards/alto/ns-v4# http://www.loc.gov/standards/alto/v4/alto-4-2.xsd">
  <Description>
    <MeasurementUnit>pixel</MeasurementUnit>
    <sourceImageInformation>
      <fileName>image376.jpg</fileName>
      <fileIdentifier>https://archiv.ub.uni-marburg.de/eb/2010/0168</fileIdentifier>
    </sourceImageInformation>
  </Description>
  <Tags>
    <OtherTag ID="BT1" LABEL="Title" DESCRIPTION="block type Title"/><OtherTag ID="BT2" LABEL="Main" DESCRIPTION="block type Main"/><OtherTag ID="BT3" LABEL="Commentary" DESCRIPTION="block type Commentary"/><OtherTag ID="BT4" LABEL="Illustration" DESCRIPTION="block type Illustration"/><OtherTag ID="BT42" LABEL="text" DESCRIPTION="block type text"/>
    <OtherTag ID="LT33" LABEL="default" DESCRIPTION="line type default"/>
  </Tags>
  <Layout>
    <Page WIDTH="1935"
          HEIGHT="2499"
          PHYSICAL_IMG_NR="376"
          ID="eSc_dummypage_">
      <PrintSpace HPOS="0"
                  VPOS="0"
                  WIDTH="1935"
                  HEIGHT="2499">
        <TextBlock HPOS="355"
                   VPOS="244"
                   WIDTH="1446"
                   HEIGHT="1998"
                   ID="eSc_textblock_8c50dfcc"
                   TAGREFS="BT42">
          <Shape><Polygon POINTS="405 244 659 294 847 288 976 249 1269 255 1364 310 1801 333 1773 2075 1768 2214 1746 2242 355 2192 383 288 405 244"/></Shape>
          <TextLine ID="eSc_line_45f5a01c"
                    TAGREFS="LT33"
                    BASELINE="398 291 488 288" 
                    HPOS="397"
                    VPOS="244"
                    WIDTH="91"
                    HEIGHT="57">
            <Shape><Polygon POINTS="480 258 466 255 452 252 438 249 423 247 409 244 407 245 397 258 398 291 398 301 487 299 488 288 486 258 480 258"/></Shape>
            <String CONTENT="z28"
                    HPOS="397"
                    VPOS="244"
                    WIDTH="91"
                    HEIGHT="57"
                    WC="0.9999916156133016"></String>
          </TextLine>
          <TextLine ID="eSc_line_a39f881c"
                    TAGREFS="LT33"
                    BASELINE="907 288 1018 301 1305 301" 
                    HPOS="907"
                    VPOS="249"
                    WIDTH="398"
                    HEIGHT="74">
            <Shape><Polygon POINTS="1294 270 1280 262 1266 255 1252 254 1250 254 1237 259 1223 254 1211 254 1197 254 1191 252 1180 258 1164 252 1155 252 1141 252 1129 252 1115 255 1097 251 1086 251 1072 251 1058 251 1052 249 1020 255 1012 249 1002 249 990 249 976 249 962 252 948 256 934 261 920 265 918 265 907 288 907 313 925 308 950 319 951 319 952 319 954 319 955 319 965 312 1011 319 1012 319 1014 319 1034 310 1098 320 1100 320 1101 320 1102 320 1115 310 1143 322 1144 322 1145 322 1147 322 1172 312 1191 322 1193 322 1262 323 1264 323 1265 323 1266 323 1266 322 1276 313 1304 313 1305 301 1296 270 1294 270"/></Shape>
            <String CONTENT="28 (0) 228-"
                    HPOS="907"
                    VPOS="249"
                    WIDTH="398"
                    HEIGHT="74"
                    WC="0.9660916274244135"></String>
          </TextLine>
          <TextLine ID="eSc_line_73358c14"
                    TAGREFS="LT33"
                    BASELINE="400 347 700 349 1472 369 1794 365" 
                    HPOS="398"
                    VPOS="295"
                    WIDTH="1396"
                    HEIGHT="95">
            <Shape><Polygon POINTS="1789 331 1775 331 1761 330 1747 330 1733 329 1719 329 1705 327 1691 327 1678 326 1664 326 1650 324 1636 324 1622 323 1608 323 1265 323 1176 309 1175 309 1051 317 947 305 945 305 811 313 783 302 782 302 780 302 709 309 658 299 657 299 582 309 400 295 400 347 398 358 490 359 508 369 509 369 511 369 582 362 611 370 612 370 613 370 647 363 695 372 697 372 698 372 719 365 808 365 989 377 990 377 1073 372 1112 380 1114 380 1241 376 1643 390 1644 390 1793 383 1794 365 1790 331 1789 331"/></Shape>
            <String CONTENT="Staͤdten (denen er auch Huͤlff leiſtete) vergliche und Fried machtt."
                    HPOS="398"
                    VPOS="295"
                    WIDTH="1396"
                    HEIGHT="95"
                    WC="0.9840290051172761"></String>
          </TextLine>
          <TextLine ID="eSc_line_f6b6b1ce"
                    TAGREFS="LT33"
                    BASELINE="394 397 1466 419 1789 415" 
                    HPOS="393"
                    VPOS="356"
                    WIDTH="1396"
                    HEIGHT="84">
            <Shape><Polygon POINTS="394 397 393 410 515 419 516 419 518 419 534 412 701 413 727 423 729 423 730 423 823 419 861 426 862 426 954 420 1030 428 1032 428 1166 423 1196 430 1197 430 1198 430 1200 430 1225 424 1634 440 1636 440 1787 433 1789 415 1786 379 394 356 394 397"/></Shape>
            <String CONTENT="Auf ſolchen verglichen ſich auch die bis dato ins gemein hauſende,"
                    HPOS="393"
                    VPOS="356"
                    WIDTH="1396"
                    HEIGHT="84"
                    WC="0.9880313123717452"></String>
          </TextLine>
          <TextLine ID="eSc_line_ab54ae35"
                    TAGREFS="LT33"
                    BASELINE="395 444 1505 470 1789 463" 
                    HPOS="394"
                    VPOS="402"
                    WIDTH="1395"
                    HEIGHT="90">
            <Shape><Polygon POINTS="395 444 394 459 455 467 457 467 576 462 655 472 657 472 690 465 719 473 720 473 722 473 840 467 875 476 876 476 877 476 919 470 1055 480 1057 480 1302 477 1326 485 1327 485 1329 485 1448 481 1655 492 1657 492 1787 485 1789 463 1786 430 1676 435 1439 423 1437 423 1255 427 1189 417 1187 417 1122 424 968 413 966 413 929 420 832 410 830 410 745 416 655 406 654 406 532 412 493 404 491 404 490 404 475 410 454 402 452 402 451 402 395 409 395 444"/></Shape>
            <String CONTENT="und das Land Bayrn verwaltende z. Herren Gebruder, als foannes,"
                    HPOS="394"
                    VPOS="402"
                    WIDTH="1395"
                    HEIGHT="90"
                    WC="0.9818088506895398"></String>
          </TextLine>
          <TextLine ID="eSc_line_fb846b13"
                    TAGREFS="LT33"
                    BASELINE="397 494 1471 520 1780 516" 
                    HPOS="395"
                    VPOS="452"
                    WIDTH="1385"
                    HEIGHT="89">
            <Shape><Polygon POINTS="397 494 395 512 1268 534 1269 534 1319 528 1329 535 1330 535 1332 535 1333 535 1384 530 1530 540 1532 540 1586 534 1601 541 1603 541 1604 541 1779 537 1780 516 1779 480 1691 478 1690 478 1689 478 1653 490 1548 476 1547 476 1507 481 1487 474 1486 474 1484 474 1483 474 1462 485 1390 473 1389 473 1387 473 1362 483 1315 470 1314 470 1312 470 1144 478 1119 469 1118 469 1116 469 1045 476 1001 463 1000 463 998 463 947 474 852 463 851 463 850 463 822 472 795 459 794 459 793 459 747 465 679 456 677 456 633 465 622 458 620 458 619 458 618 458 616 458 593 465 522 463 498 452 497 452 397 452 397 494"/></Shape>
            <String CONTENT="Stephanus, und Fridericus, und wurde einen jeden durch die 21. erkuͤſt"
                    HPOS="395"
                    VPOS="452"
                    WIDTH="1385"
                    HEIGHT="89"
                    WC="0.9988489806652069"></String>
          </TextLine>
          <TextLine ID="eSc_line_ca4daaae"
                    TAGREFS="LT33"
                    BASELINE="394 547 1358 570 1784 570" 
                    HPOS="393"
                    VPOS="501"
                    WIDTH="1391"
                    HEIGHT="97">
            <Shape><Polygon POINTS="394 547 393 560 466 571 468 571 766 569 836 581 837 581 898 573 912 583 914 583 915 583 970 584 972 584 1037 574 1093 585 1094 585 1227 578 1276 590 1277 590 1323 583 1366 591 1368 591 1440 585 1580 596 1651 598 1653 598 1654 598 1675 590 1716 598 1718 598 1783 588 1784 570 1782 528 1583 533 1321 528 1311 520 1309 520 1308 520 1307 520 1252 526 1233 517 1232 517 1230 517 1229 517 1212 524 1162 516 1161 516 1014 520 954 512 952 512 904 519 891 510 890 510 889 510 887 510 848 516 837 509 836 509 834 509 737 508 736 508 734 508 719 515 702 506 701 506 700 506 459 509 430 501 429 501 427 501 394 508 394 547"/></Shape>
            <String CONTENT="edle Land⸗Staͤnd ein gewiſſer Theil des Hertzogthums zugeeignel,"
                    HPOS="393"
                    VPOS="501"
                    WIDTH="1391"
                    HEIGHT="97"
                    WC="0.9893217859789729"></String>
          </TextLine>
          <TextLine ID="eSc_line_2e0934f9"
                    TAGREFS="LT33"
                    BASELINE="394 598 1484 623 1780 619" 
                    HPOS="393"
                    VPOS="560"
                    WIDTH="1387"
                    HEIGHT="81">
            <Shape><Polygon POINTS="394 598 393 608 566 621 568 621 684 615 758 626 759 626 797 617 826 627 827 627 829 627 884 619 977 627 979 627 1029 621 1100 633 1101 633 1225 626 1371 637 1372 637 1411 630 1423 638 1425 638 1426 638 1507 641 1508 641 1779 635 1780 619 1778 585 1703 591 1669 583 1668 583 1666 583 1665 583 1646 591 1476 587 1441 577 1440 577 1439 577 1372 585 1312 576 1311 576 1240 583 1222 573 1221 573 1166 571 1165 571 1118 580 1083 570 1082 570 1080 570 1032 578 840 573 825 565 823 565 822 565 686 570 622 560 620 560 394 560 394 598"/></Shape>
            <String CONTENT="wormit jeder vergnugt ware. Specialiter dem Hertzog ſobann,"
                    HPOS="393"
                    VPOS="560"
                    WIDTH="1387"
                    HEIGHT="81"
                    WC="0.9892056675280555"></String>
          </TextLine>
          <TextLine ID="eSc_line_6cfa1891"
                    TAGREFS="LT33"
                    BASELINE="391 648 1383 674 1732 671" 
                    HPOS="390"
                    VPOS="605"
                    WIDTH="1342"
                    HEIGHT="94">
            <Shape><Polygon POINTS="391 648 390 660 584 673 586 673 738 670 759 678 761 678 762 678 1105 678 1183 688 1184 688 1354 685 1364 692 1365 692 1366 692 1553 696 1554 696 1555 696 1584 690 1671 699 1672 699 1730 691 1732 671 1728 631 1671 638 1653 630 1651 630 1650 630 1609 637 1483 627 1482 627 1434 633 1423 624 1422 624 1421 624 1419 624 1308 630 1294 621 1293 621 1291 621 1290 621 1184 627 1122 617 1120 617 1064 624 1047 616 1045 616 1044 616 954 621 937 613 936 613 934 613 829 619 812 610 811 610 809 610 758 617 741 609 740 609 738 609 658 615 391 605 391 648"/></Shape>
            <String CONTENT="neben anderen die Vor⸗Stadt zu Regenſpurg (Stadt am Hof)"
                    HPOS="390"
                    VPOS="605"
                    WIDTH="1342"
                    HEIGHT="94"
                    WC="0.9883268017854009"></String>
          </TextLine>
          <TextLine ID="eSc_line_50fc83f8"
                    TAGREFS="LT33"
                    BASELINE="391 703 511 701" 
                    HPOS="390"
                    VPOS="653"
                    WIDTH="121"
                    HEIGHT="66">
            <Shape><Polygon POINTS="391 703 391 719 511 719 511 701 508 667 457 656 455 656 454 656 441 662 432 653 430 653 429 653 427 653 390 658 391 703"/></Shape>
            <String CONTENT="fiele."
                    HPOS="390"
                    VPOS="653"
                    WIDTH="121"
                    HEIGHT="66"
                    WC="0.9999901652336121"></String>
          </TextLine>
          <TextLine ID="eSc_line_f087c652"
                    TAGREFS="LT33"
                    BASELINE="529 752 1275 770 1778 767" 
                    HPOS="527"
                    VPOS="710"
                    WIDTH="1251"
                    HEIGHT="85">
            <Shape><Polygon POINTS="529 752 527 767 680 770 693 780 694 780 695 780 697 780 754 771 883 773 905 783 907 783 908 783 1023 777 1033 784 1034 784 1036 784 1037 784 1090 778 1123 787 1125 787 1126 787 1296 783 1377 789 1379 789 1380 789 1382 789 1391 783 1405 789 1407 789 1686 795 1687 795 1776 785 1778 767 1776 726 1730 726 1729 726 1728 726 1686 738 1437 735 1376 721 1375 721 1323 733 1258 733 1125 716 1123 716 1037 727 1009 714 1008 714 918 713 916 713 915 713 877 724 804 713 802 713 801 713 777 721 743 710 741 710 740 710 641 712 640 712 638 712 629 719 597 710 595 710 594 710 529 713 529 752"/></Shape>
            <String CONTENT="Anno 1596. war allhie am Sonntag nach Barrholomzi gehal"
                    HPOS="527"
                    VPOS="710"
                    WIDTH="1251"
                    HEIGHT="85"
                    WC="0.9895396546884017"></String>
          </TextLine>
          <TextLine ID="eSc_line_8b09692f"
                    TAGREFS="LT33"
                    BASELINE="387 803 1375 824 1782 824" 
                    HPOS="386"
                    VPOS="756"
                    WIDTH="1396"
                    HEIGHT="90">
            <Shape><Polygon POINTS="387 803 386 819 669 827 670 827 672 827 697 821 797 831 798 831 919 826 961 834 962 834 1075 830 1241 839 1243 839 1358 834 1409 842 1628 846 1629 846 1780 839 1782 824 1780 781 1708 789 1466 785 1451 776 1450 776 1448 776 1447 776 1332 783 1291 773 1290 773 1289 773 1287 773 1268 781 1237 771 1236 771 1234 771 1102 778 1087 769 1086 769 1084 769 1083 769 975 774 930 766 929 766 820 771 755 763 754 763 687 770 666 762 665 762 663 762 662 762 627 770 504 759 502 759 440 766 387 756 387 803"/></Shape>
            <String CONTENT="ten das 22. Turnier, in Beyweſen Pfalsz⸗Graf Johann, HHertos"
                    HPOS="386"
                    VPOS="756"
                    WIDTH="1396"
                    HEIGHT="90"
                    WC="0.9977387408415477"></String>
          </TextLine>
          <TextLine ID="eSc_line_84bb6213"
                    TAGREFS="LT33"
                    BASELINE="386 853 1518 876 1771 869" 
                    HPOS="386"
                    VPOS="808"
                    WIDTH="1385"
                    HEIGHT="90">
            <Shape><Polygon POINTS="1400 826 1398 826 1141 830 1122 820 1120 820 1119 820 980 827 893 816 891 816 890 816 864 824 715 813 713 813 673 821 650 813 648 813 647 813 645 813 626 820 527 820 493 809 491 809 490 809 436 816 386 808 386 853 386 871 409 866 501 876 502 876 504 876 533 869 607 877 608 877 880 874 972 885 973 885 1018 878 1155 888 1157 888 1204 880 1237 889 1239 889 1315 891 1316 891 1318 891 1334 882 1384 892 1697 898 1698 898 1769 888 1771 869 1769 831 1714 831 1712 831 1711 831 1691 839 1583 830 1582 830 1419 834 1401 826 1400 826"/></Shape>
            <String CONTENT="in Oder⸗ und Niedern⸗Bayrn; Pfaltz⸗Graf Ernſten; Land⸗Gr⸗"
                    HPOS="386"
                    VPOS="808"
                    WIDTH="1385"
                    HEIGHT="90"
                    WC="0.9856624822867545"></String>
          </TextLine>
          <TextLine ID="eSc_line_0b19ec13"
                    TAGREFS="LT33"
                    BASELINE="387 899 1476 926 1769 923" 
                    HPOS="386"
                    VPOS="856"
                    WIDTH="1383"
                    HEIGHT="93">
            <Shape><Polygon POINTS="387 899 386 914 1072 935 1073 935 1114 928 1269 939 1271 939 1355 934 1707 949 1708 949 1768 941 1769 923 1768 889 1264 882 1200 873 1198 873 1158 878 1123 871 1122 871 1075 877 1011 869 1009 869 966 874 940 867 939 867 937 867 894 873 757 863 755 863 648 867 622 860 620 860 619 860 505 864 434 856 433 856 387 862 387 899"/></Shape>
            <String CONTENT="Albrechr von Leichtenberg; Graf Balrhaſar von Schwartzenburs"
                    HPOS="386"
                    VPOS="856"
                    WIDTH="1383"
                    HEIGHT="93"
                    WC="0.9852734128634135"></String>
          </TextLine>
          <TextLine ID="eSc_line_f212a218"
                    TAGREFS="LT33"
                    BASELINE="384 953 679 956 1534 977 1766 971" 
                    HPOS="383"
                    VPOS="907"
                    WIDTH="1383"
                    HEIGHT="92">
            <Shape><Polygon POINTS="384 953 383 966 438 975 440 975 577 970 623 978 625 978 852 975 1009 987 1011 987 1066 980 1100 988 1101 988 1102 988 1137 981 1171 988 1172 988 1200 982 1244 991 1246 991 1346 987 1628 999 1629 999 1765 992 1766 971 1762 934 1697 941 1676 934 1675 934 1673 934 1441 935 1411 927 1409 927 1408 927 1347 934 1265 924 1264 924 1212 931 1143 931 1123 921 1122 921 1120 921 859 924 820 916 819 916 818 916 789 923 675 921 644 912 643 912 641 912 580 919 563 910 562 910 505 909 504 909 452 916 384 907 384 953"/></Shape>
            <String CONTENT="Graf Georgen von Ortendurg; Conraden von Chrenfels,; Albreck"
                    HPOS="383"
                    VPOS="907"
                    WIDTH="1383"
                    HEIGHT="92"
                    WC="0.9910470207532247"></String>
          </TextLine>
          <TextLine ID="eSc_line_8b90527f"
                    TAGREFS="LT33"
                    BASELINE="390 1003 1500 1030 1747 1027" 
                    HPOS="390"
                    VPOS="962"
                    WIDTH="1357"
                    HEIGHT="84">
            <Shape><Polygon POINTS="390 1003 390 1021 423 1016 741 1030 743 1030 802 1024 823 1031 825 1031 1468 1038 1494 1046 1496 1046 1497 1046 1746 1044 1747 1027 1744 987 1662 998 1646 989 1644 989 1643 989 1641 989 1622 996 1522 995 1496 982 1494 982 1493 982 1491 982 1466 995 1433 995 1404 981 1402 981 1350 978 1348 978 1347 978 1322 985 1280 977 1279 977 1277 977 1251 985 1222 975 1221 975 1219 975 1218 975 1182 988 862 967 861 967 805 980 720 977 680 963 679 963 677 963 633 973 612 962 611 962 609 962 523 963 522 963 497 971 483 964 482 964 480 964 390 966 390 1003"/></Shape>
            <String CONTENT="ren von Abenſperg; Friderichen von Hohenfels. Turnier⸗Ee"
                    HPOS="390"
                    VPOS="962"
                    WIDTH="1357"
                    HEIGHT="84"
                    WC="0.9994369032127517"></String>
          </TextLine>
          <TextLine ID="eSc_line_6df28e81"
                    TAGREFS="LT33"
                    BASELINE="383 1055 1497 1080 1765 1070" 
                    HPOS="383"
                    VPOS="1012"
                    WIDTH="1382"
                    HEIGHT="88">
            <Shape><Polygon POINTS="383 1055 383 1073 584 1071 620 1080 622 1080 623 1080 765 1077 777 1084 779 1084 780 1084 782 1084 783 1084 809 1075 887 1075 919 1087 920 1087 922 1087 965 1080 973 1087 975 1087 976 1087 977 1087 1043 1082 1202 1092 1204 1092 1205 1092 1229 1085 1423 1096 1425 1096 1426 1096 1461 1088 1484 1098 1486 1098 1487 1098 1566 1094 1622 1100 1623 1100 1764 1092 1765 1070 1762 1037 1550 1041 1439 1031 1437 1031 1436 1031 1412 1038 1214 1035 1190 1025 1189 1025 1187 1025 1115 1032 972 1021 970 1021 829 1027 679 1016 677 1016 634 1023 601 1014 600 1014 598 1014 562 1021 463 1012 462 1012 383 1016 383 1055"/></Shape>
            <String CONTENT="waren aus Bayrn, TDilbelm von Frauenberg; aus Francken"
                    HPOS="383"
                    VPOS="1012"
                    WIDTH="1382"
                    HEIGHT="88"
                    WC="0.9972424176004198"></String>
          </TextLine>
          <TextLine ID="eSc_line_ad9e598e"
                    TAGREFS="LT33"
                    BASELINE="381 1106 1380 1128 1757 1124" 
                    HPOS="380"
                    VPOS="1062"
                    WIDTH="1377"
                    HEIGHT="87">
            <Shape><Polygon POINTS="381 1106 380 1118 1607 1149 1608 1149 1755 1142 1757 1124 1754 1085 1604 1094 1448 1081 1447 1081 1318 1088 1287 1077 1286 1077 1284 1077 1190 1085 1120 1074 1119 1074 990 1082 825 1069 823 1069 783 1074 729 1067 727 1067 726 1067 686 1077 408 1062 407 1062 405 1062 381 1070 381 1106"/></Shape>
            <String CONTENT="Gorrhard von Eglofoſtein; aus Schwaben, Erckhinger von R"
                    HPOS="380"
                    VPOS="1062"
                    WIDTH="1377"
                    HEIGHT="87"
                    WC="0.9940542695777757"></String>
          </TextLine>
          <TextLine ID="eSc_line_d5c2b52a"
                    TAGREFS="LT33"
                    BASELINE="380 1156 1443 1180 1641 1181 1755 1173" 
                    HPOS="380"
                    VPOS="1112"
                    WIDTH="1375"
                    HEIGHT="90">
            <Shape><Polygon POINTS="380 1156 381 1174 405 1168 562 1180 563 1180 598 1173 830 1185 832 1185 890 1180 901 1187 902 1187 904 1187 905 1187 907 1187 936 1180 1086 1191 1087 1191 1132 1185 1150 1192 1151 1192 1622 1202 1623 1202 1754 1195 1755 1173 1753 1138 1554 1145 1415 1131 1414 1131 1300 1139 1269 1128 1268 1128 1266 1128 1225 1138 1207 1127 1205 1127 1204 1127 1202 1127 1159 1137 1083 1124 1082 1124 955 1132 937 1121 936 1121 934 1121 933 1121 882 1131 800 1128 786 1118 784 1118 783 1118 782 1118 615 1125 558 1114 557 1114 555 1114 525 1123 477 1112 476 1112 380 1116 380 1156"/></Shape>
            <String CONTENT="chenberg; vom Rhein, Hanns Landſchad, alle Ritter. Turnie"
                    HPOS="380"
                    VPOS="1112"
                    WIDTH="1375"
                    HEIGHT="90"
                    WC="0.9987804837394179"></String>
          </TextLine>
          <TextLine ID="eSc_line_547b52a0"
                    TAGREFS="LT33"
                    BASELINE="380 1209 1441 1230 1766 1225" 
                    HPOS="379"
                    VPOS="1163"
                    WIDTH="1387"
                    HEIGHT="86">
            <Shape><Polygon POINTS="380 1209 379 1221 526 1223 561 1234 562 1234 563 1234 565 1234 588 1225 612 1235 613 1235 615 1235 616 1235 650 1227 697 1234 698 1234 700 1234 711 1228 727 1237 729 1237 730 1237 891 1231 911 1239 912 1239 914 1239 1009 1235 1020 1242 1022 1242 1023 1242 1025 1242 1105 1234 1196 1245 1197 1245 1251 1237 1437 1249 1439 1249 1765 1243 1766 1225 1764 1184 1609 1193 1571 1187 1569 1187 1364 1189 1348 1181 1347 1181 1346 1181 1344 1181 1290 1185 1254 1177 1252 1177 1251 1177 1127 1185 1054 1177 1052 1177 1051 1177 1030 1184 1011 1174 1009 1174 944 1170 943 1170 783 1180 762 1167 761 1167 759 1167 758 1167 700 1175 577 1164 576 1164 575 1164 533 1175 502 1163 501 1163 500 1163 380 1164 380 1209"/></Shape>
            <String CONTENT="Werber, Vorreiſer, und Beſteller waren TDilbelm von Frauenbers"
                    HPOS="379"
                    VPOS="1163"
                    WIDTH="1387"
                    HEIGHT="86"
                    WC="0.980590977976399"></String>
          </TextLine>
          <TextLine ID="eSc_line_db7c85cd"
                    TAGREFS="LT33"
                    BASELINE="381 1255 1396 1280 1691 1280 1750 1273" 
                    HPOS="380"
                    VPOS="1212"
                    WIDTH="1370"
                    HEIGHT="94">
            <Shape><Polygon POINTS="381 1255 380 1268 1312 1298 1314 1298 1372 1291 1459 1300 1461 1300 1555 1295 1687 1306 1689 1306 1748 1298 1750 1273 1747 1241 1639 1248 1589 1238 1587 1238 1586 1238 1562 1246 1532 1237 1530 1237 1529 1237 1440 1243 1371 1232 1369 1232 1368 1232 1346 1241 1315 1231 1314 1231 1312 1231 1254 1239 1223 1230 1222 1230 1221 1230 1219 1230 1201 1237 1190 1228 1189 1228 1187 1228 1186 1228 1027 1234 1009 1225 1008 1225 1007 1225 954 1232 889 1232 858 1221 857 1221 855 1221 702 1227 669 1217 668 1217 666 1217 627 1225 381 1212 381 1255"/></Shape>
            <String CONTENT="Arnold von Kamer, Hanns Greiff von Greiffenberg, und Harqua"
                    HPOS="380"
                    VPOS="1212"
                    WIDTH="1370"
                    HEIGHT="94"
                    WC="0.9910046761318788"></String>
          </TextLine>
          <TextLine ID="eSc_line_36b574d9"
                    TAGREFS="LT33"
                    BASELINE="383 1309 1484 1330 1679 1330 1764 1314" 
                    HPOS="381"
                    VPOS="1263"
                    WIDTH="1383"
                    HEIGHT="89">
            <Shape><Polygon POINTS="381 1324 783 1325 802 1338 804 1338 805 1338 807 1338 861 1328 918 1339 919 1339 1026 1335 1055 1342 1057 1342 1058 1342 1165 1334 1202 1345 1204 1345 1205 1345 1312 1339 1452 1349 1454 1349 1498 1342 1603 1352 1604 1352 1762 1343 1764 1314 1759 1286 1684 1296 1659 1288 1658 1288 1657 1288 1604 1295 1566 1285 1565 1285 1564 1285 1562 1285 1561 1285 1547 1293 1498 1284 1497 1284 1371 1291 1357 1281 1355 1281 1354 1281 1352 1281 1351 1281 1329 1289 1201 1289 1166 1278 1165 1278 1164 1278 1079 1285 1040 1275 1039 1275 1037 1275 980 1284 947 1273 945 1273 944 1273 901 1282 759 1270 758 1270 575 1277 547 1266 545 1266 384 1263 383 1309 381 1324"/></Shape>
            <String CONTENT="Weichſer, alle Ritter. In dieſem Jahr ſtarb Alberti Grafen vol"
                    HPOS="381"
                    VPOS="1263"
                    WIDTH="1383"
                    HEIGHT="89"
                    WC="0.9951406890346158"></String>
          </TextLine>
          <TextLine ID="eSc_line_b26d7837"
                    TAGREFS="LT33"
                    BASELINE="380 1359 902 1366 1389 1380 1693 1378 1759 1364" 
                    HPOS="380"
                    VPOS="1314"
                    WIDTH="1379"
                    HEIGHT="88">
            <Shape><Polygon POINTS="380 1359 380 1375 450 1373 501 1385 502 1385 504 1385 505 1385 527 1375 623 1375 655 1386 657 1386 658 1386 659 1386 682 1377 732 1377 773 1389 775 1389 776 1389 819 1380 859 1386 861 1388 861 1386 901 1380 941 1392 943 1392 944 1392 1009 1384 1030 1393 1032 1393 1033 1393 1090 1386 1120 1395 1122 1395 1123 1395 1414 1392 1573 1402 1575 1402 1758 1391 1759 1364 1754 1334 1666 1345 1505 1335 1504 1335 1425 1341 1402 1332 1401 1332 1400 1332 1337 1339 1321 1331 1319 1331 1318 1331 1219 1338 1194 1327 1193 1327 1191 1327 1125 1336 1097 1327 1095 1327 1094 1327 923 1334 902 1321 901 1321 900 1321 898 1321 807 1327 654 1318 652 1318 651 1318 613 1328 544 1316 543 1316 466 1324 444 1314 443 1314 441 1314 380 1318 380 1359"/></Shape>
            <String CONTENT="Abenſperg erſte Gemahlin Petriſſa, Peterſee, das iſt Perronell⸗"
                    HPOS="380"
                    VPOS="1314"
                    WIDTH="1379"
                    HEIGHT="88"
                    WC="0.9900187017425658"></String>
          </TextLine>
          <TextLine ID="eSc_line_04d5b045"
                    TAGREFS="LT33"
                    BASELINE="379 1411 1423 1434 1646 1434 1732 1423" 
                    HPOS="379"
                    VPOS="1366"
                    WIDTH="1353"
                    HEIGHT="91">
            <Shape><Polygon POINTS="379 1411 379 1428 543 1428 584 1436 586 1436 723 1431 752 1439 754 1439 755 1439 891 1435 944 1443 945 1443 1070 1438 1083 1446 1084 1446 1086 1446 1087 1446 1157 1439 1234 1449 1236 1449 1277 1443 1661 1457 1662 1457 1730 1449 1732 1423 1728 1391 1659 1398 1430 1385 1429 1385 1383 1392 1359 1384 1358 1384 1357 1384 1323 1391 1252 1382 1251 1382 1119 1386 1087 1378 1086 1378 1084 1378 1039 1385 1015 1377 1014 1377 1012 1377 876 1382 859 1374 858 1374 857 1374 720 1378 677 1371 676 1371 675 1371 655 1378 586 1368 584 1368 448 1374 401 1366 400 1366 398 1366 379 1373 379 1411"/></Shape>
            <String CONTENT="Hermns Albrecht von Haydau Tochter. Hat ihr Ruhe⸗Berh ini"
                    HPOS="379"
                    VPOS="1366"
                    WIDTH="1353"
                    HEIGHT="91"
                    WC="0.9987109638096994"></String>
          </TextLine>
          <TextLine ID="eSc_line_1667ea0d"
                    TAGREFS="LT33"
                    BASELINE="376 1463 1350 1482" 
                    HPOS="376"
                    VPOS="1417"
                    WIDTH="974"
                    HEIGHT="85">
            <Shape><Polygon POINTS="376 1463 376 1484 451 1479 495 1486 497 1486 498 1486 512 1479 520 1488 522 1488 523 1488 525 1488 568 1479 595 1489 597 1489 598 1489 643 1481 688 1491 690 1491 729 1484 762 1492 763 1492 765 1492 766 1492 793 1484 845 1493 847 1493 930 1486 1070 1499 1072 1499 1109 1493 1173 1500 1175 1500 1176 1500 1201 1492 1216 1502 1218 1502 1219 1502 1221 1502 1222 1502 1250 1493 1347 1499 1350 1482 1350 1445 1229 1434 1227 1434 1226 1434 1209 1441 1186 1431 1184 1431 1183 1431 1091 1438 1051 1428 1050 1428 1048 1428 932 1435 832 1424 830 1424 791 1432 732 1432 709 1421 708 1421 707 1421 583 1428 545 1418 544 1418 543 1418 541 1418 513 1427 501 1417 500 1417 498 1417 497 1417 444 1424 434 1417 433 1417 432 1417 430 1417 376 1417 376 1463"/></Shape>
            <String CONTENT="ſer Cloſter⸗Kirchen naͤchſt, S. Uolfgangi.Grab."
                    HPOS="376"
                    VPOS="1417"
                    WIDTH="974"
                    HEIGHT="85"
                    WC="0.9819871770574692"></String>
          </TextLine>
          <TextLine ID="eSc_line_f86e93f4"
                    TAGREFS="LT33"
                    BASELINE="508 1513 1434 1532 1634 1532 1743 1524" 
                    HPOS="507"
                    VPOS="1471"
                    WIDTH="1236"
                    HEIGHT="86">
            <Shape><Polygon POINTS="508 1513 507 1528 648 1531 668 1541 669 1541 670 1541 759 1534 857 1545 858 1545 920 1538 934 1546 936 1546 937 1546 1084 1547 1086 1547 1126 1541 1150 1550 1151 1550 1152 1550 1289 1543 1522 1557 1523 1557 1578 1549 1651 1557 1653 1557 1741 1550 1743 1524 1739 1493 1679 1503 1525 1498 1515 1489 1514 1489 1512 1489 1511 1489 1422 1498 1255 1485 1254 1485 1211 1493 1080 1493 932 1478 930 1478 820 1486 795 1477 794 1477 793 1477 791 1477 763 1484 722 1475 720 1475 719 1475 694 1484 682 1474 680 1474 679 1474 677 1474 676 1474 654 1479 629 1473 627 1473 626 1473 565 1482 536 1471 534 1471 533 1471 532 1471 508 1481 508 1513"/></Shape>
            <String CONTENT="Anno 1200. hat Pabſt Bonitacius ein General- ſubilœum au"
                    HPOS="507"
                    VPOS="1471"
                    WIDTH="1236"
                    HEIGHT="86"
                    WC="0.9802508130669594"></String>
          </TextLine>
          <TextLine ID="eSc_line_42c376f2"
                    TAGREFS="LT33"
                    BASELINE="372 1564 1387 1585 1616 1585 1723 1574" 
                    HPOS="370"
                    VPOS="1520"
                    WIDTH="1353"
                    HEIGHT="89">
            <Shape><Polygon POINTS="372 1564 370 1577 1646 1609 1647 1609 1722 1600 1723 1574 1721 1545 1416 1547 1276 1536 1275 1536 1187 1543 1007 1531 1005 1531 1004 1531 970 1539 932 1529 930 1529 929 1529 883 1538 801 1527 800 1527 662 1534 634 1524 633 1524 632 1524 512 1531 495 1521 494 1521 493 1521 491 1521 450 1529 425 1520 423 1520 372 1520 372 1564"/></Shape>
            <String CONTENT="ſchreiben laſſen. GOtt gab in demſelden auch Gnad, daß die Churrt"
                    HPOS="370"
                    VPOS="1520"
                    WIDTH="1353"
                    HEIGHT="89"
                    WC="0.9892647917454059"></String>
          </TextLine>
          <TextLine ID="eSc_line_d1822c9d"
                    TAGREFS="LT33"
                    BASELINE="375 1614 1237 1634 1723 1635" 
                    HPOS="373"
                    VPOS="1568"
                    WIDTH="1350"
                    HEIGHT="89">
            <Shape><Polygon POINTS="375 1614 373 1629 1568 1657 1569 1657 1722 1650 1723 1635 1721 1592 1644 1600 1412 1597 1377 1588 1376 1588 1375 1588 1268 1592 1209 1584 1208 1584 1048 1589 943 1578 941 1578 866 1586 769 1575 768 1575 766 1575 741 1584 709 1574 708 1574 707 1574 600 1579 375 1568 375 1614"/></Shape>
            <String CONTENT="Fuͤrſten einheluig den aͤrgerlich ledenden, ubel hauſenden und untaut"
                    HPOS="373"
                    VPOS="1568"
                    WIDTH="1350"
                    HEIGHT="89"
                    WC="0.9866136537081953"></String>
          </TextLine>
          <TextLine ID="eSc_line_9c349ef1"
                    TAGREFS="LT33"
                    BASELINE="370 1663 615 1666 1330 1686 1575 1688 1709 1679" 
                    HPOS="370"
                    VPOS="1620"
                    WIDTH="1339"
                    HEIGHT="90">
            <Shape><Polygon POINTS="370 1663 370 1679 593 1679 613 1689 615 1689 616 1689 725 1682 866 1695 868 1695 954 1689 1039 1699 1040 1699 1197 1696 1221 1703 1222 1703 1223 1703 1358 1700 1526 1710 1527 1710 1708 1703 1709 1679 1705 1647 1648 1654 1630 1646 1629 1646 1628 1646 1587 1653 1430 1650 1414 1642 1412 1642 1411 1642 1354 1647 1341 1639 1340 1639 1339 1639 1337 1639 1282 1646 1205 1636 1204 1636 1066 1641 964 1631 962 1631 916 1638 794 1627 793 1627 687 1631 627 1624 626 1624 625 1624 623 1624 611 1631 552 1631 541 1621 540 1621 538 1621 537 1621 491 1628 370 1620 370 1663"/></Shape>
            <String CONTENT="chen, dem Heil. Roͤmiſchen Reich ſchaͤdlichen Kayſer Henceslaun"
                    HPOS="370"
                    VPOS="1620"
                    WIDTH="1339"
                    HEIGHT="90"
                    WC="0.9909197915168035"></String>
          </TextLine>
          <TextLine ID="eSc_line_76d82aaf"
                    TAGREFS="LT33"
                    BASELINE="369 1717 586 1715 1251 1736 1639 1739" 
                    HPOS="369"
                    VPOS="1668"
                    WIDTH="1270"
                    HEIGHT="89">
            <Shape><Polygon POINTS="369 1717 369 1734 480 1729 505 1736 507 1736 508 1736 509 1736 538 1729 711 1732 729 1742 730 1742 732 1742 783 1735 825 1743 826 1743 827 1743 841 1736 939 1746 940 1746 941 1746 970 1739 1091 1750 1093 1750 1094 1750 1115 1743 1273 1754 1275 1754 1276 1754 1307 1747 1397 1757 1398 1757 1637 1754 1639 1739 1639 1697 1579 1704 1432 1703 1391 1692 1390 1692 1389 1692 1387 1692 1354 1700 1271 1692 1269 1692 1225 1697 1207 1686 1205 1686 1204 1686 1202 1686 1201 1686 1169 1695 1155 1686 1154 1686 1152 1686 1151 1686 1033 1693 991 1686 990 1686 989 1686 976 1692 962 1681 961 1681 959 1681 958 1681 873 1689 840 1678 839 1678 837 1678 802 1684 791 1677 790 1677 789 1677 787 1677 722 1681 668 1674 666 1674 612 1684 598 1672 597 1672 595 1672 594 1672 593 1672 558 1681 515 1671 513 1671 434 1675 397 1668 395 1668 394 1668 369 1677 369 1717"/></Shape>
            <String CONTENT="ſetzten, und an deſſen ſtatt Ruperr Hertzogen in Bayrn, und"
                    HPOS="369"
                    VPOS="1668"
                    WIDTH="1270"
                    HEIGHT="89"
                    WC="0.9929125955549337"></String>
          </TextLine>
          <TextLine ID="eSc_line_696cc2a2"
                    TAGREFS="LT33"
                    BASELINE="1704 1724 1750 1721" 
                    HPOS="1701"
                    VPOS="1678"
                    WIDTH="49"
                    HEIGHT="61">
            <Shape><Polygon POINTS="1701 1681 1704 1724 1704 1739 1750 1732 1750 1721 1744 1678 1701 1679 1701 1681"/></Shape>
            <String CONTENT="als"
                    HPOS="1701"
                    VPOS="1678"
                    WIDTH="49"
                    HEIGHT="61"
                    WC="0.9989474813143412"></String>
          </TextLine>
          <TextLine ID="eSc_line_34d29087"
                    TAGREFS="LT33"
                    BASELINE="368 1765 782 1770 1440 1789 1618 1788 1744 1774" 
                    HPOS="366"
                    VPOS="1720"
                    WIDTH="1378"
                    HEIGHT="91">
            <Shape><Polygon POINTS="1312 1738 1298 1738 1287 1738 1236 1745 1126 1734 1118 1734 1108 1732 1064 1740 993 1731 991 1731 941 1736 929 1728 927 1728 926 1728 925 1728 804 1736 719 1724 620 1722 619 1722 618 1722 594 1732 565 1721 563 1721 562 1721 519 1731 487 1720 486 1720 484 1720 368 1722 368 1765 366 1777 448 1789 450 1789 508 1782 591 1789 593 1789 594 1789 595 1789 609 1781 661 1789 662 1789 729 1784 751 1792 752 1792 754 1792 945 1786 1020 1800 1022 1800 1083 1790 1107 1802 1108 1802 1109 1802 1111 1802 1137 1795 1193 1803 1194 1803 1394 1800 1405 1807 1407 1807 1408 1807 1600 1811 1601 1811 1743 1800 1744 1774 1743 1743 1653 1742 1651 1742 1650 1742 1622 1752 1504 1743 1502 1743 1330 1746 1316 1738 1312 1738"/></Shape>
            <String CONTENT="Grafen bey Rhein zum Roͤmiſchen Koͤnig erwaͤhlten. Die Croͤnuns"
                    HPOS="366"
                    VPOS="1720"
                    WIDTH="1378"
                    HEIGHT="91"
                    WC="0.9913373627359905"></String>
          </TextLine>
          <TextLine ID="eSc_line_dd313f01"
                    TAGREFS="LT33"
                    BASELINE="365 1814 1452 1840 1680 1835" 
                    HPOS="363"
                    VPOS="1768"
                    WIDTH="1317"
                    HEIGHT="96">
            <Shape><Polygon POINTS="363 1829 443 1838 444 1838 445 1838 466 1829 500 1839 501 1839 502 1839 640 1833 683 1843 684 1843 741 1835 807 1846 808 1846 873 1839 991 1839 1007 1847 1008 1847 1009 1847 1098 1843 1123 1853 1125 1853 1126 1853 1162 1846 1183 1854 1184 1854 1186 1854 1187 1854 1189 1854 1202 1846 1241 1856 1243 1856 1244 1856 1276 1850 1302 1857 1304 1857 1618 1864 1619 1864 1679 1854 1680 1835 1679 1800 1430 1800 1354 1789 1352 1789 1197 1793 1172 1785 1171 1785 1169 1785 1114 1792 1084 1784 1083 1784 1082 1784 1048 1790 986 1781 798 1777 797 1777 763 1784 636 1774 634 1774 486 1778 366 1768 365 1814 363 1829"/></Shape>
            <String CONTENT="dilputirten einige, obs zu Coͤlln oder Aach geſchehen ſoll. Die"
                    HPOS="363"
                    VPOS="1768"
                    WIDTH="1317"
                    HEIGHT="96"
                    WC="0.9816221935408456"></String>
          </TextLine>
          <TextLine ID="eSc_line_15e7d4ff"
                    TAGREFS="LT33"
                    BASELINE="365 1867 889 1875 1400 1890 1611 1889 1709 1875" 
                    HPOS="363"
                    VPOS="1821"
                    WIDTH="1346"
                    HEIGHT="89">
            <Shape><Polygon POINTS="365 1867 363 1879 441 1890 443 1890 533 1883 611 1883 627 1895 629 1895 630 1895 632 1895 672 1886 736 1896 737 1896 738 1896 765 1889 782 1897 783 1897 784 1897 786 1897 805 1890 884 1897 886 1897 927 1890 976 1900 977 1900 1161 1897 1475 1910 1476 1910 1708 1903 1709 1875 1705 1845 1477 1852 1375 1843 1373 1843 1244 1847 1219 1838 1218 1838 1216 1838 1175 1846 1157 1836 1155 1836 1154 1836 1105 1845 1084 1833 1083 1833 1082 1833 1030 1843 908 1831 839 1829 837 1829 794 1839 776 1828 775 1828 773 1828 772 1828 693 1836 668 1827 666 1827 580 1825 579 1825 577 1825 562 1833 552 1827 551 1827 550 1827 548 1827 482 1831 463 1822 462 1822 365 1821 365 1867"/></Shape>
            <String CONTENT="wisheit will man hie nicht decretiren. Nach erlangter Cron hal"
                    HPOS="363"
                    VPOS="1821"
                    WIDTH="1346"
                    HEIGHT="89"
                    WC="0.9730968215773182"></String>
          </TextLine>
          <TextLine ID="eSc_line_d707bee8"
                    TAGREFS="LT33"
                    BASELINE="366 1918 1362 1940 1619 1938 1751 1925" 
                    HPOS="366"
                    VPOS="1871"
                    WIDTH="1385"
                    HEIGHT="94">
            <Shape><Polygon POINTS="366 1918 366 1940 459 1932 557 1945 558 1945 615 1938 654 1947 655 1947 657 1947 719 1946 720 1946 722 1946 733 1939 794 1950 795 1950 933 1945 975 1953 976 1953 1019 1946 1047 1954 1048 1954 1050 1954 1090 1946 1164 1957 1165 1957 1198 1950 1347 1960 1348 1960 1350 1960 1372 1953 1396 1961 1397 1961 1605 1965 1607 1965 1608 1965 1634 1954 1748 1954 1751 1925 1748 1895 1593 1896 1529 1906 1405 1895 1404 1895 1402 1895 1383 1903 1247 1902 1221 1890 1219 1890 1218 1890 1216 1890 1193 1897 1150 1886 1148 1886 1147 1886 1077 1897 1043 1889 1041 1889 1040 1889 976 1893 937 1881 936 1881 934 1881 869 1893 851 1882 850 1882 848 1882 847 1882 845 1882 816 1892 672 1875 670 1875 612 1883 525 1872 523 1872 522 1872 472 1885 426 1871 425 1871 423 1871 366 1872 366 1918"/></Shape>
            <String CONTENT="ſich vor Franckfurth gelegt, und a. Wochen, nach altem Gebraus,"
                    HPOS="366"
                    VPOS="1871"
                    WIDTH="1385"
                    HEIGHT="94"
                    WC="0.9941481796521989"></String>
          </TextLine>
          <TextLine ID="eSc_line_7eb660d1"
                    TAGREFS="LT33"
                    BASELINE="366 1965 1443 1990 1639 1985 1744 1970" 
                    HPOS="365"
                    VPOS="1921"
                    WIDTH="1379"
                    HEIGHT="92">
            <Shape><Polygon POINTS="366 1965 365 1976 516 1981 550 1995 551 1995 633 1996 634 1996 698 1983 740 1996 741 1996 743 1996 839 1992 923 2003 925 2003 1165 2000 1397 2013 1398 2013 1743 2003 1744 1970 1740 1947 1466 1956 1407 1956 1390 1945 1389 1945 1387 1945 1386 1945 1327 1953 1230 1945 1229 1945 1177 1949 1161 1942 1159 1942 1158 1942 965 1945 927 1935 926 1935 925 1935 800 1940 740 1929 738 1929 694 1939 594 1939 409 1921 408 1921 366 1931 366 1965"/></Shape>
            <String CONTENT="allda verharret. Dieweil ihn aber niemand vertriede, rucket er hieran"
                    HPOS="365"
                    VPOS="1921"
                    WIDTH="1379"
                    HEIGHT="92"
                    WC="0.9977441559667173"></String>
          </TextLine>
          <TextLine ID="eSc_line_32897d10"
                    TAGREFS="LT33"
                    BASELINE="362 2014 989 2035 1437 2040 1611 2038 1719 2021" 
                    HPOS="361"
                    VPOS="1970"
                    WIDTH="1358"
                    HEIGHT="94">
            <Shape><Polygon POINTS="362 2014 361 2032 1118 2057 1119 2057 1300 2051 1451 2064 1452 2064 1718 2056 1719 2021 1716 1997 1609 1996 1608 1996 1607 1996 1605 1996 1590 2006 1579 2000 1578 2000 1576 2000 1519 2007 1473 1999 1472 1999 1386 2004 1315 1996 1314 1996 1218 2000 1204 1993 1202 1993 1201 1993 1065 1997 1041 1988 1040 1988 1039 1988 940 1995 834 1981 833 1981 832 1981 805 1989 709 1979 708 1979 663 1989 650 1981 648 1981 647 1981 645 1981 584 1988 513 1972 362 1970 362 2014"/></Shape>
            <String CONTENT="in Bayrn und Ober⸗ Pfaltz. Namm alles wieder ein, was Kao"
                    HPOS="361"
                    VPOS="1970"
                    WIDTH="1358"
                    HEIGHT="94"
                    WC="0.9940265082476432"></String>
          </TextLine>
          <TextLine ID="eSc_line_6e1d88d7"
                    TAGREFS="LT33"
                    BASELINE="363 2067 568 2067 909 2082 1294 2089 1648 2083" 
                    HPOS="362"
                    VPOS="2031"
                    WIDTH="1286"
                    HEIGHT="80">
            <Shape><Polygon POINTS="363 2067 362 2082 688 2083 940 2103 941 2103 1084 2096 1189 2106 1190 2106 1236 2097 1309 2107 1547 2111 1548 2111 1647 2096 1648 2083 1646 2046 1555 2053 1301 2040 1300 2040 1246 2049 1100 2040 1098 2040 951 2045 919 2036 918 2036 916 2036 872 2043 859 2035 858 2035 857 2035 855 2035 776 2042 722 2031 363 2031 363 2067"/></Shape>
            <String CONTENT="Carl der IV in Bayrn kaufft, und der Cron Boͤhm zugeeignet⸗"
                    HPOS="362"
                    VPOS="2031"
                    WIDTH="1286"
                    HEIGHT="80"
                    WC="0.988380664485996"></String>
          </TextLine>
          <TextLine ID="eSc_line_23b10b4f"
                    TAGREFS="LT33"
                    BASELINE="355 2119 630 2119 1352 2140 1662 2129" 
                    HPOS="354"
                    VPOS="2074"
                    WIDTH="1308"
                    HEIGHT="87">
            <Shape><Polygon POINTS="886 2082 884 2082 883 2082 882 2082 866 2093 833 2093 747 2079 745 2079 668 2086 626 2078 355 2074 355 2119 354 2140 393 2133 423 2143 425 2143 426 2143 490 2135 613 2146 615 2146 665 2138 748 2149 750 2149 812 2140 902 2150 904 2150 905 2150 925 2143 943 2151 944 2151 945 2151 1043 2146 1097 2154 1415 2160 1416 2160 1473 2153 1494 2161 1496 2161 1497 2161 1540 2153 1575 2161 1576 2161 1578 2161 1661 2153 1662 2129 1659 2096 1494 2103 1214 2089 1212 2089 1211 2089 1183 2097 958 2086 957 2086 915 2093 887 2082 886 2082"/></Shape>
            <String CONTENT="die Nuͤrnberger erfuhren, daß der nen⸗ erwaͤhlte Kayſer zu ihner"
                    HPOS="354"
                    VPOS="2074"
                    WIDTH="1308"
                    HEIGHT="87"
                    WC="0.994996152818203"></String>
          </TextLine>
          <TextLine ID="eSc_line_5008815a"
                    TAGREFS="LT33"
                    BASELINE="1682 2124 1751 2111" 
                    HPOS="1673"
                    VPOS="2074"
                    WIDTH="78"
                    HEIGHT="68">
            <Shape><Polygon POINTS="1682 2124 1684 2142 1751 2126 1751 2111 1743 2074 1673 2085 1682 2124"/></Shape>
            <String CONTENT="dem"
                    HPOS="1673"
                    VPOS="2074"
                    WIDTH="78"
                    HEIGHT="68"
                    WC="0.987780491511027"></String>
          </TextLine>
          <TextLine ID="eSc_line_2aea57af"
                    TAGREFS="LT33"
                    BASELINE="359 2175 780 2175 1276 2192 1497 2192 1609 2188 1739 2168" 
                    HPOS="358"
                    VPOS="2125"
                    WIDTH="1381"
                    HEIGHT="108">
            <Shape><Polygon POINTS="359 2175 358 2193 520 2194 551 2214 552 2214 554 2214 555 2214 633 2197 761 2197 797 2213 798 2213 876 2218 877 2218 879 2218 916 2201 955 2211 957 2211 958 2211 1075 2201 1191 2224 1193 2224 1232 2215 1257 2228 1258 2228 1408 2229 1409 2229 1466 2217 1501 2231 1502 2231 1504 2231 1597 2225 1607 2232 1608 2232 1609 2232 1611 2233 1737 2233 1739 2168 1734 2139 1665 2139 1664 2139 1662 2139 1607 2154 1564 2154 1548 2144 1547 2144 1546 2144 1544 2144 1543 2144 1541 2144 1527 2154 1475 2154 1286 2144 1284 2144 1218 2150 1207 2143 1205 2143 1204 2143 1202 2143 1077 2149 1044 2135 1043 2135 1041 2135 937 2143 811 2129 809 2129 757 2139 693 2139 672 2128 670 2128 669 2128 616 2138 545 2126 544 2126 461 2135 441 2126 440 2126 438 2126 437 2126 436 2126 420 2136 401 2125 400 2125 398 2125 359 2129 359 2175"/></Shape>
            <String CONTENT="Hedranch nach wolie urenneb. und die Hutdignng anangzt"
                    HPOS="358"
                    VPOS="2125"
                    WIDTH="1381"
                    HEIGHT="108"
                    WC="0.9049180820584297"></String>
          </TextLine>
        </TextBlock>
      </PrintSpace>
    </Page>
  </Layout>
</alto>
