1940 2440
391 158 94 69 110

959 162 337 75 13 (o) Ezu

387 208 1393 86 nach Haus gegangen, und ofſt die bitteriſten Thraͤnen geweynet. Es Augte ſich aber

1843 249 84 68 Lenr

387 256 1390 80 daß Doctor Luther am Mittwoch nach Bartholomwi an hieſigen E. E. Ratt

1847 290 72 63 Vun

390 299 1377 81 ſchriebe, und rathete, trene Prediger zu beſtelen, die dem Evangelio gemaͤß predis

1845 336 76 66 er hia

387 341 1376 84 ten, damit ſie in der Erkanntnuß Goͤttlicher Wahrheit geſtaͤrcket wurden. Dis Schraͤ

383 386 1384 81 den von Doctor Martin Enther verurſachte bey E. E. NRath viel Aufſehens, un

1849 378 66 65 Unn

386 425 1381 86 als dis die Burgerſchafft in Erfahrung drachte, hielten ſie viel auf den vorhin dei

1839 433 84 61 geneß

385 470 1384 83 lpotteten Moͤnch Georg &e..... So lied, ſo angenehm Huebmayr Anfang

1846 479 79 65 ene,

383 509 1378 87 denen Regenſpurgeren, ſo verhaßt ware er auf die letzt vor ihren Angen. Dannle

1851 525 67 59 eumi

380 553 1378 84 bald er ſich durch die Wahlfarth zur ſchoͤnen Maria, welche er durch Zanberey as

1846 562 73 69 orſa

380 597 1374 82 gerichtet (wie hievor in deſunderen Truck zu leſen) einen unzaͤhligen Reichcho

379 642 1380 79 geſammlet, hat er ſeines GOttes vergeſſen, der Widertauffer Lehr angenommes,

1841 658 62 59 dere

378 681 1376 76 nnd ſelbige mit allen Kraͤfften behanbtet, alſo, daß, wann er ſich nicht an denen he

1842 695 60 62 eine

378 723 1372 83 ligen Chriſt⸗Feyertaͤgen aus hiefiger Stadt gefluͤchtet, er gewis von der ohnehin;

1843 744 69 61 zeſche

378 767 1373 81 Rebellion leicht auftnbringen geweſten Burgerſchafft, um Leib und Leden gekommns

1868 788 15 49 ⸗

357 806 1394 85 waͤre. () Von hier degad er ſich in die Schweitz, wurde wegen ſeiner Wide.

1835 824 53 54 ten

376 851 1371 81 tauffer⸗Lehr in das Gefaͤngnuß geworſſen, entranne aber der Lebens⸗Geſahr. O

1838 871 64 58 ꝛen,

375 894 1353 79 gabe ſich alsdann in dem Eheſtand ꝛc. Wurde wegen ſeiner Halsſtaͤrr gkeit und)

1843 908 35 57 he

372 938 1376 77 rhum deren Widertaͤuffern Auno 1528. zu Wienn verbrannt, ſein Weib aber,.

376 978 1356 76 auch auf dieſer Lehr verharrte, in die Donau geworffen, und erſaͤuffer.) Die

1847 1001 65 78 den

374 1022 1350 82 ſcynd die Wort, ſo in dem mir zn Handen getomm.nen Manulcripto (oder ?

370 1072 1365 82 dig) zu leſen, wo ich die letztere, von des buebmayrs Abreis aus Regenſpui

1845 1102 76 74 Har

370 1115 1321 77 und ſeinen Lehr⸗ Articklen wegen deren Viele abgekuͤrtzer, das andere aber von-

1842 1148 42 67 8.

370 1157 1355 88 M Wort von dem Zeichen (0) bis auf das Zeichen (7) aur dem Manulerit

371 1201 323 69 heraus geſchrirben.

1841 1202 80 69 Arrre,

1839 1249 71 68 ꝛhin

504 1278 1215 95 Nus dieſen, was ich nun aus ſolchen Manuſeripto heraus gezogen, (es,

1838 1294 62 66 ynd

368 1329 1363 87 ſeyn, dat andere derley von denen Herren kutheranern allhier zuſammen geſchriede.

370 1378 1336 80 Ehronicken, vilricht wirder etwas anderes melden,) ( dann kein Wunder iſt, n

1847 1396 52 51 bte

364 1417 1344 87 unter dennenſelben einer dem aderen widerſpricht, weilen fie keinen ſicheren Gr⸗

1845 1434 39 53 1

363 1462 1357 92 der bezauberten Andacht, und gezauberten Wunder⸗Wercken nach ihren k-

1846 1476 69 62 Ante

357 1511 1359 87 ichmack Anden koͤnnen,) erhellet 1moͤ daß dis auf die Zeiten des Moͤnchs Geors

1842 1519 60 58 eren

1841 1558 62 65 ichr

359 1557 1377 88 und zwar nicht gleich auf das erſtemahl, ſondern dis der Warrin Lurher hnna

1836 1595 24 56 ,

357 1600 1362 87 ſelbſt allhero geſchrieden, viele bey der ſchoͤnen Maria, oder durch dero Vordect.

1838 1640 46 58 2s

356 1649 1363 82 theilte Gutthaten, vor TDunder⸗TVerck, und keinesweegs vor eine Hauber.

1841 1683 66 60 iten

353 1693 1328 86 rrkennet worden. 2do. Daß dieſer Moͤnch der erſte geweſen, ſo zu Regeuſpurt

1835 1722 67 67 Ache

353 1739 1319 82 che Guithaten vor ein Jauberey ausgeruffen. ztio. Doch hat er ſeibſten erkennet

1701 1735 32 54 al

1832 1764 71 70 ꝛru,

355 1782 1334 85 durch die Vorbitt Mariaͤ, der gnaͤdigen Inngfraͤnlichen Mutter groſſe Wunder⸗

1836 1812 71 60 em

355 1821 1328 87 Gunhaten geſchehen koͤnnen. ar0. Alleinig, weil er dieſe Bunder⸗ volle Begrdei

1849 1855 57 57 hen

351 1863 1376 90 ten nichr langnen koͤnnte, ſo findete er ein Mutel, und ſagte, es waͤren Eachen..

1830 1885 32 57 n⸗

353 1909 1351 82 durch eine Jauberey dewuͤrcker worden Warumen? 5io. Weilen Maria allzn gi

347 1954 1369 77 dig, und wegen des Geid oder Opffer keine Wunder wuͤrcke, anſonſten ſeide nie

1862 1979 26 58 9

347 1996 1370 76 koͤnnte gnaͤdig genenner werden. Mein. wer hat aber geſagt? das dieſe Wunde

345 2040 1387 88 volr Gutthatrn wegen den Beio, und den Orler geſchehen ſeyen1 E. Dreſer Mond

1630 2079 110 68 Geors
