1554 2270
652 110 48 60 ur⸗

716 107 334 75 ꝛ (0) L2g-

1453 116 73 54 102

153 152 1373 77 ſolchen der Kayſer anbefolchen hatte, und er (Fridlaͤnder) pro for-

152 208 1371 69 ma dewilligt, und verſprochen) nit zu beſorgen waͤre. Iſt derowegen

148 252 1373 73 von Ulm beederſeits der Thonau mit ſeinen Voͤlckern und Geſchirren

150 293 1373 84 allhero kommen, und hat unter und vber der Stadt, Schiff⸗Brucken

145 350 1373 69 gemacht, auch den 7. Novembr. die Stadt angefangen zu belaͤgern⸗

150 394 1372 75 Die Stadt am Hoff, als noch nit befeſtigt, wurd uͤberlaſſen. Der

145 442 1372 72 Dreprun und andere Gebaͤu vor der Stadt von dem Commendanten

143 493 1374 71 abgebrennt. Den S. Novembr. ein Joch der ſteineren Bruck mit Pul⸗

141 537 1375 75 ver zerſprengt. Den 7. Nobembr. der Ober⸗ und Unter⸗Woͤrth ſambe

138 586 1376 76 den Muͤhlen in die Aſchen gelegt. Den 8. hat der Feind den erſten

138 638 1374 70 Sturm auf das Oſten⸗Thor gewagt, aber nichts gewonnen. Den

136 684 1372 73 1o. die Stadt an unterſchidlichen Orthen, nach vorhergehender Preß,

133 739 1376 69 oder Ruinirung deren Mauren, ſtuͤrmen laſſen, auch vergebens, al⸗

133 784 1376 67 lein hat der Commendant Troibrer einen Schuß bekommen, der ihne

134 831 1373 73 von ferneren Commando zuruck getrieben, und andern Othiciren das

134 884 1372 65 Hertz und Muth genommen. Den 12. hat der Hertzog ein ſolchen

134 933 1368 65 Ernſt gebraucht, daß die Belaͤgerte um Willen einiger Suceurs nit zu

131 979 1370 66 hoffen waͤre, zum accordiren ſich neigten. Den 12. als der Feind nit

132 1030 1369 67 ausſetzte, unſere Soldaten zu mud und zu wenig waren, hat man die.

133 1080 1366 61 Uberaab angebotten. Die Soldaten haben in dem Accord ihrer nis

136 1126 40 53 de

185 1132 1313 57 geſſen, aber des gottſeeligen frommen damahls noch anweſenden

133 1176 1364 64 Diſchoffs Alberti, und gantzen Cleri ſchlechtlich gedacht. Wie dann

129 1222 1366 66 den dritten Tag, nach dem Einzug in die Biſchoͤffliche Reſidenz der gan⸗

127 1272 1365 55 tze Clerus citirt worden, eine Anforderung von 200000. Reichs⸗Tha⸗

129 1315 1363 69 ler far die Ranzion muſſen anhoͤren, und fuͤr ein Gnad halten, daß

126 1367 1366 66 ſie auf r00000. Reichs⸗Thaler iſt moderirt worden. Nachdeme hat

132 1417 1357 67 mnan ſie in des Stiffts Freyfing ruinirte Behaufung, auf dem Korn⸗

131 1465 1356 69 Marckt geſchafft, und ihnen viel Spott angethan. Der Clerus ſahe

131 1508 1354 79 pen Gewalt, und hat von ſeinem Vermoͤgen und Kirchen⸗ Schaͤtzen

131 1558 1351 77 (0ooo. Reichs⸗Thaler zuſammen gebracht und erlegt, den 28. Novem⸗

132 1607 1347 76 er, hat man ſie ſammentlich in das Dominicaner Cloſter beordert⸗

128 1657 1351 74 Ind mit der Burgerſchafft wohl verwachtet. Die Cloſter⸗ Frauen,

129 1706 1351 72 Lariſſer⸗Ordens auf S. Clare Anger, hat man zu denen Cloſter⸗Frauen

136 1756 1342 72 ey dem Heil. Creutz gefuͤhrt, und oͤffters zum Heurathen angereitzt.

129 1803 1344 78 Cen 29. hat der Feind unter den Geiſtlichen ein Ausſchuß gemacht⸗

126 1847 65 57 und

201 1848 1274 84 von denen Stifft und Cloͤſtern nur die Vornehmſte behalten, die

124 1899 1349 87 wrigen, deren bey oo. waren, und noch bey 200. andere Catholiſche

1395 1949 82 76 hat
