2111 2572
289 280 1427 125 cidentien in ihren Weſen, und Vortrag faſt unbe⸗

283 353 1431 127 ruͤhrter gelaſſen, auſſer, es hatte ſich gleich ein offen⸗

287 426 1420 126 bahrer Fehler ohne langen Nachſuchen geaͤuſſert,

289 497 1420 124 (dergleichen Fehler aber der Muͤhe und Fleiß Cœle-

278 574 1433 122 ſtini leicht nachzuſehen.) Ich habe aber in der Hi-

276 636 1435 142 ſtorie unſeres Stiffts von denen Erſten Abbten ei⸗

272 715 1433 135 nen mercklichen Fehler, welchen Cœleſtinus von de⸗

274 788 1431 135 nen aͤltern Scribenten auch entnommen, gefunden.

280 870 1429 123 Ich folgte eben diſen Authoribus, und einigen

272 934 1431 131 Manuſcriptis; ware auch ſchon an deme, ohne An⸗

280 1013 1427 125 ſtand und Zweifel, ſolches dem Druck zu uͤberge⸗

277 1088 1426 123 ben, da ich aber in denen alten Documenten und

276 1157 1423 122 Traditionibus nachforſchete, wie unſere Hiſtorie

274 1230 1425 135 gegruͤndet waͤre? fande ich ohnverſehens einige Tra-

272 1307 1427 139 ditiones, welche mich wegen denen Erſtern Aebb⸗

270 1388 1426 142 ten zu St. Emmeram zweiflend machten; und da

268 1459 1422 150 ich etwas reiffers nachforſchete, zeigte es ſich bald,

268 1543 1428 133 daß Cœleſtinus Abbt mit ſeinen vorgehenden Hiſto-

270 1624 1425 129 ricis, von unſeren erſten Aebbten ſich geirret, dahe⸗

271 1684 1426 140 ro glaubte ich, es waͤre meine Schuldigkeit die

270 1751 1415 150 Wahrheit, wie ſelbe ſich erklaͤret, in der Hiſtorie,

266 1823 1418 159 beſonders in dem Haubtwerck, von Anfang unſeres

272 1903 1412 163 Stiffts, und deſſen erſten Aebbten, vorzutragen,

274 1984 1405 165 und den Fehler anzugeben. So auch geſchehen,

1504 2119 181 90 gleich⸗
