1978 2546
401 248 99 53 120

909 248 375 74 628 (0) Zht

397 301 1414 79 den, der dieſem Kayſer dermaſſen angegriffen, und mit Wuͤrmen

408 360 1404 69 andere wollen Luͤuſen) angefuͤllt, daß er davor verzehrt, und das

394 404 1414 75 Leben den 8. December beſchlieſſen muͤſſen. Rodburgam und Gara-

396 461 1413 70 mum hat man beede, dieſen zu Oettingen, ſene zu Eplingen hingerichtet⸗

524 503 1282 75 Dieſes Glorwuͤrdigen und ſiegreichen Kayſers, auch unſers

394 557 1408 75 Cloſters groſſen Gurthaͤters Leichnam iſt auf ſein vorgehendes Begeh⸗

393 606 1412 75 ren in ſein lang zuvor (c) verordnetes Grab in dieſer Kirchen naͤchſt

391 657 1410 75 den Hoch⸗ Altar auf der rechten Seythen beygeſetzt worden, hat ein

389 705 1413 80 herrliche Gedaͤchtnuß mit ſeiner Bilonuß auf dem Grab gehabt, bis

391 759 1411 78 auf das Jahr 1622. in welchem die Kirch abgebrunnen, und alles

390 809 720 69 durch das Feuer verwuͤſtet worden.

524 859 1275 78 Anno 1671. als man Herbſt⸗Zeit den Eingang in des ſeeligen

386 909 1408 79 Ramvoldi Grufft erweitert, iſt man lincker HHand auf ein klein Ge⸗

387 963 1409 78 woͤlb kommen, da man ſolches etwas eroͤffnet, iſt geſehen worden eill

384 1012 1410 74 todter Coͤrper, in einer von gantzen Stein ausgemachten Garch, de⸗

382 1060 1410 78 ren gewoͤlbte Decke war von zweyen Stucken aus Stein. Man kun⸗

382 1113 1412 79 te nicht anderſt judiciren, als daß gedachter Kayſer Arnolph ſeyn muͤſ⸗

384 1165 1411 76 ſe, weilen ſein voriges Mauloleum dieſen Orth bedeckt hat: doch den

384 1219 1410 72 Grund beſſer zu erfahren, hab ich Cœleſtinus Abbt den z. Decemb⸗

382 1264 1410 76 das Gewoͤlb wieder eroͤffnen, und naͤchſten LTag hernach die Gebein

380 1314 1409 76 und Cineres in Gegenwart 5. HHof⸗ Bedienten des Hochwuͤrdigiſte.

383 1363 1401 75 Hochgebohrnen Furſtens und Herꝛns, Herins Marqnardi, Biſchoffei

379 1415 1400 75 zu Aichſtaͤtr, dis noch waͤhrenden Reichs⸗Tags Hoͤchſt⸗anſehnlicher

379 1468 1398 72 Kayſerlichen Principal Commillarii Erc. Als Herꝛn Laurenrii Rue

377 1514 1387 82 ſchen, Hochfuͤrſtlichen Rath und Leib⸗Medici. HHerꝛn Johann Se

377 1565 1404 77 cob Baumgartnern, HHof⸗ Rath allda, und Rentmeiſtern. Herꝛit

376 1612 1399 82 Andrer Lanitri, Hof⸗Caplan ꝛc. Herm Georg Siebenkhoffer⸗

380 1660 1387 86 Hof⸗Caplan ꝛc. Und Herꝛn Georgen Reiſſen, Leib⸗Barbierern un

376 1712 1392 82 Kammer⸗Dienern ꝛc. erhebt, geſaubert, und wieder in ein von Al

373 1766 1389 79 chen⸗ Holtz gemachtes Sarchlein verſchloſſen, an voriges Orth depo

372 1818 1382 78 niret. Den Zweiffel, weſſen dis Grab und Gebein ſevn, hat ei

374 1868 1400 82 bleyene Platten, ſo unter dem Kopf gefunden, alsbald aufgehebt,

373 1922 1355 94 auf welcher folgende, noch wohl erkanntliche Schrifft zu leſen. (a)

449 2151 145 44 Ldidem.

403 2179 696 77 (O) Diſt Platten wird in ter Abtt auſtrtaun.
