1959 2500
12 279 106 65 cin⸗

36 329 83 59 weit

38 377 78 67 ielt⸗

33 427 82 63 was

20 481 93 67 ahn

45 530 59 60 Ve

80 576 25 69 e

56 636 50 57 be

758 238 336 70 2 (O) Zu

1528 244 94 64 285

219 291 1399 74 son Conſtantinopel, der lieſſe werben um Graf Peringeri von Sult⸗

220 341 1401 75 dach und Amerthal Tochter Berrham, ſo eine Schweſter war, Kayſer

223 394 1398 74 Conrads, Gemahlin: Dieſer verwilligte in den Heprath, und lieſſe die

225 443 1399 76 Hochzeiterin durch den Biſchoff von Wuͤrtzburg nacher Conſtantinopel

222 494 1397 74 fuͤhren; Nach ihres HHerrn Todt aber, kams wieder in das Land, und

225 545 1394 74 ſburde nach ihren erlebten Tagen zu Caſtel bey Amberg begraben.

227 595 1394 74 As Hertzog Heinrich ein Krieg wider die Ungarn fuͤhrte, hat ſich der

230 648 1392 72 Oiſchoff Heinrich der Gelegenheit bedienet, und Regenſpurg belaͤ⸗

220 691 105 65 geret.

230 801 1391 72 deichen Geſandte aus Siria kommen, die hielten an um HHuͤlff wi⸗

337 747 1282 73 In dieſen Jahr hielt Kayſer Conrad ein Reichs⸗Fag allhie, auf

229 854 1395 66 ver die unglaubige Saracener, remonſtrirten die groſſe Noth und Ge⸗

229 900 1393 76 ahr der Chriſtenheit; ſie bekamen ein gutes Verſprechen, ſo ſonder⸗

232 954 1393 71 ahr defoͤrderte der gelehrte und beruhmte Mann S. Bernard, als da⸗

232 1004 1393 71 aahdlen Pabſt Eugenii Legatus, und ſammlete ſich in Baͤlde eine Ar⸗

233 1056 1388 69 de zu Roß, und zu Fuß, die ſich auf die 200000. Mann erſtreckte.

236 1105 1386 71 auſſer Zweiffel, weil dazumahl ein ſehr groſſer HHunger in Bayrn war,

232 1155 1393 71 oolte jedermann lieber fuͤr GOrt und den Chriſtlichen Glauben, als

229 1190 59 62 oyr

311 1208 1313 67 Hunger ſterben. Ich leſe, daß ſo gar die Weiber ſich Hauffen⸗

243 1259 1379 71 eis rotteten, und wie die alte Amazones wider dieſe Feind zu ſtreit⸗

237 1290 46 65 en

300 1313 1322 64 ich anerbotten, theils ſich gar in Manns⸗Kleideren verſtelleten,

240 1361 1384 68 nd in das Feld zogen. Sle haben zwar das heilige Land eingenom⸗

234 1406 1392 73 nen, vorhero aber ein groſſer Theil durch unterſchiedliche Zufaͤll das

234 1455 1388 75 eden laſſen. Dieſes Land iſt denen Chriſten verdlieben 88. Jahr,

238 1509 1387 72 ernach von denen Turcken widerum erobert worden. Anno 1126. wird

234 1556 1390 82 (verdardus ein Graf von Hilpolrſtain, und Biburg Ers⸗Biſchoff zu

245 1612 1381 72 Haltzburg. Sein Frau Mutter Bertha, da ſie dey ihrem Herrn

236 1643 59 63 mne

319 1668 1309 63 Bemahl Graf Heinrich keine Kinder bekam, hat deßhalb ein Ge⸗

241 1684 45 66 ar

316 1719 1313 62 gethan, daß wo ſie fruchtbar wurde, ſie unſer Lieben Frauen ein

243 1765 1386 72 Aichen zu Chren banen wole. Darauk ſie ſchwanger worden, und

240 1791 40 60 c

322 1819 1306 69 Soͤhn und 1. Tochter gebohren. Darauf ſie bey Biburg der

236 1862 1392 82 ſurter GOttes zu Ehren, eine Kirche zu Allerſtorff erbaut, und mit

238 1887 92 86 hren

355 1923 1276 68 FFrauenzimmer ſelbſten Stein und anderes zugetragen. Eberbar-

233 1936 57 65 Au

304 1972 1322 71 gar wohl erzogen, wurde erſtlich Thumbherr zu Bamberg. Re-

255 2019 1376 75 znurt ſein reiche Pfreindt, und wird ein Moͤnch auf St. Wichaels⸗

241 2069 1385 75 gerv unſers Ordens. Hernach wegen ſeinen Meriren von & Ortone

233 2094 162 93 2u einem

411 2122 1213 82 Drdͤlaten zu Prifling verordnet. Interim baueten ſeine Ge⸗

847 2181 146 64 Nn 2

1496 2169 133 79 ſchwi⸗

16 733 97 71 zbad

40 883 68 71 alet

69 937 31 68 e

30 1087 70 69 ieſ⸗

19 1494 68 67 ant

27 1581 71 71 urd

47 1691 34 61 z

34 1983 59 64 och

40 2131 57 62 oil
