1991 2551
821 238 56 76 8

977 238 122 78 ) 25

1586 239 60 64 85

235 296 1408 68 don Maͤrmel zu veraͤnderen. Da nun der alte abgebrochen wurde,

233 350 1413 69 ſeynd die Werck⸗Leurh auf ein hiltzerne Truhen kommen, ſo von dem

236 401 1411 70 damahligen Abbten Hieronymo dem Andern dis Nahmens eroͤffnet

236 454 1410 68 worden, deme der Zweiffel, was fuͤͤr ein Heiliger ſey, alſobald be⸗

236 504 1408 71 nommen war, durch ein bleyene Blatten, ſo unter dem Haupt des

238 554 950 93 Deiligen mit dieſer Schrifft geſunden worden.

338 668 1193 77 PRI. XL. NOV. WOLEEANGUS EPS. OB. 992.

796 738 301 83 Auf Teurſch:

287 817 1302 95 Den z1. Octob. iſt Wolrgangus Biſchoff geſtorben 901.

238 972 1412 83 halden der heilige Coͤrper mit moͤglichiſter Andacht, und Feyerlichkeit

368 921 1278 79 Ab dieſer Erfindung erfreute ſich das gante Land, wurde dero⸗

239 1024 1408 82 dieler Geiſt⸗ und Weltlichen in einer zinneren Sarch an voriges Orth

272 1079 1377 74 ogeſetzt, und dieſes Feſt mit 8.⸗ taͤgiger groſſer Andacht der Catho⸗

241 1126 1406 77 iſchen gehalten. Zu dieſer Translations⸗ Feſtivitaͤt ſeynd viel Bayri⸗

242 1176 1407 76 ſche Unterrhanen Proceßions⸗weis herein kommen. Anno 1622. hat

246 1224 1403 85 Dapſt Gregorins XV. obangezogenen Altar auf ewig alſo Pririlegiret,

248 1278 1398 88 as unſere Prieſter taͤglich koͤnten mit dem heiligen Meß⸗Opfer ein

241 1327 646 85 Seel aus dem Fegkeuer erloͤſen.

788 1448 294 119 Bu ſatz

297 1558 1274 117 Von Verehrung des H. Biſchoffen Wolfgang.

246 1679 1428 92 M ganten Piſtum Negenſpurg wird an den 2r. OLobris, das Feßt des tei.

338 1737 1314 75 ugrn WVolkgangi geſenerr. Dahero in dieſen Biſtum der von der Lirchen

242 1772 1407 88 am Dor⸗ Abend Aler Heiugen gebontene Faſt⸗Tag, an dem Tag, vor SWolt-

245 1802 74 78 zen

367 1821 442 65 Frnt gehalten mnß werden.

363 1857 1284 81 un dem Feni ſelbſten dieſes Heiligen Biſchoffs erſcheiner miuels angeſtelter H-

243 1893 1404 95 lennen Procellion, dey dem Grab S. oltgangi in unſerer Stifits⸗Kirchen,

243 1943 1406 86 der gante Tir Hechwaͤrdige Clerus des Hohen Domd⸗Cuffts, nebſt den V.

246 1986 1404 88 Clero Regnlarr, um dieſen großen Regenſpurgeriſchen hrilgen Biſchorſen zu verehren.

355 2039 1295 74 Dir Chur⸗Praͤlniſche Sradr Burglengſrid in Nordgan kommer auch vermoͤg

245 2074 1404 85 tuiners Grluͤbdo von 1615, altzeir nach verfloſſenen drryen Jahrrn am Pangnt⸗Mon⸗

256 2115 739 104 A n dit Brabß ant S Nvuirang arhtre

977 2179 12 55 .

1565 2182 88 71 Die

62 381 21 42 1.

29 425 63 46 ui1
