1566 2270
100 112 82 53 722

643 107 351 74 18 (0) Ebg-.

93 160 1372 82 Schluß dis Orths zwiſchen denen Intereſſuirten, Selvàͤ tamen ltis pen

90 213 535 79 dentiàͤ, vollzogen worden.

223 281 1243 99 In dieſem 1sgoſten Jahr hot gemeine Stadt allhie die zwiſden

89 345 1378 90 Dechberten, und Cloſter Driffling liegende Brunn⸗ Stuben wiede.

90 397 1375 83 zugericht, erweiteret, mehrere Fluͤß gefunden, derſelben einverleibt in

92 443 1370 87 die Stadt gefuͤhrt, und viel Haͤuſer darinn mit ſpringenden Woſſei

88 494 1370 82 verſehen, wie ſie dann auch zu mehrerer Zier und Nutzen der Stao.

89 543 1359 82 oberhalb des Doͤrffels Aumpffmuͤhl, Brunn⸗Ouell gefunden, An

88 592 1373 82 no 1669. und 70. in bleyen Canalen, mit ſehr groſſen Unkoſten heren

89 643 1365 77 gegen unſerem Cloſter geleitet, ſo vor mit gar ſchlechten Beſtand, u

87 691 1360 78 hiltzerne Teichlen oder Roͤhren, bey dem St. Peters⸗ Thor hat laul

92 735 1346 83 fen muͤfſen. Mit dieſem Waſſer wird verſehen der neu⸗ aufgeſet

87 784 1318 88 Roͤhr⸗Kaſten auf der Hayd, und wie gemeldt, gar viel Haͤuſer,

88 833 329 83 nehmer Durger.

218 914 1234 91 Ob zwar nun mein Geſchichts⸗Erzehlung ſich vorderiſt in⸗und

89 977 1357 77 gegen dieſer Stadt, bis auf den toͤdtlichen Hintritt oben gedacht me.

88 1024 1361 78 nes Hochgeehrt in GOtt ruhend liebſten Herꝛn Antecelloris Abbte.

95 1068 1312 83 Placidi ſeel. ereignet haben, zu ſetzen waͤren. Nachdeme aber dieſel

89 1117 1320 82 in publicis beſtehen, und unlaͤngſten geſchehen ſeyn, dahero noch

89 1167 1318 78 jedes Angedencken ruhen, maſſen unvergeſſen, welcher Geſtalten A

85 1215 1324 75 land Sr. Kayſerlichen Majeſtaͤt Ferdinandus Terrius, und dero.

89 1264 1335 75 Sohn, Ihr Koͤnigliche Majeſtaͤt Ferdinandus Ouartus beede Allerglt

90 1312 1311 75 wuͤrdig⸗ uud ſeeligiſten Angedenckens allhero auf den Reichs⸗&,

84 1360 1328 81 Anno 1652. kommen, (i) und von allhieſig gemeiner Stadt, mitt

84 1407 1335 82 einer anſehligen und ſchoͤn aufgerichten Triumph⸗Porten, auch in a

84 1456 1341 81 derer Weeg ruhmlich ſeyn eingehollet, unter gedacht waͤhrenden Reich

87 1501 1301 84 Tag Allerhoͤchſt ermeidt Se. Koͤnigliche Maſeſtaͤt zu Auaſpurg ꝛ.

90 1553 1295 78 nen Roͤmiſchen Koͤnig erwaͤhlet, und hinnach allhier im Domb g.

92 1604 1360 74 net, auch was bey ſo verſtandener Croͤnung, und den Reichs⸗ Das

88 1652 1249 80 hindurch palliret, und vordey gangen, als habe ich unnoͤthig er

1374 1649 75 56 tet,

89 1699 1214 94 ſo verſtanden, bekannt, und von anderen weitlaͤuffis und au

1371 1686 80 65 rlich

1302 1740 147 77 beſchrie

123 1911 1325 61 O In der Zeit dieſes Reichs⸗Tags tame Ferdinandus der Kayſer mit der Kapferin nacher Eh

151 1948 1126 83 dennno, und ſih⸗nctien der Hnagſf dadch en Vaeen vsdiies aulds A Rberer Eenchen
