1935 2499
939 211 384 68 623 (0) Làg-

404 205 134 65 262

536 267 1269 77 Otto wollte ſich gegen Heinrico in einen Krieg begeben, wurde

405 315 1403 79 aber Anno 1021. von ihm betrogen, indeme ihme lupplici das Land⸗

401 365 1402 82 aber nur den Schein nach wieder verſprochen, und dardurch erhieite,

402 417 1402 80 daß Orro ſein Volck abdanckte, und da er des Kayſers Worr trauete⸗

402 466 1395 83 wurde er gefangen geſetzt. GOtt aber hat deſſeiben z. Haupt⸗Fein⸗

400 516 1384 85 Eginonem, Giſonem, und Graf Adalberrum baldigeſtrafft Dieſer 02

401 566 1393 85 hat nach viel ausgeſtandener Verfolgung, jaͤhriger Gefaͤngnuß, un

401 621 1393 73 oͤffterer Leib⸗ und Lebens⸗Gefahr ſein Unſchuld und Gencroßitaͤt Hei

401 673 1383 78 rico vielmahl, aber ohne Frucht erwieſen, im Krieg ſich ritterlich s

402 719 1389 86 halten, groſſe Unbilden erlitten, das Land nemmen laſſen, bis er end

401 770 724 72 lich Anno 1082. glorios geſtorden.

536 820 1260 83 Anno 1072. erhielte Gebbardus, Ertz⸗ Biſchoff zu Ealtzbur.

401 867 1393 81 von Alerandro H, und Heinrico IV. das Biſtum zu Gurck aurzurnd

402 920 1369 83 ten. (o) Heinricus verfertigte ſein Diploma allhier zu Regenſpurs⸗

543 971 1248 86 Velpho gienge auf des Papſts Seythen, und ware dieſes maͤc

397 1024 1389 81 tigen Hertzogs Heyraths mit Machtilde zuwider. So wollte auche.

400 1077 1390 78 ne Ungnad gegen dem Hoch⸗ annehmlichen Hertzogen in Schwaben

400 1124 1382 81 Rudolpho, ſcheinbar werden. Noch mehr Anno 1075. gegen dene

401 1177 1361 73 Sachſen, die ihr Libertaͤt zu vindiciren, ſich gegen denen Koͤnigud

397 1223 1375 83 Enecutoren wehreten, und ſelbe aus den Land jagten. Erhrelten he

402 1275 1352 77 nach bey HHartenburg ein Victori, und brachten Heinricum in die Flui

398 1325 1321 82 Der machte ſich ſo odios, daß die Staͤnde ihme abzuſetzen, und

1732 1336 41 62 ei

400 1375 1346 85 dolphum anzunemmen gedachten. Er betroge hierauf mit Verſi

398 1429 1298 80 chung einer Emendation das Reich, und die maͤchtige Sachſen.

1718 1434 60 61 A2

397 1481 1306 76 no 1072. das folgende Jahr reſolvirte er ſich ſeinem in Ungarn

1719 1478 71 65 vonl

398 1527 1253 83 Koͤnigreich verſtoſſenen Schwager Falomoni HHulff zu leiſten.

398 1575 1318 88 ſammlete allhier ein Kriegs⸗Heer, ſo aber ſich dald minderte⸗

1744 1577 31 58 e

395 1627 1377 86 Reſt nur auf den Raub ſich begabe. Anno 10n6. aienge es abermal

398 1684 1302 76 wider die Sachſen, die in einem ſcharffen Gefecht uͤberwunden

1734 1727 52 65 Jl

394 1731 1292 82 den, die Vornehmſte gefangen, und ihre Guͤtter verſchenckt.

394 1777 1385 93 dieſen Jahr ſollte ſich Heinricus zu Rom bey den Dapſten Gregorro E

395 1839 1310 78 verantworten wegen ſeines Ubel⸗Verhaltens, er aber befliſſe alle

1722 1822 39 73 2

395 1879 1260 88 ſchoͤff auf ſein Seythen zu bringen, den Papſten abzuſetzen.

1661 1879 118 78 Kam

397 1929 1332 93 doch gen Rom Anno 1077. Nach groſſen Verſprechen wurd.

427 2143 909 78 O) Euhr Hanluiun. rom. I. dernana Saera. Pe. ns,
