2007 2562
324 210 68 68 28.

889 216 345 74 18 (0) kog-

483 266 1253 88 G) In ſelbigen Tagen hat der.H. Biſchoff mit groſſen Lendwe⸗

324 320 1408 87 ſen, und Betrauren aller Frommen ſein vorhabende Reiß ergrieffen,

323 371 1414 84 ſambt noch etlichen von der Prieſterſchafft, aus welchen er vor ande⸗

320 427 1416 78 ren zu Bezeugung ſeines weiſſagenden Geiſts Vollletum oder Wolftai-

318 472 1418 88 cum zu ſich erfordert, und vertrauet ihme (doch bey ſeinen Lebs⸗Zeiten

320 528 1416 78 es kemnen zu eroͤffnen,) daß man ihne wegen eines unwahrhafften be⸗

317 576 1416 83 zuͤchtigten Laſters durch mancherley Marter, und Peyn toͤdten wurde;

320 624 1415 89 er ſolle allen geiſtlichen, und geweyhten Menſchen ſein Unſchuld bedeu⸗

318 683 1418 77 ten, damit ſie nit ob diſen vermeynten Beyſpihl zum Abfall moͤchten

315 728 1418 84 gereitzt werden; er werde ein frembde Schuld mit ſeinem Leben buſ⸗

315 779 1418 89 ſen, die ihme zu begehen nemahlen in Sinn noch zu Hertzen kom⸗

314 841 115 54 men.

448 881 1284 86 (g) Unter diſem bollbrachte er eine dreytͤgige Reiß von Regen⸗

315 929 1418 90 ſpurg diß nach HHelffendorff, allda er bey einem friſchen Brunnenquell

313 980 1415 90 ſein Lager ſchluge, und die Stund des Kampffs mit Verwunderung

315 1030 842 87 ſeiner Juͤnger, und Gefaͤhrten erwartete.

724 1202 601 123 APUT V

530 1343 968 130 Von S. Emmerams Marter.

314 1471 1414 93 (a) TTTa kunte nun ihren Lrib nit mehr verbergen; wurde derent⸗

468 1558 21 51 2

519 1532 1209 82 wegen angeſtrengt dem Herrn Vatter den vermeſſenen Thaͤ⸗

518 1581 1208 77 ter zu offenbahren, darob ſie lang Scheuen getragen, einem

307 1628 1418 88 Unſchuldigen die Schuld zuzumeſſen, bezuͤchtiget endlich diſer That den

307 1676 1418 90 heiligen Biſchoff. Ab welcher Bekanntnuß maͤnniglich erſchrocken.

304 1729 1419 91 Der Herr Vatter gantz ergrimmet, haͤtte ſich an ſemner Tochter ver⸗

304 1780 1418 90 geſſen, und ſelbe entleibet, wo es nit waͤre verhutet worden: enterdet

303 1830 1419 94 ſie derentwegen, und muſte im Elend ihr Leben in Fralien zubringen⸗

301 1881 1418 114 und enden. Als ader Landderrus des Hertzogs Sohn ſemner Schwe⸗

1646 1954 82 99 ſter

318 2095 349 54 CH Pag. 97. cap. 2.

404 2133 227 56 lbid. c2p. 10.

328 2172 332 79 o)Eas 2 er. o.

1944 866 37 46 8e

1945 909 37 54 90

1937 949 34 61 ſi

1937 1003 54 65 un

1941 1111 23 43 1

1940 1201 34 54 w

1930 1298 34 65 2

1931 1355 60 65 ſtaͤ

1930 1403 61 68 ihn

1924 1454 74 68 ant

1925 1503 69 61 ſen

1925 1552 67 63 nit

1924 1599 77 70 ihm

1932 1652 25 68 E

1924 1713 71 50 gar

1924 1749 68 70 ſich

1925 1803 69 68 die

1920 1854 79 63 abe

1921 1908 73 64 ner

1921 1952 64 83 n.

1947 640 25 67 1

1945 694 29 60 1r
