1923 2446
742 179 74 72 18

869 184 186 70 2) Ets-

191 211 74 68 den.

1503 197 66 65 162

29 245 105 59 Romn⸗

300 224 1279 93 Ich lſe, daß er ſich bey dieſer Zuſammenkunfft auch beworben

192 278 1126 84 ſab um die Roͤmiſche Cron fuͤr ſeinen Sohn Rudolphen.

38 290 76 68 hoͤſt

39 342 80 62 Hall

305 330 1272 87 Der gzſte Biſchoff allhie war David Roͤlderer Thumb⸗De⸗

70 385 57 60 hat

194 379 1383 85 hant und Cuſtos, erwaͤhlt den S. Februar. Anno 1567. Ehe er con-

195 428 1378 84 amirt wurde, hat er muſſen zu Saltzburg Eramen Epilcoporum lu-

53 436 69 70 ſelb

202 478 1373 88 iniren, und Eidei Profellionem thun. Und uneracht er Kayſerliche

212 529 1361 89 Sorſchrifft haͤtte, kame dannoch von Pio V. die Conkirmation erſt

199 573 310 79 ach 2. Jahren.

300 630 1269 80 Es hatten vor dieſem die Biſchoͤff allhie gewiſſe Gerechtigkei⸗

192 663 68 69 en,

267 682 1301 80 ſo dem Reich zu Lehen ruͤhreten; nemlich das Probſt⸗Gericht,

201 729 1371 83 der wie mans nennete, Vogt⸗ oder Thumb⸗Gericht. Zu dieſem ge⸗

199 778 1370 88 orten alle Burgerliche⸗ und Straff⸗ HHaͤndel. Der Probſt⸗Richter,

63 788 44 64 un

210 816 31 59 e

32 853 42 61 ꝛut

254 832 1318 83 ſeine Alleſlores, waren aus der Burgerſchaſft genommen, wurden

212 879 1359 84 lohnt von denen Handwercken, und Zuden ꝛc. hielten das Gericht

63 943 29 58 n

222 930 1347 83 ter dem haitern Himmel, derſelbe hierzu gehoͤrige Galgen, oder

201 977 1370 84 sochgericht war auf der ſteinern Brucken. In dieſes Gericht aehoͤr⸗

207 1030 1364 82 ſ alle hie wohnende Unterthanen deren Biſchoͤffen: Regenſpurg, Saltz⸗

231 1080 1341 80 8⸗ Aichſtett, Freyſing, Bamberg, die Unterthanen von denen

224 1127 1340 89 hieſigen Cloͤſtern, Item Rohr, Paͤring, St. Mang, Prifling,

194 1179 1374 83 oruel. Die Unterthanen der Edlen Hoffer und Auer, die Innwoh⸗

199 1227 1369 92 aͤr z Kumyfmuͤhl und Preprun ꝛc. Ober⸗ und Untern Woͤrth: Item

203 1277 1154 85 ur die auf den Perlacher gen Augſpurg, zinßhafftig waren.

301 1334 1267 75 So hatten auch die HHertzogen in Bayrn, nachdeme ſchon Re⸗

191 1375 1375 87 enſpurg ein Reichs⸗Sradt worden, dannoch etliche Aembter, Recht

206 1418 35 57 d

265 1428 1300 80 Gerechtigkeiten ihnen vorbehalten; derentwillen offt Speen⸗ und

188 1470 1373 96 zwitracht zwiſchen dem Biſchoff und Hertzog Ludwigen ſich erhebten,

205 1524 1361 93 e ader Philippus Roͤmiſcher Koͤnig Anno 1205. und Anno 1213. ver⸗

187 1574 1378 94 ſichen (wie oben Cap. 22. auch ſchon angefuͤhrt worden) die Wort

58 1625 45 55 ꝛu.

203 1610 47 60 ai

258 1630 1304 84 ppi lauten unter andern alſo: Weil der Biſchoff von Regen⸗

47 1667 61 68 hal

183 1675 1382 92 durg mit dem Hertzogthum Bayrn vom Reich, Muͤntz, Zol, und

197 1728 1363 87 ſdere Recht gemein hat, deßwegen Zwiſpalt, und Verbitterung offt

70 1717 31 63 n1

197 1773 1360 94 irſtanden ꝛc. Nach dieſem Vertrag hat Ludwig Hertzog in Bayrn,

198 1820 1364 97 s obigen Nepos, und ein Vatter Kayſers ludorici Biſchoff Hein⸗

198 1867 1364 103 ſchen allbie ſolche Aembter, wegen reſtirender 150. Pfund Regenſpur⸗

183 1902 49 64 er

43 1914 57 65 dat

256 1925 1309 92 Lauffſchilling, von der Graffſchafft Rotteneck verſett. Alſo ha⸗

190 1958 53 64 en

259 1979 1301 86 ſich Anno 1279. die Biſchoͤffliche Aembter und Gericht vermehrt.

188 2020 1372 139 2o  2è. ho Miſcdonf lonn Rdaddie Rendier, bo don Ve

36 2017 68 98 pa

1465 2106 99 79 dem
