1566 2270
94 137 83 59 122

582 126 42 59 rr⸗

653 126 295 71 5 (0) 229

85 182 1375 65 wurde Spanien und Sardinien bemuͤßiget einen Stillſtand zu ma⸗

84 230 1370 72 chen. Mithin ware Fried, aber mit groſſen Verlurſt vor das Ert

87 278 377 70 Hauß Oeſterreich.

223 327 1235 72 Nach dieſen geendigten Krieg bekame Carl der VI. einen neue.

88 377 1368 70 Krieg wider den Tuͤrcken Anno 1727. Er erkennte ſich verbunden,

84 426 1373 69 vermoͤg einer alten Aliance mit Rußland, demſelben Huͤlff zu leiſten.

89 479 1367 65 Die erſte Campagne ware unglucklich. Der andere Felozug wart

85 525 1366 65 eben alſo deſchaffen. Die Turcken unter Anfuͤhrung des Bonneval.

87 576 1325 64 ſpielten uberall den Meiſter. In dem dritten Feldzug wurde das.

88 625 1331 66 gluͤck noch groͤſſer. Der Graff TIeupergz hatte von dem comman

83 673 1361 64 renden General, Graffen Wallis, den vollkommenen Gewalt FriedM

84 721 1360 65 machen, unter Vermittelung des Frantzoͤſiſchen Ambaſladeur, Mar

88 765 1345 71 quis de Ville-Neuve. Die Prwliminarien wurden im Lager den

85 817 1364 69 Septembris 1739. unterzeichnet. Vermoͤg dieſes Tractats muſte mai

85 865 1362 69 dem Tuͤrcken nach geſchleifften Werckern, die Veſtungen Belgrad un

85 915 1361 67 Sabacz einraumen. Item gantz Gerbien, und alles, was Oeſter

79 962 1362 72 reich in der Wallachie bißhero beſeſſen. Carl der VL. Roͤmiſcher Kal

83 1011 778 65 ſer muͤſte weichen und kunte nit anderſt.

219 1060 1224 72 Sein unvermutheter Todtfall veraͤnderte Anno 1720. gans Eu

80 1111 1368 68 ropam. Den 12. Octobris erkranckte der Kayſer: und nach zuneb

78 1156 1366 72 mender Lebens⸗Gefahr bereitete er ſich mit groſſen Vertrauen au

79 1206 1362 68 GOtt, und einer vollkommniſten Reſignation zu den Tod. Den To

76 1257 1362 64 vor ſeinen HHin⸗End erklaͤrte er, den alten und verdientiſten Feld⸗Mat

76 1302 1368 71 challen, Graffen Palfi, zum PALATINUM des Koͤnigreich Ungarns

78 1354 1358 67 Starbe den 20. Octobris Frhih nach 1. Uhr. Was nach den Todt d

78 1404 1350 67 ſes ſo maͤchtigen Kayſers ſich zugetragen; was fuͤr Krieg wegen di

79 1445 1367 75 Succeſtion in deſſen Erblanden hinnach gefuͤhret worden, iſt unnoͤthis

74 1499 1367 67 allhier umſtaͤndig etwas darvon zu melden, maſſen ſelbes theils nod

75 1547 1359 74 in friſchen Angedencken, theils auch in verſchiedenen Schrifften un

71 1592 551 66 Hiſtorien haͤuffig zu finden.

204 1639 1235 76 Carl Albrecht Churfuͤrſt und Hertzog in Bayrn, nach angetrel

71 1693 1372 71 tener Regierung tratte den Wieneriſchen Tractat bey, und unterzeich⸗

70 1742 1369 71 nete ſelben den 5. Septembris 1726. Zu Ende des 129ſten Fahrr

70 1792 1378 66 den 15. Decembris verbranne zu Muͤnchen ein Theil der Reſidenz,

70 1838 1373 72 welche Carl Albrrcht praͤchtig widerumen auferbauen laſſen. Anniͤ

73 1887 1374 70 1723. den 18. Decembris nahme er durch ſeine Plenipotentiarios vor

66 1935 1376 101 zw Nadſenliden Ehwon dit tehen. Anno 155t bekane er nag 2.

1311 1987 136 64 ſterber
