1935 2499
895 227 391 72 2228 (0) 22g-

369 229 94 66 202

363 281 1390 75 der, als ſich der von Hohenfels immittels heimlich in die Stadt g

365 333 1397 72 macht, und mit anderen, vom Biſchoff verordneten Conlpiranten,

368 383 1383 70 mit Wiſſen und Willen Abbten Ulrichs, ſich in unſerm Cloſter vet

368 433 1386 73 borgen, ſeynd ſie naͤchtlicher Weil dein Kayſer Conrad in ſein Schlatt

368 485 1382 74 Kammer gefallen, ſelben aufzureiben. Es vermerckte aber vorher

372 537 1378 72 Friderich von Euverhaimb dieſe Nachſtellung, batte den Kayſer.

368 587 1378 72 ſolle ſich verbergen, er aber legte ſich in des Kayſers Beth, und wul

366 638 1381 71 de darinn von denen ankommenden Moͤrderen in der Finſtere, nebe

363 690 1383 63 einem anderen Kammer⸗ Diener (einige w ollen 6.) nieder gemach

366 738 1377 71 Der Kayſer verzehrte die uͤbrige Zeit der Nacht mit Forcht, hielte de

365 788 1378 69 anderen Tags Recht, und erklaͤrte den Biſchoff, Abbten, und une

1701 827 54 65 de.

375 845 1304 65 gantzes Convent in die Aacht. Es wurde gleich alles Preyt

369 888 1381 72 ſilberne Altar (Hochrvardus ſchreibet, er ſeye von Golo geweſen

1693 932 55 59 lni

366 941 1323 61 und habe gewogen 67. Marck: ſolle ſelben temvore S. Heinrie;

1696 987 58 50 0c

370 994 1287 63 perar B. Ramvoldus haben machen laſſen) wurde zum Raub;

1679 1027 68 76 un

366 1044 1313 65 der beſten Bucher kamen hinweg; die Privilegia wurden caſliret,

1684 1084 59 64 pel

365 1092 1307 70 der Abbt entſetzk. Den Orrh, wo dieſe Mordrhat geſchehen,

363 1142 1369 70 ordnete der Kayſer zu einer Capellen der Mutter OOttes, und S. Me

1673 1182 64 66 wul

366 1195 1288 69 lao zu weyhen, mit einem taͤglichen Meß⸗Opfer. Der Biſchoff

365 1242 1322 68 de abge ſetzt, flohe in Boͤhmen. Conrad von Hohenſels lalviret

366 1292 1320 68 zwar mit der Flucht, und entgieng der Kayſerlichen Nachſtellung,

362 1345 1243 68 aber in GOttes Hand, und wurde vom Donner erſchlagen.

372 1395 1312 71 Hochrvarti Meynung, war dieſes aus Goͤttlichem Eyffer geſche

363 1446 1309 70 um Willen der Kayſer die Kirchen alſo delpectirte, und ſowol

362 1498 1274 70 Domb⸗ als St. Emmerams⸗ Kirchen zu Roßz⸗ Etaͤll machte-

366 1549 1306 68 mahligen Convents Entſchuldigung fande auch Platz bey dem Ka

363 1597 1312 70 dahero die Aacht aufgehebt, guter Theils abgenommener Guͤtte

1691 1631 31 61 2

361 1646 1305 69 ſtiruiret, die Privilegia von neuem conkirmiret, und Jederman

359 1695 1377 73 da in die Kayſerliche Gnad wieder aufgenommen worden, wie die no

362 1747 1010 68 vorhandene Brieff weiſen untern Dato 1251. (e,

495 1796 1185 75 Gleichwie es nun unſerm Cloſter uͤbel gangen, alſo hat aud

363 1852 1317 69 gantze Clerus wegen den Biſchoffen leyden muͤſſen, und nichr a

362 1899 1368 72 vom Kavſer, und ſeinem Comitat, ſonder auch von dem Magiſtrar us

363 1947 1334 81 Burgerſchant (welche der Biſchoff als Kayſerliche karoriten verre

1683 1981 56 57 te,

1869 424 42 66 ur

1868 631 32 53 .

1871 670 47 74 ꝛ

1873 727 27 57 ,

1871 876 37 66 ſei

1875 980 46 68 5o

1873 1125 38 67 5

391 2165 728 71 OO Vue Diplonn Conradi Ronenorum Rerir

1862 1267 38 65 i

1866 1435 21 40 1

1873 478 27 62 u

1879 773 28 65 8
