2007 2509
421 250 83 60 580

988 256 52 63 18

1209 256 71 67 Ebt

407 295 1397 92 te die Hemmung der freyen Wahl, (e) und einen ſremden Abbten,

407 352 1385 78 dahero ſie bey dem Haus Bayrn um Afliſtenz gebetten, und mit die

411 401 1381 85 ſer alle Gefahr abgewendet, wie dann gleich im ſelden Jahr der z2ſt

408 451 1385 92 Abbt Conradus Pebenhauſer erwaͤhlet worden. Der regierte s. Jahr,1.

412 504 1371 87 Monath, und 7. Taͤg, ſtarb Anno 1a65. Iſt vor St. Martin

407 551 1386 87 Altar (der aber 1822. abgebrunnen) begraben worden. Imperririe

408 599 1375 85 von Paulo II. Conſirmationem Bullœ ſoann. XXII. & omntum Priri

405 649 1370 95 legiorum Anno 1265. Deßgleichen beſtaͤttigt Kaoſer Friderich e.

405 702 1367 88 dem Anno auch alle unſere Privilegia. (d) Johann und Gigmund.

408 754 1338 92 Bayrn conbrmirten die ooll⸗Befreyung Anno 1582. und alle Pr.

408 805 205 66 legia. (e)

940 936 347 81 Incidentia.

490 1064 1277 87 Nno 1a50. ſuccedirte Friderico von Parſperg, Fridericus n

396 1109 1361 92 TA von Planckenfels, Decretorum Doctor, Cuſtos, und Canon

394 1165 1331 88 cus allhie, ein ſchoͤner, ſanffrmuͤthiger Herꝛ, langer Starur, den

394 1212 1322 92 colans V. confirmiret. Er begleitete Kayſer Friderichen nacher.

1740 1228 24 55 :

394 1264 1324 92 zur Croͤnung Anno 1252. Regierte 7. Fahr, und ſtard den 22.

391 1314 1302 86 Anno 1257. Es defande ſich zu Druͤel bey S. Viti-Kirchen ein

390 1363 1339 83 ſterl von Benedictineriſchen Nonnen, denen damahligen, in dem &

384 1412 1317 83 ſter Pruͤel wohnenden Religioſis Benedictinern einverleibet. Al

389 1466 1312 89 len aber dieſe in groͤßte Armuth gerathen, und das Ihrige ſel

389 1516 963 82 vonnoͤthen baͤtten, iſt ſelbiges auch abkommen.

521 1566 1191 91 Anno 1251. hat man den Brand in den Waitzen, uns

383 1609 1336 101 Rauppen oder Wuͤrm an denen Baͤumen in unſerem Landen gen

387 1661 950 84 worden. Vorher hat man davon nie gehoͤrt.

521 1713 1201 89 Anno 1252. hat aus Pabſts Nicolai V. Willen, Nicolsul

386 1757 1365 92 Petri ad Vinenla Cardinalis & Sedis Apoſtolicz Legarus ad viſitan

386 1809 1360 90 dum Monaſteriurn noltrum allhero geſchickt, Martinum Scotoro

393 1863 1283 88 Vienne, & Lanrentium Mariæ-Celle Monaſteriorum Abbates,

1690 1873 61 54 rut

1642 1916 112 71 ſoannt

1917 327 83 68 ſoan

1921 384 38 50 12

1924 439 69 57 omnt

1917 521 83 74 Ho-

1920 579 67 60 and

1914 621 83 73 ſend,

1914 681 60 52 als

1923 720 56 70 Oi

1920 772 77 72 ſt zi

1912 826 68 77 des

1917 925 70 64 nar

1914 975 81 66 mele

1912 1020 67 70 bar

1914 1069 59 69 dis

1920 1165 59 79 5i,

1916 1269 58 70 uſts

1912 1315 68 70 un⸗

1909 1366 54 62 m⸗

1914 1421 52 55 uus

1909 1462 56 64 u;

1914 1515 62 68 der

1914 1566 44 62 er

1912 1609 58 73 ah

1914 1661 70 72 anr

1912 1710 43 63 ꝛe

1912 1756 69 67 anr

1910 1860 45 59 de

1898 1952 67 66 her

1907 2003 74 68 ind

415 2071 936 102 c) wdun Hertongu v Haͤnuhen Lard mnd Detuctt orkertn,

429 2118 417 62 a) Vide lirterar Erideriei⸗

412 2164 415 73 (o) Originlin in Arehiro.
