1571 2270
644 107 118 64 .185

811 105 217 70 0) Lhg-

1438 95 74 55 S15

140 142 1375 92 Prakectus Congregationis Indicis &c. den 2. Octobris allbero nach

155 196 1356 85 S. Emmeram gekommen, und biß auf den 1. diß ſich allda aufgehalten.

148 248 1361 78 Die Gelegenheit und Urſach ſolcher Allberokunfft ware dieſe. Seine

147 295 1360 78 Eminence hatten die Gnad, und Correſpondirten mit mir von einigen

143 343 1361 78 Jahren durch Brief⸗ wechslung: und da dieſelbe kurtz zuvor, von ihren

143 394 1364 78 Biſtum Breſcia (ſo an denen Graͤnitzen Tprols entlegen) nacher

138 440 1367 78 Rempten zu Einweyhung der Stiffts⸗ Kirchen, (welche Titl. Fitl-

136 489 1368 77 der Fuͤrſt allda mit Erlaubnuß Benedicti XIV. ſelbſten conſecriret,

135 535 1369 81 worzu Se. Eminence von Titl. Titl. Herrn Fuͤrſten zu Kempten ein⸗

132 581 1370 83 geladen worden,) heraus gereiſet. Als habe ich mich unterfangen

135 628 1364 83 bochgedachte Se. Eminence, (deſſen Gedenckens⸗ Art mir wohlbe⸗

135 677 1364 84 kannt ware,) durch ein Schreiben nach S. Emmeram einzula⸗

132 726 1363 84 ven, wohl wiſſend, daß hoch Dieſelbe dieſe meine kecke Einla⸗

131 775 1364 82 Dung nicht ubel deuten wurden. Se. Eminence, welche diejenige

131 820 1361 82 Zeit (unter welcher Verflieſſung, einem Biſchoffen, ohne Verletzung der

127 867 1364 86 Kirchen⸗Geſaͤtz von ſeinen Biſtum abweſend zu ſeyn, erlaubet iſt,)

123 913 1368 84 aus gewiſſen nutzlichen Abſichten mit Reiſen zuzubringen pflegte, nah⸗

126 966 1361 81 me die von mir gemachte Einladung an, und kame uber Insbrugg,

122 1015 1366 84 und durch einige, auf den Wege ſeiner March-Route, gelegene Cloͤ⸗

122 1056 1364 92 ſter, Cegernſee, Benedicrbeyern, Eberſperg, TVeyh⸗Srephan,

121 1104 1366 90 Landehut, Mallerſtorff, den 2. Octobris nach S. Emmeram, allwo

118 1148 1363 99 dieſelbe, nach Moͤgligkeit mit groͤſten Freuden, und ſchuldigiſter Ehr⸗

118 1199 1367 94 Bezeugung empfangen worden. Se. Reiß verrichtete Ihro Eminence

118 1248 1364 88 zu Pferd, mit einem Abbate, Cammerdiener, und drey Livrèe⸗Be⸗

116 1292 1366 97 dienten gleichfalls zu Pferd. Ich fuhre demſelben biß nach Koͤffringen

113 1343 1368 92 entgegen, und kamen alsdan in meinen Waagen miteinader nach Hauß.

118 1397 1360 86 Titl. Titl. Herr Cardinal wollte keine Seiner hohen Wuͤrde geziemende

113 1438 1364 90 Ceremonien, oder aufſerordentliche Empfahungs⸗ Solennitœten nicht

112 1484 1364 101 geſtatten. Er laſe taͤglich in aller Fruhe die HHeil. Meß, unterhielte

118 1539 1358 92 ſich mit Buͤchern, Diſcuriren, Durchgehung deren Manuſcripten, ware

109 1583 1361 93 bey denen Diſputationibus, ſo er Scriptura S, Theologia, und Phi-

111 1631 1364 91 loſophia bey uns gehalten worden, zugegen Speiſete mit uns in dem

112 1686 1359 89 Refectorio, beſahe die Antiquitzten, ꝛc. ꝛc. Die hohe Geiſtlichkeit

109 1732 1354 92 zu Regenſpurg erzeugten Se. Eminence ihren Reſpect, und Aufwar⸗

107 1779 1358 97 tung, ꝛc. und nachdem ſelbe biß auf den 7. Octobris bey S. Emmeram

108 1834 1354 91 verblieben, haben ſie ihren Ruckweegg uͤber Weltenburg, Geißenfelo,

112 1882 1346 104 Jogolſtadr, Angſpurg⸗ Mlingen, WVeſſodrunn ꝛc Znotrgg.

1328 1919 137 60 Frient
