1991 2551
798 266 69 72 13

879 266 244 76 0) Ehz-

1548 282 91 62 E1,

233 311 1410 91 woider die Hunnen hertzhaffuig und ſtarckmuͤrhig beſchlitt, wordurch er in

235 369 1404 80 der That mit ſeinen Tugenden erſetzt, was ihme das Gluͤck in der Ge⸗

233 422 1406 75 burt nit vergonnet hat: Maſſen dann er ihne auch, da Carolomannus

232 467 1405 84 ſein Herr Vatter von diſem Leben abgeſchieden, zum Koͤnig in Bayrn

229 520 1407 75 gemacht; Diſes verwaltete er mit ſonderlichen Witz und Verſtand, wa⸗

242 572 1391 77 e alſo gutwillig gegen den Fleiſſigen, freygebig in Belohnung der Tu⸗

229 623 1404 79 genden, ſtreng in Abſtraffung der Laſter, daß ſich jedermann uͤber ihne

246 674 1386 78 erwunderte, und Lieb zu ihm gewonnen: Dahero geſchehen, als mehr

233 722 1402 74 ledachter Carolus der Dicke aus Verhaͤngnuß GOttes (wie oben im

238 775 1394 78 echſten Capitel zu ſehen) vom Reich verſtoſſen worden, iſt Arnolphus

232 810 68 65 mit

313 830 1316 69 einhelliger Stimm der Wahl⸗ HHerren, worzu Luitgarda, oder.

233 857 69 65 wie

310 881 1319 72 ſie andere nennen Hilgarda Caroli Schweſter geholffen, zum Roͤ⸗

243 928 1382 76 nͤchen Kayſer erwaͤhlt worden. In dieſer hochen Wuͤrde leß Arnol-

229 959 87 68 phu.

338 980 1294 78 ihme nichts mehrers angelegen ſeyn, als aller Orten Frieden zu

235 1026 1392 82 ufften. Dahero nachdeme in Franckreich ein Unruhe entſtunde, hat

294 1079 1331 77 uſobald ſelbe zu ſtillen geeylet, und zu Erhaltung der Einigkeit,

229 1128 1397 79 deil Carolus ein hinterlaſſener Sohn Koͤnigen Ludwigs und Adelhai⸗

232 1152 54 68 dis

304 1184 1321 70 noch jung und minder⸗ jaͤhrig war, Orronem zu einen Verwal⸗

224 1207 56 64 ter

299 1234 1324 79 des Reichs deſtellet, wie oden am 9. Capitel mit mehreren Anre⸗

222 1264 299 88 zuns geſchehen.

347 1335 1275 76 Als Arnolphus zuruck aus Franckreich kommen, hat Berenga-

225 1380 1395 85 rus in Italien Unruhe angefangen, demnach er aber vernommen, daß

226 1427 1393 82 Arnolyhus im Anzug ware ihme zu demmen, iſt er geſchwind zum

224 1471 1396 93 Lreutz krochen, und dardurch erhalten, daß ihne Arnolghus zu einem

228 1522 821 78 Verwalter in Italien gemacht Anno 889.

341 1575 1277 90 Suatedogus, oder wie ihn andere nennen, Ventibaldus, Koͤ⸗

233 1625 1385 92 ig in Maͤhren kunte auch nicht ruhig ſeyn: Arnolghus haͤtte ihn gern

219 1676 1400 89 Leſchwind darzu gebracht, es habens aber die Daͤnnen, und Nord⸗

215 1727 1401 94 nanner verhinderet, die mit einem groſſen Kriegs⸗HHeer gantz Rider⸗

212 1777 1403 95 zund uderuogen, und groſſen Schaden allbereit des Kavſers ihnen ent⸗

212 1808 109 64 Legen

350 1839 1265 78 eſchickten Voͤlckeren gethan, aus denen ſie viel Obriſte und

215 1866 149 71 gemeine

385 1893 1228 72 Knecht erſchlagen, alſo daß Arnolph andere hat muͤſſen wi⸗

221 1927 1385 96 eer Suatedogum befehlen, und ſelbſten wider die Nordmaͤnner ein Zug

215 1954 105 79 chun,

341 1989 1274 82 welche er bey dem Fluß Thibia angetroffen, und deren in einer

221 2002 100 71 Feld.

343 2040 1270 80 Schlacht nicht weit von Loren Anno 891. (wie Aventinus

219 2083 1390 91 Mreidt,) in die neuntzig tauſend, ainige wollen rococo. erleger, auch

215 2130 1395 102 wern der Feind Obriſten Sigelridvm, und Godekridum gefangen de⸗

908 2205 69 85 9.

1494 2210 112 64 kom⸗

45 395 27 40 ),

51 535 19 48 1i
