1571 2270
664 118 32 53 ꝛ.

719 105 328 74 28 (0) Ebg-

1438 100 83 53 617

292 148 1228 85 Eben dieſen 21. Septembris in der Nacht kamen allhero ſam⸗

155 200 1357 82 mentliche Seiner Koͤniglichen Majeſtaͤt, Titl. Titl. Hoff⸗ Dames,

148 249 1366 83 unter Aufſicht der zu dieſer Reis verordneten Titl. Hoff⸗Meiſterin,

153 297 1359 80 Titl. Ercellence Frau Graͤfin von Koͤnigl, welche wegen Mangel de⸗

147 348 1363 80 ren Poſt⸗ Pferden den 25. Septembris in unſeren Stifft verblieben⸗

146 395 1361 90 und den 28, nach angehoͤrter heiliger Meß ihre Reis continuiret ha⸗

145 462 93 71 den.

272 488 1238 82 Den 1. Octobris als am Feſt S. Franciſci, wurde Francileus

140 535 1366 85 L. als Roͤmiſcher Kayſer zu Franckfurth gecroͤnet. Ein HHochwuͤrdiges

140 583 1366 84 DOomb⸗Capitul hielte wegen Erwaͤhlung Franciſci L. Roͤmiſchen Kay⸗

141 633 1363 80 ſers den 17. Octobris an einen Sonntag, nach vorher⸗gehenter Pre⸗

140 681 1361 85 dig, ein ſolennes Hoch⸗ Amt, und Te Drvo Laudamus. Indeme

137 730 1363 83 ich den a. Octobris, als am hochen Nahmens⸗Lag des Roͤmiſchen

136 778 1360 82 Kanſers, ein ſolennes HHoch⸗ Amt und Te OLum We. ſchon celebriret

133 823 1359 90 hatte, wurde kein andere Solennitaͤt in unſeren Stifft mehr ge⸗

135 897 150 67 halten.

259 914 1235 89 Die Reichs⸗Stadt Regenſpurg, und geſamte Innwohner, in

128 962 1362 89 fuͤſſeſter Hoffnung, daß Seine Kayſerliche Majeſtaͤt bey Dero Zuruck⸗

128 1012 1362 91 Reis von Franckfurth uͤber Regenſpurg gehen wurden, und ſie alſo ih⸗

129 1059 1359 88 re allerunterthaͤnigiſte Aufwartung machen kunten, verordneten alle moͤg⸗

126 1108 1357 92 liche Anſtalten, durch Errichtung einer herrlichen Chren⸗ Porten bey

123 1155 1362 92 den Wein⸗Thor, und andere Verfuͤgungen Seine Majeſtaͤt zu em⸗

122 1199 1358 94 pfangen. Allein den 22. Octobris Frub zwiſchen 7. und 8. Uhr fuh⸗

119 1245 1361 99 ren beede Allerhoͤchſte Kayferliche Majeſtaͤtten, Franciſcus und The-

119 1293 1361 94 relia auf Dero Leib⸗Schif bey der ſo genannten Woͤhr auf der Do⸗

117 1344 1361 92 nau, Bayriſcher Seythen vorbey, da indeſſen die Herren Stadt⸗

117 1394 1363 89 Cammerer, und Stadts⸗Deputirte an gehoͤrigen Orthen, nebſt der

116 1443 1357 98 an verſchiedenen Plaͤtzen beorderten Burgerſchafft, und Stadt⸗Reut⸗

116 1485 1359 102 terey, auch Soldateſca, die Ankunfft Seiner Majeſtaͤt mit voller Be⸗

116 1533 1357 103 gierd erwarteten. Geine Churfuͤrſtliche Durchlaͤucht aus Bayrn, ſo

116 1582 1355 104 in der Naͤhe ſich aufhielten, kamen mittels Dero Schiffs bey Mo⸗

113 1635 1357 100 tzing, unweit Pfaͤtter, zu den Leib⸗ Schiff Ihro Majeſtaͤtten ꝛc. und

113 1684 1357 96 ſtiegen aus ihrem Schiff in das Schiff des Kayſers, um allda beeden

116 1732 1345 95 Hoͤchſten Maſjeſtaͤtren die Gratulation abzuſtatten ꝛc. blieben eine Zeit⸗

111 1786 1118 98 lang auf dem Schiff, und giengen alsdann wieder zuruck.

244 1829 1221 101 Noch ſelbigen Tag (den 22 Octobris) Abends um 6. Uhr, ka⸗

116 1880 1341 115 men Ihro Hoheit die Durcht Fuͤrſtin Charlotta Herꝛogin von kothein⸗

724 1947 176 77 Ohhh2

1359 1928 97 64 gen,
