1940 2440
944 168 375 85 228 (0) EN-

409 226 1323 73 GOtt ſeine Gnad niemanden aus ſeinen Anvertranten entziehe,

1735 233 53 58 ha

409 280 1376 72 er abſonderlich cavirt, mit ſchoͤnen GOttes⸗Dienſten, und Haltun

413 329 1369 74 guter Dilciplin, und Cloſter⸗ Zucht. In ſeiner Converlation war.

1845 310 48 50 ze

413 380 1325 74 ſo angenehm, daß ihme nir allein vornehme Leuth, ſondern auc

1845 351 59 71 Auj

410 432 1337 73 HHertzogen aus Bayrn, ja Koͤnig Ferdinandus ſelbſt gern anhoͤre

1843 408 61 56 und

405 474 1360 81 Anno 1550. deſtaͤttigte Hertzog Albrecht alle Privilegien, deren B.

1845 463 63 57 alt

403 527 1335 74 riſchen HHertzogen. (d) Er hat viel nutzliche Gebaͤu gefuͤhrt &

402 578 1340 79 mehrte des Cloſters Einkommen, uneracht wegen des Fuͤrcken⸗Kri

1841 555 66 67 and

402 633 1329 71 und andern gemeinen Oblagen er uͤber z0cco. fl. ſpendirn m

1864 610 62 63 12

402 683 1311 74 Die Prob beſtehet ſpecialirer mit der naͤchſt dieſer Stadt im

1850 668 34 46 0

402 734 1318 73 Gericht Haydau ligender Hoffmarck Ober⸗ſßling, welche dieſer

1849 702 28 63 e

399 778 1340 76 tiche Vorſteher Anno 1526. von Weyland .Herrn Zannß Chriſtor

1870 764 51 69 eh

399 832 1351 76 von Pfeffenhauſen, Urſula ein gebohrner von Hembſtari ſein ehelu

397 877 1351 80 Haußfrauen erkaufft. Er ware nachbarlich mit der Stadt Reg

399 932 1321 75 ſpurg, denen er gegen Revers verſtartete auf des Cloſters Grune

397 978 1286 80 Boden ein Brunnſtuben zwiſchen DDechbetten und dem Cloſter

1853 948 49 74 de

394 1032 1339 76 ling zu bauen und das Waſſer in die Stadt zu fuͤhren, ſoͤ geſche

1846 1004 81 73 8Di

394 1080 1315 81 den 12. Septembr. Anno 1750. Regierte 20. Jahr, 10. Mot

398 1129 1242 77 ſtarb den 9. Mertzen 1561. (e)..

1843 1088 48 76 ur

1122 1190 46 62 7.

1836 1202 83 102 Ms

733 1325 851 78 u . ...

930 1260 733 96 Incidentia

492 1378 1212 95 no 1157. iſt fuͤr die arme gebrechliche Leurh ein HHauß ber

390 1442 1326 114 EA Lronbardg Kirchen gedaut worden, ſo nan das Blantere.

385 1484 177 102 venner

1855 1450 51 70 oͤn

521 1527 1184 98 Es ſtunde ein Hauß zwiſchen den Marck⸗Thurn und Rarl-.

1858 1504 65 68 zter

383 1583 1291 95 einem Burger Bruehl mit Nahmen, gehoͤrig. Ein Ehrſamer

1851 1558 55 63 zer

1843 1604 60 67 ac

386 1638 1285 86 kauffte ſelbiges, und richtet dahin das Bau⸗Vormund⸗ und

1853 1655 68 61 tn

385 1689 1317 107 ten⸗ Amoͤt angeſtellt, mit einem von mern, zwepen von dem aͤut

1854 1706 43 56 urt

385 1740 864 111 Racd, vnd zwerep von der Henen deſeee.

1841 1754 54 59 no

1648 1794 110 106 ote

1839 1793 60 72 der

1835 1889 62 65 ſche

424 1956 419 70 (a) Originare in Arenoo.

1835 1942 69 71 gro

421 2006 1310 73 (e) Ardi Eralmus detamne 15 ꝛr. de Paͤrſtache Erlannuß mit ſemen Fanchen m Reſces,

448 2046 1271 98 EEnz n Mhun Dd d 1) M 2 mot Boutrznn. a. dn En

447 2083 144 61 erſtrecktt.
