1978 2546
349 229 95 56 110

848 239 26 59 .

911 237 281 81 1 (00 29

475 285 1287 146 Es hangt noch ein anders Epiuerbion bey dieſen Grab, bat

345 349 310 78 folgende Vers.

391 439 859 95 Contegor boe tumulo ſoboles Aurelia Regum

459 503 831 98 Gallia quam gennit, nune tenet Ibripolis

386 565 922 102 Hue profaga adveni, ſagienr Connereia ſponßt

462 636 824 83 Servarem, ut caſtum, Chriſte, cubile tibi

382 688 998 97 Preſtitit bine Eamvoldus opem, dum vita manebat,

452 752 780 83 Ut pia libarem, tbura precesque DEO.

383 810 843 83 Vin tempur vite? nſa fui vitalibus auris,

457 871 844 83 Luſtra decem, bis annos inſuper adde duos

376 917 934 108 ne erſpelto tuun diſtrictun, cbriſte, tribunal,

455 994 757 90 A dertris ſedem tune dabis inter oves.

466 1089 1282 97 Von dieſen heruntenliegenden Heydniſchen Stein thut Aventi⸗

322 1145 1428 91 nus in der teutſchen Edirion zu Franckfurt de 158c. lib. fol. 162. was

322 1199 1426 85 meiden, und ſchreiben, als wann ein ThumbeHerr ein andern Stein

324 1247 1423 88 vben darauf haͤtte ſetzen laſſen, und vermeynt, es lege allda ein alr⸗

325 1301 1420 80 heilige Jungfrau Aurelia genannt, da doch allda zwo HHeydniſche

326 1349 1417 88 Frauen, ſo deede Aurelie geheiſſen, ſein Aventini Vorſchreiben nach⸗

322 1405 1419 77 ligen. Nun iſt forderiſt gedachten Aventini maledicentia in clerum

321 1455 1422 85 nora, und aus ſeinen Buͤchern bekannt, wo derſelbe denen Geiſtliches

318 1506 1423 83 was ſchimpfliches anzuhaͤngen leichte Gelegenheit gehabt, er ſolches nit

316 1557 1422 80 unterlaſſen, naͤchſt deme hat gedachter Aventinus obiges, ſo in ſeiner

315 1602 1419 88 teurſchen Edirion bey gedachten Heydniſchen Stein angeruckt, in ſei⸗

316 1653 1420 85 nen Lateiniſchen Druck nit eingebracht, welchen Stein er doch auch

311 1705 1426 87 nb. 2. fol. 112. beſchrieben, daß alſo ein anderer ſein Gefallen nach⸗

315 1762 1415 82 ſolchen unwahrhafften Anhang mag beygeſetzt haben, bevorab, und

315 1814 1416 78 weilen Dr. Nicolaus Cilner nit allein in dem Litul und Fronriſpicio

319 1862 1412 85 gedachter Franckfurtiſchen teutſchen edition de 1580. bekennt, daß⸗

315 1915 1415 83 weilen ein groſſer Theil des Aventini teutſch geſchriebenen Wercks ver⸗

314 1971 1423 72 legt geweſen, er ſolches in Druck gefertiget, und wie derſelbe ſol. -

314 2021 1413 75 ſeiner Vorr.d angezeigt, allerley Zuſaͤtz und Erklaͤrungen gemacht ha⸗

311 2069 1417 76 be. Dergleichen Zuſatz mag auch dieſes Orrhs beſchehen ſeyn, in ſon⸗

309 2120 1414 86 derbahrer weiterer Erwegung, das jeniges, ſo oben vom Leben B. Aore-

1653 2174 71 65 liz
