1934 2551
29 289 108 86 Huͤlt

744 245 47 63 r.

903 239 234 77 0) Liͤt-

1568 243 86 65 20,

246 293 1407 89 ſhn in unſer Cloſter, allwo er auch ſein Leben beſchloſſen, und begra⸗

249 342 306 80 den worden. (r

367 403 1289 76 Zrventibald vergaß bald ſein Verſprechen, relolviret Anno

255 453 1399 74 71. abermahl einen Zug wider Koͤnig Ludwigen, thaͤte groſſen Scha⸗

252 505 1401 74 en unter denen Bayrn, alſo daß Embrico allhie ſich kaum lalviren

248 539 112 76 kunte.

391 558 1262 74 Freyere gleich des Hertzogs in Boͤhmen Tochter, wurde aber

306 609 1348 69 Heimfuͤhren von denen Francken und Bayrn verkundſchafftet, ſamt

249 657 1405 75 ſemnen Hochzeit⸗Leuthen uderfallen, alles Gewehr, Waffen, und

258 710 1399 76 Sochzeulicher Kleinodien, ſamt der Braut deraubet, und kam alles,

249 742 65 72 nit

316 763 849 73 groſſen Lriumph allhero gen Regenſpurg.

255 863 1405 76 adero von Conſtantinopel des Griechiſchen Kavſers Baliltii anlehentli⸗

367 814 1287 71 Anno 872, um das Feſt trium Regum kam zu Koͤnig Ludvvig

328 916 1330 74 Hottſchafft. Carolomannus zog ihnen entgegen: empfiengs zu

270 967 1384 73 daltzburg, fuͤhrts allhero: ſie drachten dem Koͤnig groß Gut, nem⸗

258 996 56 64 ich

328 1023 1328 66 un groß Stuck vom heiligen Creutz, viel andere Heylrhumer,

252 1044 69 71 und

328 1071 1329 69 einen groſſen Carfunckel⸗Stein, ſtiffteten mit denen Teurſchen,

262 1116 1144 77 de vor Alters, einen ewigen Frieden und Bundnuk. (s,

263 1213 529 83 urden in Eiſen geſchlagen.

370 1172 1291 76 Anno 873. erwiſcht man allhie Boͤhmiſche Kundſchaffter, die

259 1322 1404 76 Acell. meldet von dem 872. Jahr, und ſetzt hinzu ein ſolche Duͤrre

370 1275 1293 74 Dieſes Jahr war auch ein groſſe Theurung und HHungers⸗Noth.

334 1373 1333 71 Erden, daß faſt alle Fluß austruͤckneten. Groſſe Heuſchrecken

265 1420 1393 72 Een in Heers⸗ Krafft in das Land herein, verderdeten alles, wo ſie

277 1451 33 66 t

328 1475 1335 69 ſieder lieſſen in einen Tag, und zwar aller Orthen in Teutſch⸗

258 1498 73 73 and

262 1550 52 65 mne

375 1523 1288 77 Franckreich, und Italien; detzwegen wurden viel Bett⸗Taͤg

341 1577 1322 76 Droceßionen angeſtellet. Es trugs zwar endlich ein Oſt⸗Wind

256 1602 99 71 n Nie

367 1632 1299 72 sffene See, wurden aber wieder ausgeworffen, und verurſach⸗

260 1645 51 71 en

327 1679 1340 81 in wich Geſtanck, daß ein Eterb erfolgte, der den dritten Theil

255 1694 55 71 ꝛ0

328 1726 502 80 Nenſchen hinweg namm.

375 1780 1292 80 Koͤnig Ludrvig ein ſchoͤner ſtarcker Herꝛ, grad vom Leib, maͤſ⸗

269 1808 85 79 s ir

374 1839 1292 74 ſſen und Trincken, ſtandhafftig in Widerwaͤrrigkeiten, ver⸗

978 1900 129 61 Ec 2

1505 1890 159 68 ſtaͤndig

34 413 87 81 chick

19 473 108 58 oman-

68 521 55 65 er

93 568 27 65 )

79 626 41 55 zu

60 678 49 63 e.

68 776 49 58 11

32 820 94 78 groß⸗

43 881 80 61 ren,

75 924 55 63 un

24 977 90 73 das

51 1027 68 77 gzrol

58 1234 58 64 pt.

65 1286 54 71 He.

56 1646 70 74 zach

290 2039 1374 86 O Euhe LEeeurdum tom. H. Frꝛacir Orienr. vag. 5co. Ano e ven duſer Hiſtorte Raniee.

311 2088 1352 84 Her Rantirlai en Annalidur Faldenlidus ſchrendet. Ader ar lagt nure tas Raltices in ein

309 2110 105 64 Cloſter

425 2130 244 63 geſperra worder.

284 2175 826 106 ) Enh Lreꝛà eon E. Tnneir Orient. Pꝛc 1.2.
