1923 2446
32 239 109 53 gium

28 279 99 60 tholi

25 323 105 71 ꝛ. Bi⸗

21 377 117 65 zween

24 426 105 61 n dat

16 474 118 62 ten an

65 527 58 57 nen

81 572 42 61 Ft

85 619 44 113 ,

752 173 356 72 2 (0) Etg-

1550 186 19 61 2

232 278 1390 71 len inner z. Monath nach Hauß beruffen werden, oder in Schulen

349 228 1277 72 7. Der Unterthanen Kinder, ſo zu Waͤrtenberg Audiren, ſol⸗

233 326 1385 78 zeſchickt, die von der Lutheriſchen Lehr rein ſeynd. Die ſolches nit

241 379 1128 70 zun, ſollen ihrer Beneficien beraubt und enthebt werden.

233 485 1384 85 aan kein Beneſicium Eccleſiaſticum, oder Geiſtliche Pfriend verley⸗

345 438 1272 78 2. DDenen die kuͤnfftig zu Wuͤrtenberg Audiren werden, ſon

233 539 1169 73 zen, noch in andern Catholiſchen Eymnalien dociren laſſen.

239 612 43 86 a

346 603 1264 72 9. Wann ein Fuͤrſt einem ſo Ungehorſamen ſein kand verbiet,

300 656 1315 92 on niemand anderer aufnrhmen⸗ ſonderu auch ſein Land ver⸗

228 682 114 108 nnen

232 809 1387 78 tmands Unterthanen, oder Aufruhr entſtehen, ſo ſollen andere ihme

341 736 1278 101 ro und endlich ſole wider disſes Decretr ain Ungelegenheſt von

282 861 1339 75 Huͤlff kommen, und alſo einander helffen, doch ſollen dieſe Pacta

241 914 1378 69 aderen Vorgehenden nicht prœjudiciren. Ehe aber dieſe vor erzehl⸗

267 959 1355 79 Luſammenkunfft geſchehen, wurde die gantze Burgerſchafft auf das

244 1013 1377 70 uath⸗Haus citiret, denen man ernſtlich vorgehalten, ermahnet und.

236 1058 1390 90 wwahrnet ſich wegen ſtrittiger Religion ſtil zu halten, und zu keiner

241 1106 475 80 ufruhr Anlas zu geben.

235 1224 1387 80 der alle Waſſer⸗Thor geſtiegen, und man auf der hiltzenen Brucken

345 1179 1277 71 Im Jannario war die Donan ſo groß, daß ſelbe eines Manns hoch

251 1271 686 75 cht hat Waſſer koͤnnen ſchoͤpffen.

346 1327 1278 71 In dieſem Jahr iſt die Ordnung gemacht worden, das Quas

245 1372 1379 76 mberlich, das Cammer⸗Amt ſich enden ſolle, und ein anderer anſte⸗

232 1403 72 76 un.

338 1422 804 74 Vorhero regierte einer das gantze Fahr.

345 1473 1277 76 Die Lutheriſche Lehr wurtzte ſchon in vieler Burger Hertzen ein.

267 1521 1361 79 en 22. Martii, Dominica Paſſionis, als Doctor Auguſtin Maria

288 1572 1336 81 Domb predigte, haben ihme etliche Burger eingeſchrien. Es ent⸗

236 1623 1392 79 aunde deßwegen ein groſſer Tumult: die Anfaͤnger wurden zwar ein⸗

284 1680 1345 68 gen, und aus der Stadt geſchafft, ſeynd aber nach r2. Wochen

244 1727 1385 73 Eeder eingelaſſen worden, und haben viel Vaͤſſer Lutheriſche Buͤcher

284 1776 1342 73 gedracht. Etliche Vornehme lapplicirten den Rath, Montag nach

240 1818 1386 87 ranciſei, um einen Lntheriſchen Drediger, erhielten aber dermahlen

243 1867 848 81 achts, bediennten ſich alſo ſolcher Buͤcher.

353 1925 1275 76 Kein Fuͤrſt tragte groͤſſere Sorg fuͤr ſein Land und Unterctha⸗

235 1945 85 77 aen

347 1982 1281 67 damit die nene Lehr niemand annehme, als die zween HHertzo⸗

236 2020 1392 95 rcn aus Hayrn Euhelm und Ludwig; dahero, da all andere umligen⸗

937 2094 150 88 Eet.

1572 2080 54 77 de

101 737 17 52 1

96 777 14 51 e

62 831 34 53 e,

73 875 39 54 rit

40 924 75 61 matt

20 975 91 65 pictu-

54 1017 53 68 ey

31 1119 76 67 atis

43 1163 67 73 un.

28 1282 82 60 wor⸗

27 1380 77 95 baͤ

39 1602 60 55 ten,

24 1757 75 59 ere,

25 1800 82 72 tſat

63 1955 23 67 ,⸗

25 2050 72 68 Det
