1991 2551
751 294 125 71 -1ꝛ8

984 294 157 70 ) 229.

1578 304 72 75 135

260 338 1399 87 Wildſchwein umgebrachten Milonis Ertz⸗Biſchoffen von Pipino Fran-

263 398 1396 78 corum Rege in einem Reichs⸗Tag, jener allhie, beede von hohen ade⸗

259 446 1401 81 uͤchen Bayriſchen Gebluͤt. Andere wollen ſagen, ſie ſeyen vorhero Bi⸗

259 496 1400 79 ſchoͤff in Schottland als in ihrem Vatterland geweſen, und aus Be⸗

265 549 1391 78 ſerd zu Wahlfahrten ihre Biſtumer verlaſſen. Indeme ſeynd ſie ei⸗

265 596 1394 81 ug, daß S. Erhardus ſich allhie zu Nider⸗Muͤnſter ein geraume Zeit

272 651 1385 78 atgehalten, und endlich gar ſein Leben mit vielen vor⸗ und nachge⸗

259 698 1390 82 ſenden Miraculis beſchloſſen har lud Pipino Francorum Rege. S.

263 752 1394 78 fuͤdnlphus aber hat Anno 7a2. das Biſtum aus Lieb des Cloſter⸗Le⸗

260 802 1394 83 ſens verlaſſen, ſich bey Lothringen in einen Wald degeben, Einſidliſch

263 853 1389 83 eledt, und in Heiligkeit das Leben beſchloſſen. Aus dieſer Schul

259 901 89 62 eynd

364 908 1288 84 ingleichen nach folgender Zeit vil gelehrte Maͤnner herkommen,

266 939 40 60 ꝛe

323 962 1333 73 em hieſigen, andern Biſtumbern und hohen Aemtern haben vor⸗

259 1004 1395 87 rehen koͤnnen. (6) Anno 95o. ſchickte Boleslans HHertzog in Boͤhmen

309 1060 1347 78 ſieſe Schul ſeinem Sohn Strarignam. In geiſtlicher Zucht, und

293 1111 1360 78 ſchicklichkeit wurde allda unterwiſen Tagminus ein Moͤnch unſers

289 1163 1360 75 oͤſters, Vicarius S. W olfgangi. nach ſeinem Todt S. Henrici Impe-

260 1211 1387 84 storis Cantzler, und auf deſſen Befoͤrderung hernach Erg⸗Biſchoff zu

265 1261 1382 79 lagdeburg (g) (h) D. Gerardus Ratisdonenlis Monachus &

275 1310 1374 83 fior major Cœnobi Cluniacenlis in Burgundia S. R. E. Epilcopus

259 1363 1390 82 ardinalis Oſtienlis, Papa creatus 1072. Alerander I. vocarus qui

251 1412 1396 83 uir 1077. F. Decemdr. Item (1) Arnolphus (alii vocant Arnol-

258 1458 1388 83 um) ein Graf von Cham, Eger, Neumarck und Vohburg, dieſer

252 1506 1387 84 Stadt aͤltiſter Hiſtoricus unſers Cloſters Proſeſs und Prior, Arnoldi Il,

256 1556 1388 87 ſtarggraffen von Vohburg Sohn. Und Graf deſſen Anherr Arnol-

253 1594 49 61 u.

351 1615 1288 82 o in der Naab ertruncken, Uranherr Maragraf Berrholdus 1.

242 1659 1398 92 dar Verrholdi Bruder. Wie es dann um ſolche Zeiten an vornehmen

248 1707 1389 102 curhen nit manglete. (R) Orloch hernach Prokellor zu Fulda. St.

251 1764 1389 95 Suͤtrlm von dem Haus Bayrn, voltulirter Abbt aus unſerm zu dem

921 1831 111 68 R 2

1462 1840 178 67 beruͤhm⸗

72 551 24 100 ,

41 976 65 47 27.

35 1009 74 56 alle

36 1055 73 64 und

26 1108 86 71 ſtein

25 1162 81 70 ird,

46 1220 54 56 per⸗

22 1259 81 71 Abol

31 1312 69 68 ant

31 1364 69 65 cher

45 1513 52 71 zei

51 1568 44 56 ra

28 1814 65 70 iſet

282 1952 120 67 1) Ged⸗

268 2008 1172 88 ) Von Tagwino Cchrnder onch Annaliſta Sano n ſrmem Chronioo ad enn. 921,

431 1981 1204 71 uala in ſener Hiſtorie ven Ner Reichs-Etadr Regenſeurg. purte I. cap. XXVI.

266 2033 44 57 n

323 2049 417 79 Sihr hemach m dem Zuſas⸗

317 2097 797 78 bon nnſerem Arnoldo m oben rꝛg. 20. 21. ꝛc. m leſen.

269 2135 1366 90 1) Ven Orblono urd B. Vilbe no ſere lenach beſonders gebandlet nenen, nacen Enr m

294 2182 1346 92 pnteen Szeulomnnſerrm Clocer als onch lerten, dahrro von Orblono lnach dmnXXXVn,

292 2223 975 115 nd n nd dd E. EAtnne dr menret ꝛ hio hnnd.
