1923 2446
27 222 104 70 en In

672 201 402 70 a628 (0) Leg-

187 251 1397 84 du entſchurten, und das Entkommene widerum herbey zu bringen an⸗

1497 217 90 60 177

63 264 55 64 n.⸗

44 322 74 61 der

190 305 1391 82 genommen. Darum er auch ohne Pracht, und faſt unwiſſend in die

38 365 84 67 weil

192 354 1387 86 Stadt kommen, ſich aufs ſchlechtiſt bedienen laſſen, wenig Taffel ge⸗

48 419 67 76 dot⸗

191 404 1385 82 zalten, auch wegen Schwere des Leibs ſelten von Hauß kommen.

195 455 1384 81 Sonſten aber mit hoher Weißheit und Verſtand, wo man ſeiner

33 497 78 85 a

197 505 1375 80 ſurchen und ihrer Freyheit zu nahe kommen, ſich tapffer widerſetzt,

194 555 1383 78 ind denen, die ſeines Schutz begehrt, Vaͤtterlich zu Troſt und Schirm

198 606 1379 74 ſsorden. Die Thumb⸗Kirchen zu zieren, und dem Biſtumb durch

35 615 68 80 alae

198 654 1378 79 aͤtige œconomia uͤber ſich zu helffen, hatte er guten Luſt, und jeder⸗

198 706 1378 74 uann groſſe Hoffnung gehabt; der Todt aber hat ihne uͤbereylt, und

194 756 1377 75 tuhezeitig, doch in einem zimlichen Alter, durch oinen Lendenſtein,

194 805 1382 79 ach 2. iaͤhriger Regierung ſeinen Antecelloridus zugeſellet Anno 1600.

192 838 58 71 en

247 858 292 61 F. Novembr.

297 903 1278 79 Anno 1600. ſtarb allhie der Fuͤrſtiiche Rentmeiſter von Strau⸗

197 953 1375 79 ng, der Edle Gaurzapff in eines Thumb⸗ HHerrn HHauß. Dieweil

188 1005 1384 73 nan Geiſtlicher Seiten deſſen Zimmer von dem Magiltrar nit wolte

187 1032 54 68 sdj

245 1055 1326 74 gniren, und inventiren laſſen, iſt ein groſſer Auflauff in der

195 1102 1377 77 Stadt worden. Der Rath hat das HHauß mit 200. Burgern verwah⸗

197 1153 1374 78 n laſſen, und allen Gewalt angetrohet. Dieſen und anderen Unfrid

190 1183 22 64 .

237 1206 1329 75 perhaͤten, iſt die Odlignation unt Zuziehung der Bayriſchen An⸗

205 1251 479 75 alten zugelaſſen worden.

301 1304 1268 65 Es haben ſich dergleichen Unrub und Tumult in borig und fol⸗

184 1350 1384 76 lenden Jahren unterſchiedlich, und aus liederlichen Urſachen erhebt,

191 1399 1377 76 no die Geiſtliche viel harte Begegnuſſen und Gewaltthaͤtigkeiten wi⸗

197 1448 1380 75 er alles Recht von denen zu der Augſpurgiſchen Conkeſlion getrettenen

190 1497 1378 84 Gurgeren gedulten muͤſſen, ſo man in ſpecie zu beſchreiben umgehen,

188 1549 1321 81 nd es in den Archiven und Brieff⸗Gewoͤlbern ruhen laſſen wollen.

303 1600 1266 79 Wolſgangus I. des gar Adelichen Stammens von Sauſen in

190 1648 1376 83 Schwaben, Fuͤrſt, Probſt und Herr zu Etwangen wird den 19. De⸗

182 1702 1387 78 embr. Anno 1600. zum Biſchoff allhie poſtulirt. In dreſe Wahl har

186 1751 1382 75 r ohne Behauptung der benannten Probſtey nit conſentiren, herent⸗

183 1795 1385 84 Legen die Capirulares daſelbſt in dieſes auch nit einwilligen wollen.

191 1844 1377 86 Der Hertzog in Vayrn vermittelt die Differenꝛ dabin, daß dem Bt⸗

191 1895 1377 84 choff der Titl eines Probſten verbleiben: und etlich 1000. fl. jaͤhrlich

192 1930 63 66 on

269 1948 1297 83 Elwang Penlion ihme gereicht werden ſollen. In dem ſehr an⸗

188 1998 1380 82 chnlichen Einritt hat es wegen des Bayriſchen Gelaidrs zwiſchen die⸗

186 2045 1200 97 in und gemeiner Stadt einige Diſlerenrien und Ctrit geben.

1466 2098 106 107 Die

43 819 50 62 un

38 869 57 56 ni;

43 913 48 61 ue.

58 1019 20 57 1

40 1062 55 63 die

31 1115 64 63 volt

31 1167 57 60 en⸗

35 1208 51 69 der

44 1258 48 58 6.

25 1307 57 64 pas
