1959 2500
38 305 107 75 nſchel

20 413 120 64 o wur⸗

22 462 115 63 dey de⸗

25 516 109 61 Ritter

55 568 86 65 92ſ.

81 611 52 59 eil

27 663 104 66 de all

44 713 86 68 Voͤg

29 765 93 66 wege

45 861 70 68 .G

38 913 82 70 Bat

27 970 85 68 zeng

75 1095 50 75 ꝛc

77 1313 46 64 n.⸗

72 1366 19 59 ,

18 1376 30 62 ,

47 1413 64 71 eha

23 1468 89 66 emen

43 1568 61 55 rres

84 1606 36 64 io

37 1654 86 82 plas

31 1715 78 62 jenn

34 1802 84 79 gros

34 1862 72 65 ſtan

44 1955 69 70 uibel

27 2006 79 75 ols

69 2155 40 60 at

784 244 337 75 18 (0) Ebg-

1557 255 72 61 ꝛ1,

236 295 1395 84 an St. Georgen Abend vom gedachtem Holt⸗Thor herum, auf dem

234 352 1390 79 Hreprun, um beede Cloͤſter HHeil. Creutz, und St. Zacob, die Stadt⸗

237 404 1388 77 naur angefangen zu fuͤhren, welches ein Stein bey dem alten jetzt

240 458 1386 72 ermaurten Prepruner⸗Thor, mit dieſer Schrifft weiſet: Anno Do-

236 504 1390 82 dini 1292. ſ hoc opus inceptum eſt in Vigilia B. Georgii.H Der

245 555 1380 76 Schluß aber dieſes Werck anzufangen, iſt in Senatu geſchehen Anno

255 608 1369 76 181. und darbey, daß man von der Geiſtlichkeit, als die des Schu⸗

252 650 20 55 e

301 663 1323 70 genieſt, ein Beytrag und Bauhaͤlff begehren ſoll, wie dann ge⸗

244 709 1375 77 dehen. (e) Aber Biſchoff Geinrich wolte ſich darzu nit verſtehen,

263 761 1358 77 ſchutzend mit dem Privilegio Friderici II. Gleich um ſelbe Zeit als

258 804 75 68 ano

344 816 1281 75 1295. hielte Koͤnig Adolph allhie ein ſtartlichen Einzug. Die

262 866 1363 75 ertzogen aus Bayrn Orro, Ludwig, und Srephan begleiteten

290 916 1332 75 elden. (D Der Biſchoff empfieng ihn mit groſſer Reverenz.

255 951 36 58 te

307 969 1315 72 hme nun von beeden Theilen der Handel vorgetragen wurde, hat

339 1018 1283 77 Beiſtliche von der Klag ablolvirt, und das Pririlegium Erideri-

272 1059 217 79 conhrmirt.

347 1136 1272 80 Bey dem Preprunner⸗Thor fangt auch die Zahl der Stadt⸗

269 1187 1349 90 ſurn an, deren nur an der Stadt⸗Maner herum aa. gezehlt werden⸗

240 1220 40 78 .

294 1245 1035 85 Man ader erſt Anno 1320. hat angefangen zu dauen.

343 1309 1276 75 Anno 1295. nahm Hertzog Rudolph Ludovici Sohn Pfals⸗

336 1358 1286 72 ſey Rhein zur Ehe Kayſers Adolphs Tochter Machtildem. Der

308 1412 1309 69 ſleich des Hevrath⸗Guts geſchach allhre in dem Reichs⸗Tag⸗

248 1429 49 64 ni

327 1461 1294 75 eſtaͤttigte Kayſer Adolph all unſere Privilegia. (g) Vorhero

1481 1529 143 65 waren

283 1691 1335 78 (Una R. P. Ctriſtopkorus Hofknann beſchreiber n ſemen Catzlogo deren Aegmnͤourgencchen

298 1740 1317 62 Acͤſten und Abdten zu et. Emmeram, wu unter EiENRICO von Rotteneck, viſchos,

290 1756 28 50 .

358 1784 1257 61 her, die geſambre Geiſtlichteit, ſonoht des Venerabilis Cleri Secularis als Regularis,

286 1794 40 56 ſick

344 1809 36 53 ec

283 1833 42 50 we

384 1825 1227 58 vereiniget, wider alle undulche Geſuch der Etadt Regenſpurg Ach zu defendiren. All⸗

337 1847 38 50 nie

286 1886 931 75 a, dir Gerechtſame und Frerheit m Nahmen aller zu beſchuͤten ꝛc.,

383 1859 1231 63 Naͤhmen derenſenigen zu leſen, welche von der gelamdten Seiſtlichkeit anrerwaͤhlet wor⸗

283 1922 1330 87 jOtro. Ludoriea, urd Sreptanvs Hendogen m Daym enedigen das Enns S. Emnerer.

286 1977 1327 78 s denen Gewanhaͤrgtaten dermn Graffen von Lronsberg. 1296. Originale in Ar-

282 1995 93 57 chivo.

252 2013 53 68 die

307 2051 1303 86 Fraten von Peorebarg taben auf an naurs Gwalt gebranucht, aber auf den oruc (artr-

284 2075 77 55 rum

282 2112 186 72 in Arebcoo-

402 2105 1209 97 Eſans Enꝛd n Mngſens lan Hahz zwcden ꝛꝛn. Orginato turs

308 2176 734 105 u. Digen. Ha nn Enſnnalantetr n Her.
