1939 2441
401 141 99 56 282

915 149 22 44 ⸗

953 146 357 64 2S (O) Pez-

407 193 1392 86 gemelter Fuͤrſten und Hauptleuth, einer oder mehr mit Fodt abgien⸗

405 246 1387 82 gen, daß nichts deſto minder derſelben abgeſtorbene Erben oder Nach⸗

400 295 1393 84 kommen durch ſich ſelbſt, oder ihre Anwaͤld, in gemelten HHaͤndlei

404 347 1388 84 procediren, und wann alſo in Rechten procedirt, und der Rechrſal

404 394 1385 87 geſchehen iſt, daß jeder Anwald die Nuͤtzung des Gerichts⸗HHandels,

402 448 1382 84 wie der Vertrag iſt, an ſeinen Herrn bringen, deffelben ſeines HHet⸗

397 496 1394 84 ren Meynung und Gutbeduncken der Urtheil halder vernehme, und aul

398 546 1384 84 einen andern Tag, daß ſie Anwalde miteinander vornehmen, und

396 598 1378 84 ſchlieſſen ſollen, widerum zuſamm kommen, und die Urthel im Nab

397 646 1377 86 men, und an ſtatt verhoͤren, eroͤffnen, durch die neue Anwaͤld eu

394 697 1376 86 helliglich oder der mehrer Theil aus ihnen geſprochen wird, daß den

394 745 1372 89 ſelben ohne alle Weigerung, appelliren, und luppliciren, auch andt

393 791 1379 89 re Auszug, wie die moͤgten ernennet, oder erdacht werden, und den

390 842 1378 92 ſtracks Folge und Vollzug geſchehen ſolle. Doch, daß ſolch alles.

390 896 799 69 gemelten S. Monathen vollendet werde.

527 943 1241 91 Es ſollen auch die Hauptleurhe des Bunds, und alle Churfuͤrſt

385 994 1380 89 liche und des Bunds Verwandte obgemelten vermuͤgen und verfuͤgen

385 1048 1349 88 damit ein jeder vor ſich ſelbſt, oder durch ſein vollmaͤchtigen Anw

384 1099 1165 82 erſcheinen, und darinnen niemand ſaͤumig erfunden werde.

523 1143 1235 88 Ob aber einigerley Berechenheit in vorberuͤhrten HHandel en

382 1192 1379 92 ſtunde, der obgeruͤhrten austragender Sachen gefaͤhrlich fuͤrziehen

381 1243 1368 92 oder ſonſt daran ſaͤumig waͤre, ſo ſolle nichts deſto minder auf des s

379 1289 1348 98 horſamen Theils Anruffung und Erforderung in Rechten verfah

378 1349 1045 81 und procediret werden, und geſchehen was recht iſt.

516 1394 1237 89 Und obs dann nach Verſcheinung gemelten Rechtens Herso,

382 1441 1326 96 Albrecht gefallen ſey, wolte ſein Anſpruͤche, ſo er gegen den obgei

377 1491 1321 97 ten Perſohnen der Geſellſchaffr in Loͤwen, ſambt oder eins zu he

374 1539 1341 100 vermeynt zu uben, ſo doch, zu ſeinen Willen ſtatt, und vorbebal

371 1586 1308 101 ſeyn ſolle, und darauf vor obgenannten neuen Perſohnen, die R

369 1639 1293 95 fertigung thun wolt, daß die Geſellſchafft des Leon und ihren-

370 1693 1336 97 wandten gedacht Hertzogen Albrecht ſoll Rechtens ingleichen vorgede

367 1743 744 78 ten neuen Perſohnen auch thun ſollen.

500 1792 1162 94 Es ſollen auch der Srauffer, Garrelboger, Parſperger,

365 1837 1384 100 andere, ſo Hertog Albrecht mn Gefaͤngnus hat, ohne allen Enrgelt de,

1677 1794 77 72 uno

359 1889 1388 99 alten Unruhe ledig gezehlt, und daß, ſo Hertzog Aldrecht ihnen ault

365 1943 1371 91 andern, ſo ihne auf die Kayſerliche Recht angegriffen haben, oder.

358 1989 1377 103 der Fehos dertaſt Eyn⸗ genommen hat, ihnen wirder gegeben werden

1664 2045 83 70 wat
