1935 2499
400 227 91 77 ꝛ22

909 236 38 73 e.

969 230 331 89 1S (o) Ett-

1386 322 289 52 -

743 351 780 129 APUTXLVII

501 508 1286 98 rinricus von Wuͤnder der ,ꝛſte Abbt wurde erwbaͤcit Aano 1105

401 598 82 67 2,

523 578 1255 82 regierte 6. Jahr, r. Monach, 16. Tag Empfangt vom Kat

522 633 1257 77 ſer Alberto zu Nuͤrnberg die Reichs⸗Lehen den 25. Februa.

407 674 1314 88 z07r. (a) In welchen Jahr Urich, und VVernher Graffen

393 726 1346 88 Abenſperg die Vogtey Euͤlſprun und darzu gehoͤrige Guͤter vom &

393 781 1364 82 ſter St. Emmeram ubernommen, ſo vorhero dle von Fligeleberg⸗

388 834 1370 72 habt; ſtarb Anno 1212. Unter dieſem Abbten Anno 1211. verkaun

391 874 1380 88 nuger Viermuͤller dem Herrn Dierrichen von Au das Caſtrum ode

390 926 1340 115 Eib ìu Pemling, eun Perrineoruis ſ von unſerm Cloſter e

393 981 190 67 war.

527 1031 1232 87 Gleich um dieſe Zeit als Anno 1312. wurde allhie Biſcholl

386 1081 1314 89 Nicolaus des Roͤmiſchen Koͤnigs Cantler. Der unterſtunde ſich

386 1132 1353 88 Convent unſers Cloſters die freye Wahl eines andern Praͤlaten

386 1191 1321 80 ſperren. Deſſen ungeacht erwaͤhlten ſie Balduinum den zaſten,

384 1242 1345 75 den aber der Biſchoff nit annehmen, und als Delegarus Ponriſicius

380 1291 1356 80 ſtaͤttigen wolte. Verfolgte darauf das Cloſter dermaſſen, daß die.

386 1339 1298 85 ligioſen ſelbiges verlaſſen, und die Flucht nacher Abbach, und,

381 1389 1309 85 Cloſters Voͤgt⸗ HHerrn Bernard, und Heinrich von Abenſpers

1701 1400 52 117 ,

380 1443 1306 81 men muͤſſen. Dieſe haben den Handel neben dem Praͤlaten vorl

377 1498 1337 80 chenbach, der vom Cardinal Ptal deßwegen Anno 1521. und A

383 1552 1301 79 1;22. Commitlion bekommen, wider in etwas beygelegt und

381 1596 171 65 glichen.

512 1643 1177 88 Oeffters angezogener, Dr. Laurentius Hocbwart, Thun

379 1697 1239 81 allhie iſt desjenigen halder, was er in ſeiner Manulcripta

1668 1700 60 56 ſto

379 1745 1303 88 Epiſcoporum Ratisb. bey dieſem Biſchoff Nicolao geſchrieben (all

379 1799 1280 87 unſer Convent darumen Redellen nennt, dieweilen daſſelbe der

1707 1784 52 63 bb

380 1849 1346 93 Laldrinum non conlulto, aur forte (ut iple ſcribit) eriam nole,

1630 1911 66 68 E,

1886 356 14 59 e

423 2065 322 61 2) Vide Diploma.

415 2114 1294 75 (V) Luſer grnte Procel⸗ m beſchruben m aren laneen Dercamenen Rorlo von 2o. ⸗

455 2158 1198 99 E Ion 1722 1) P a mnn hd zgn. Dund on w desdr

422 2176 86 85 zn
