1935 2499
401 208 89 83 2t2

922 205 393 72 -S (O) Ehg-

733 272 775 77 Ein ſchoͤnes Srifft dir har zugeſetzt,

732 335 779 78 Papſt Jobann das ,werben befabl,

729 401 721 68 Groß Ablaß auch gab dazumahl,

729 459 733 74 Darvon ſich manche Seel ergenr.

734 520 706 71 Hie Waria GOrtes Murter rain,

732 578 816 80 Das Chriſtlich Volck dich ſucher haim,

733 641 728 71 Und dein Capell zu aller Hand,

729 703 732 71 Aus allen Rirchen die erſt du biſt,

730 762 716 76 Mir Gnad all andere uͤbertriffſt,

736 824 733 72 Faſt in dem gangzen Bayer⸗Land.

730 880 628 76 O Maria nun ſtebe uns bey,

729 944 747 73 Wit andern Haylthum was da ſey

736 1006 701 65 Bie und dorr troͤſt uns alleſamb.

920 1077 160 62 Amen.

533 1189 1214 81 Der Kayſer zierte dieſe ſein Kirch mit der heiligen unſer lie

398 1243 1346 73 Frauen Bilonuß, welche S. Lucas gemahlt, ihme aber von Bene

397 1295 1312 75 tto VIII, um gewiſſer Verdienſt willen verehret worden, ſo noch

1729 1291 37 54 1

391 1345 1300 76 billich, in groſſen Ehren iſt. Man zeigt allhier in dieſem Stiff

1725 1332 53 64 wod

393 1399 1305 67 zwey Meß⸗Gewand, und a. Dalmaticas, vder Leviten⸗ Roͤct

1728 1386 44 64 po

395 1452 1291 68 Gold⸗Stuck, welche die heilige Kayſerin Cunegundis aus ihren

394 1500 1328 70 dern hat zurichten laſſen, und ein Altare portarile, ſo S. Heni

393 1547 1319 75 auf denen Reiſen gebrauchen laſſen. Anno 1020. hats hie aber

391 1595 1337 80 ein groſſe Brunſt abgeben, ſoll Ober⸗Huͤnſter mit faſt der gat

391 1652 1293 69 Stadt abgebrunnen ſeyn, wie in einem ſehr alten Buch bey uni

1716 1639 27 63 .

393 1702 1275 69 ſen wird. Heinricus Pius, und die Abbtißin Wirburga haben den

393 1750 1294 72 wieder aufgeholffen. Anno 1027. hielte der Kayſer einen Reichi

391 1800 1246 72 allhie, darzu kamen des Ungariſchen Koͤnigs Waie, ein Gohi

1666 1785 71 68 Gat

1746 1788 16 55 ,

395 1856 1237 71 Abgeſandte: begehrten einen ewigen Frieden und Bundnuß zu

1639 1850 57 60 me

393 1904 1215 72 Der Fried und Bund wird mit aller Solennitaͤt beveſtiget.

387 1949 1382 79 maͤhlte auch der Kayſer Hainrich dem Waico ſein Schweſter Gala-

388 2001 1283 74 aber mit dieſen Beding, daß er den Chriſtlichen Glauben ſami

1719 1981 45 59 ne

393 2053 1294 89 Nation annehmen wolre. Die Condirion wird angenomme.

1723 2025 48 58 de.

1683 2075 83 79 toͤn

1876 306 31 88 .

1884 458 32 55 a

1884 1584 20 57 i
