1923 2446
25 369 63 61 und

20 419 66 67 ſten

29 466 43 63 ch

24 519 62 65 ſeut

21 572 56 57 bet

36 615 40 65 es

713 243 31 36 1

781 222 306 74 8 (0) 188-

198 264 1413 102 ſen, und er von ihnen geloͤſer, ſo viel er ihnen bejahlt mit ſamt aler

1523 239 88 61 381

199 331 1407 84 Gilt und Gerechtigkeit, ſo ſie von Alters hero unverpfaͤndt gehabt, fol⸗

197 383 1409 83 gen laſſen, was ihme die vor Regenſpurg an Bezahlung zugewendet,

199 432 1408 89 und der Stadt entzogen haͤtten, ſolle bey derſelben Stadt behalten

206 482 419 72 verden, und bleiben.

315 531 1294 88 Es ſoll auch Hertzog Albrecht zu Voltziehung obgemeidtes Ar⸗

199 585 1412 87 nenls gemeldten Marggrafen Friderich von Brandenburg, und den

205 637 1401 83 Clen unſern leben Hauptmann, Rath, und des Reichs getreuen En⸗

212 678 31 59 et

279 691 1328 80 Friderich Grafen zu Zellern, oder anderen, ſo von der Kaoſertr⸗

210 739 1396 84 en Majeſtaͤt, und des Heil. Reichs wegen, in die Stadr Regen⸗

201 789 1401 84 purg, dieſelben in der Kayſerlichen Majeſtaͤt Handen emnzunemmen,

216 842 1391 84 a obgemeldt iſt, verordnet und geſchickt werden, mit genugſamer

225 894 1381 84 erſicherung und Troͤſtung fuͤr ſich ſelbſt, und alle die, ſo ſie unge⸗

220 944 1386 84 hrlch mit ihnen bringen, ihren Leibern und Guͤttern, geu Regen⸗

213 994 1386 83 ſarg zu ziehen, allhie zu ſeyn, den Kavſerlichen Befelch verſorgen

218 1030 40 67 9

265 1047 1342 74 wie als ſolchen gehorſamer Fuͤrſt des heiligen Reichs erweiſen da⸗

243 1096 1361 82 ollte er ſeine Rarh den od⸗ gemeldten Kayſerlichen Anwaͤlden mit

205 1144 1404 87 enugſamen Gewalt in die Stadr Regenſpurg ſchicken, die Burger

209 1179 30 67 e

271 1201 1335 88 Innwohner daſelbſt ihrer Pfiicht, Getubd und Ayd, wie ſolches

237 1250 848 77 ben erſten Articul angezeiget, ledig zehlen.

315 1303 1291 83 Es ſoll auch HHertzog Albrecht alle ſeine Leurh, ſo er zu Behut⸗

198 1343 1402 91 ung der Stadt Regenſpurg und des Schloſſes jetzund darinnen hat,

206 1394 1400 91 no ihme zu verſprechen ſtehen, ohne verziehen, und ehe die Kanſerli⸗

202 1437 1404 102 den Anwaͤlde hinein kommen, heraus erforderen, und nicht ferner

210 1492 446 77 uinnen bleiben laſſen.

307 1545 1300 95 Der demeldte Hertzog Albrecht ſoll auch unſeren Leben Herrn

279 1599 1321 95 Vattern dem Kayſer die Herrſchafft Adenſperg, mir allen Schloͤſ⸗

231 1644 53 68 rn

288 1655 1316 89 und was darzu gehoͤret, wie das alles Weyl. Niclas Herr zu

279 1708 1320 85 wperg von dem heiligen Reich zu Lehen gehabt, und verlaſſen har,

281 1763 1319 79 diglichen wiederumen in Sr. Kayſerlichen Maieſtaͤr Haͤnden ſtellen,

281 1811 1319 84 Sc. Kayſerliche Maieſtaͤt ietzt daben, und beo dem heiligen Reich

212 1857 1388 90 arn, nicht verkauffen, noch verſetzen; ſo will die Kavſerliche Ma⸗

233 1907 1370 94 aͤc, wie wohl ſie das nicht ſchuldig waͤre, an dem Heyrath⸗Gnr

273 1962 1327 91 2. M. Hunaariſchen Gulden Hertzog Aldrechten zu der Hoch⸗

271 2015 1329 88 fhrnen Kunigunden, Ertz⸗ Hertzogin zu Oeſterreich, Er. Kay⸗

209 2030 129 87 tuͤcher

198 2084 94 84 ad

353 2068 1247 88 Rajeſtar Tochter, unſer lieden Schweſter, und Furſtin Ge⸗

296 2122 1303 94 habden weigeret, und vor durch den Hoh⸗Getodruen und⸗

800 2183 167 98 Dod⸗

1522 2195 78 59 ren

53 1868 20 56 ,
