1939 2441
419 124 95 61 322

934 134 32 53 -.

989 130 73 76 28

1105 130 220 74 0) Lt-

415 174 1388 101 derbaren Ceremonien gehalten, welcher er auch perſoͤhnlich beygewol⸗

416 229 98 66 net.

552 275 1251 97 Anno 1511. iſt ein wohl⸗ geruͤſt und ſchoͤne hiltzerne Brucken

413 325 1386 98 von der Stadt in den unteren Woͤrth gebauet worden, vermittelf

413 375 1378 102 welcher man zu denen Muͤhlen, Werckpraͤtten, Schiff⸗Anleg⸗ un

413 428 1379 95 Abfahrt, dann auch Spatzier⸗Gaͤng ꝛc. celangen und kommen moͤge

413 475 1378 98 In dieſem Jahr hat des Heil. Roͤm. Reichs Munt⸗Meiſter allhu⸗

411 528 1369 97 von Geſchlecht ein Hirſch, gegen der Waag uber wohnend, da el

417 574 1368 99 Marià⸗Bild in dem Haus zu ſeben war, ſemen liebſten Diener n

407 625 1380 99 einer Schauffel wider all ſein Willen, und ungern erſchlagen. Ube

407 673 1378 101 dieſe That, GOtt wieder zu verſoͤhnen, hat er zur Buß viel ꝛco-

405 725 1368 98 fl. ſpendiret, und auf allen vornehmen Straſſen, GOttes⸗HHaͤuſet

413 772 1364 101 und GOtts⸗ Aeckern des gantzen Lands Bayrn, zur Gedaͤchtnuß d

408 817 1361 106 bittern Leydens und Sterbens ZEſu Chriſti, Cruerfir aufrichten laſſel

408 876 1327 97 wie dann der Vornehmſten eines auf unſerem Kirchhof von G

405 923 1352 109 wohl ausgearbeitet noch heut zu Tag geſehen wird, mit der Jal

397 973 246 71 Zahl 1512.

537 1022 1226 100 In dieſem Jahr finder ſich unter unſeren Brieffen H. Adais

397 1071 1369 106 ſtratoris, daß des Hoch⸗Stiffts Hofmeiſter geweſen ſey Albrect

398 1120 532 78 Nothhafft zu Bodenſtain.

538 1168 1216 106 Eben in dieſem Jahr war der Kayſerlichen Majeſtaͤt und R

394 1215 1372 109 miſchen Reichs beſtellter Hauptmann allhie, oben gedachter .Herr Sis

398 1273 1346 104 mund von Rohrbach, wohnte dey dem Predrun, ſtarb in einer Ko

386 1326 1346 99 ſerlichen Commitlion nach Eger den 10. December. Nachdeme wu

389 1377 1303 97 beſtellt Herꝛ Chomas Fuchs von Schneberg ein Ritter, man

1696 1396 57 65 pe

388 1421 1371 105 meinte, weil die Stadt arm war, man kunte eines HHauptman

389 1470 1366 109 wohl gerarhen; widerſetzte ſich alſo der groͤßte Cheil der Burgerſchal

385 1517 1270 111 denen Kayſerlichen Mandaten, da ein HHerꝛ von Wolffſtein

1736 1543 25 54 t

1674 1563 30 52 9

389 1575 1312 99 Hauptmann den z0. Funii Anno 1512. einſetzen wollt. Indeme

385 1621 1328 103 mehrere Theil des Rarhs denen Kayſerlichen Befelchen nachzukom

1724 1642 25 54 ⸗

384 1670 1350 107 alle Muͤhe anwendete, und Mittel ſuchte, hat doch nichts heiffen wi

377 1726 1362 103 len: der gemeine Poͤvel wollte den Meiſter ſpillen, und ſelbnt Her u

379 1775 1356 101 Obrigkeit ſeyn. Der Adminiſtrator foannes, unterlieſſe kein Geleo.

379 1823 1269 104 heit, die Burger zum Frieden und Fubiection der Obrigkeit zi

1673 1845 74 68 bere

375 1871 1382 107 den, ware aber alles umſonſt. Es kamn ein Kayſer ich Mandar nou

371 1921 1373 103 dem andern, es halff und galte keines nichts Der Rath war in Leibe

371 1974 1369 117 und Eabens⸗Defaͤhr: die Achnger wurden in Viersger reſtringire

1701 2036 58 80 die
