<?xml version="1.0" encoding="UTF-8"?>
<alto xmlns:xsi="http://www.w3.org/2001/XMLSchema-instance"
      xmlns="http://www.loc.gov/standards/alto/ns-v4#"
      xsi:schemaLocation="http://www.loc.gov/standards/alto/ns-v4# http://www.loc.gov/standards/alto/v4/alto-4-2.xsd">
  <Description>
    <MeasurementUnit>pixel</MeasurementUnit>
    <sourceImageInformation>
      <fileName>image126.jpg</fileName>
      <fileIdentifier>https://archiv.ub.uni-marburg.de/eb/2010/0168</fileIdentifier>
    </sourceImageInformation>
  </Description>
  <Tags>
    <OtherTag ID="BT1" LABEL="Title" DESCRIPTION="block type Title"/><OtherTag ID="BT2" LABEL="Main" DESCRIPTION="block type Main"/><OtherTag ID="BT3" LABEL="Commentary" DESCRIPTION="block type Commentary"/><OtherTag ID="BT4" LABEL="Illustration" DESCRIPTION="block type Illustration"/><OtherTag ID="BT42" LABEL="text" DESCRIPTION="block type text"/>
    <OtherTag ID="LT33" LABEL="default" DESCRIPTION="line type default"/>
  </Tags>
  <Layout>
    <Page WIDTH="1978"
          HEIGHT="2546"
          PHYSICAL_IMG_NR="126"
          ID="eSc_dummypage_">
      <PrintSpace HPOS="0"
                  VPOS="0"
                  WIDTH="1978"
                  HEIGHT="2546">
        <TextBlock HPOS="311"
                   VPOS="226"
                   WIDTH="1474"
                   HEIGHT="1990"
                   ID="eSc_textblock_f9de9ee3"
                   TAGREFS="BT42">
          <Shape><Polygon POINTS="379 226 457 231 498 265 836 260 922 231 1247 237 1293 254 1305 294 1785 316 1774 898 1447 937 1406 961 1389 1012 1389 1073 1430 1103 1774 1125 1762 2080 1734 2216 1571 2216 1457 2176 311 2142 333 1069 356 1052 728 1052 747 1033 730 973 764 943 751 915 700 903 503 915 345 898 350 288 379 226"/></Shape>
          <TextLine ID="eSc_line_3c27cf5f"
                    TAGREFS="LT33"
                    BASELINE="369 270 442 267" 
                    HPOS="369"
                    VPOS="226"
                    WIDTH="73"
                    HEIGHT="55">
            <Shape><Polygon POINTS="437 230 423 229 408 227 394 226 391 226 377 229 369 244 369 270 369 281 442 278 442 267 440 230 437 230"/></Shape>
            <String CONTENT="92"
                    HPOS="369"
                    VPOS="226"
                    WIDTH="73"
                    HEIGHT="55"
                    WC="0.9999969005584717"></String>
          </TextLine>
          <TextLine ID="eSc_line_2be85db4"
                    TAGREFS="LT33"
                    BASELINE="962 281 1250 281" 
                    HPOS="962"
                    VPOS="231"
                    WIDTH="288"
                    HEIGHT="75">
            <Shape><Polygon POINTS="1245 236 1230 236 1216 236 1202 236 1188 236 1174 236 1160 234 1157 234 1138 239 1119 234 1117 234 1103 234 1089 234 1076 233 1062 237 1052 233 1047 233 1034 233 1027 240 1003 240 993 231 990 231 976 231 962 231 962 281 962 301 969 306 970 306 972 306 973 306 974 306 996 297 1038 304 1039 304 1107 297 1117 305 1117 306 1119 306 1120 306 1121 306 1250 302 1250 281 1250 239 1245 236"/></Shape>
            <String CONTENT="8 (0) 229"
                    HPOS="962"
                    VPOS="231"
                    WIDTH="288"
                    HEIGHT="75"
                    WC="0.9367638693915473"></String>
          </TextLine>
          <TextLine ID="eSc_line_70f163d9"
                    TAGREFS="LT33"
                    BASELINE="362 325 1779 353" 
                    HPOS="360"
                    VPOS="277"
                    WIDTH="1419"
                    HEIGHT="94">
            <Shape><Polygon POINTS="1692 311 1678 311 1663 311 1649 309 1635 309 1621 308 1614 308 1583 311 1569 305 1564 305 1550 305 1536 304 1522 304 1513 302 1498 305 1494 302 1479 301 1465 301 1451 299 1437 299 1423 298 1409 298 1395 298 1389 297 1290 305 1226 295 1225 295 1066 299 1044 291 1042 291 1041 291 1039 291 1003 299 742 295 711 281 710 281 499 277 498 277 496 277 462 288 400 280 398 280 362 285 362 325 360 338 434 347 435 347 502 342 575 350 577 350 713 346 1079 360 1080 360 1138 355 1212 363 1213 363 1400 360 1423 367 1424 367 1426 367 1502 363 1637 371 1638 371 1778 366 1779 353 1779 316 1712 315 1703 311 1692 311"/></Shape>
            <String CONTENT="einem Schimpff angenommen, alſo hat er ſelbe nach ſechs Monathen zu"
                    HPOS="360"
                    VPOS="277"
                    WIDTH="1419"
                    HEIGHT="94"
                    WC="0.9851938094665755"></String>
          </TextLine>
          <TextLine ID="eSc_line_e1d5f339"
                    TAGREFS="LT33"
                    BASELINE="362 374 1440 401 1777 403" 
                    HPOS="362"
                    VPOS="330"
                    WIDTH="1415"
                    HEIGHT="95">
            <Shape><Polygon POINTS="362 374 362 393 611 393 674 401 676 401 795 397 809 404 810 404 812 404 851 398 867 405 868 405 870 405 1163 405 1230 414 1232 414 1281 408 1291 415 1293 415 1294 415 1296 415 1522 414 1774 425 1777 403 1775 364 1420 362 1409 352 1407 352 1406 352 1404 352 1403 352 1375 359 1242 357 1206 347 1205 347 1204 347 1085 350 918 340 916 340 860 347 847 339 846 339 844 339 843 339 795 346 720 336 718 336 551 340 488 330 486 330 362 335 362 374"/></Shape>
            <String CONTENT="einer hoͤhern in Himmel beruffen, lacheno wider verlaſſen, iſt bald hernach"
                    HPOS="362"
                    VPOS="330"
                    WIDTH="1415"
                    HEIGHT="95"
                    WC="0.9870786706606547"></String>
          </TextLine>
          <TextLine ID="eSc_line_8e60236a"
                    TAGREFS="LT33"
                    BASELINE="362 425 1778 456" 
                    HPOS="360"
                    VPOS="381"
                    WIDTH="1418"
                    HEIGHT="90">
            <Shape><Polygon POINTS="362 425 360 439 1775 471 1778 456 1778 421 1714 410 1713 410 1712 410 1690 418 1590 418 1577 410 1576 410 1574 410 1573 410 1571 410 1554 415 1522 405 1520 405 1519 405 1518 405 1491 414 1433 405 1431 405 1395 413 1366 403 1365 403 1363 403 1362 403 1329 411 1250 403 1249 403 1211 408 1195 398 1194 398 1192 398 1136 397 1134 397 1092 405 1054 396 1052 396 1051 396 970 403 865 391 864 391 826 400 810 393 809 393 807 393 749 398 691 388 690 388 649 396 635 387 633 387 632 387 631 387 564 393 427 381 425 381 362 388 362 425"/></Shape>
            <String CONTENT="erkranckt, und als er nach ſeinem Wunſch den annaͤhenden Todt merckte,"
                    HPOS="360"
                    VPOS="381"
                    WIDTH="1418"
                    HEIGHT="90"
                    WC="0.9918753939015524"></String>
          </TextLine>
          <TextLine ID="eSc_line_b89401e9"
                    TAGREFS="LT33"
                    BASELINE="360 476 1777 507" 
                    HPOS="359"
                    VPOS="434"
                    WIDTH="1418"
                    HEIGHT="95">
            <Shape><Polygon POINTS="360 476 359 490 373 499 374 499 376 499 377 499 424 492 656 504 657 504 659 504 679 497 710 506 711 506 713 506 714 506 738 499 800 507 802 507 847 502 940 512 942 512 1174 509 1196 517 1198 517 1199 517 1301 512 1346 520 1348 520 1434 514 1533 524 1535 524 1536 524 1562 517 1588 526 1590 526 1591 526 1734 521 1754 529 1755 529 1757 529 1758 529 1775 521 1777 507 1777 469 1680 461 1679 461 1587 466 1577 459 1576 459 1574 459 1573 459 1487 463 1455 455 1454 455 1453 455 1410 462 1256 451 1254 451 1198 458 1105 448 1103 448 1069 455 1056 446 1055 446 1054 446 1052 446 1004 454 940 444 939 444 888 451 864 444 863 444 861 444 810 449 727 439 725 439 681 446 616 437 615 437 614 437 591 442 475 434 473 434 472 434 445 441 360 434 360 476"/></Shape>
            <String CONTENT="hat er ſein Ligerſtatt mit Aſchen beſtraͤet, mit einem Creutz bezeichnet,"
                    HPOS="359"
                    VPOS="434"
                    WIDTH="1418"
                    HEIGHT="95"
                    WC="0.9937994774073771"></String>
          </TextLine>
          <TextLine ID="eSc_line_e946bc4b"
                    TAGREFS="LT33"
                    BASELINE="360 524 1395 553 1777 555" 
                    HPOS="359"
                    VPOS="482"
                    WIDTH="1418"
                    HEIGHT="99">
            <Shape><Polygon POINTS="360 524 359 538 983 564 984 564 1361 564 1492 577 1494 577 1526 570 1547 578 1549 578 1550 578 1604 570 1662 581 1663 581 1775 572 1777 555 1777 521 1492 507 1491 507 1339 512 1325 503 1324 503 1322 503 1321 503 1269 510 1178 500 717 497 698 487 697 487 696 487 595 493 571 485 570 485 472 482 471 482 360 486 360 524"/></Shape>
            <String CONTENT="und alſo das Leben ſeelig geendet, iſt unter andern Biſchoͤffen in unſer"
                    HPOS="359"
                    VPOS="482"
                    WIDTH="1418"
                    HEIGHT="99"
                    WC="0.982340180211597"></String>
          </TextLine>
          <TextLine ID="eSc_line_cc06f105"
                    TAGREFS="LT33"
                    BASELINE="359 575 1177 599 1774 603" 
                    HPOS="357"
                    VPOS="537"
                    WIDTH="1417"
                    HEIGHT="88">
            <Shape><Polygon POINTS="359 575 357 589 454 599 455 599 530 594 598 603 599 603 670 598 814 608 816 608 817 608 840 601 881 609 882 609 923 602 990 612 991 612 1085 606 1119 615 1120 615 1121 615 1155 609 1184 616 1185 616 1187 616 1413 615 1467 622 1468 622 1506 615 1771 625 1774 603 1771 564 1644 572 1523 571 1513 562 1512 562 1511 562 1509 562 1508 562 1495 568 1444 557 1301 555 1300 555 1256 564 1236 554 1235 554 1233 554 1232 554 1215 561 1184 553 1182 553 1181 553 1136 561 1120 550 1119 550 1117 550 1116 550 1114 550 1078 560 1025 550 1024 550 926 557 831 548 830 548 680 550 664 540 663 540 662 540 660 540 601 550 567 538 565 538 359 537 359 575"/></Shape>
            <String CONTENT="Kirchen begraben worden. Unſers H. Ordens Abbt Trirhemius ſobt"
                    HPOS="357"
                    VPOS="537"
                    WIDTH="1417"
                    HEIGHT="88"
                    WC="0.9969625271135761"></String>
          </TextLine>
          <TextLine ID="eSc_line_27712ebd"
                    TAGREFS="LT33"
                    BASELINE="357 626 1242 652 1775 657" 
                    HPOS="356"
                    VPOS="581"
                    WIDTH="1419"
                    HEIGHT="99">
            <Shape><Polygon POINTS="356 643 829 660 830 660 932 654 945 663 946 663 947 663 949 663 1005 656 1243 670 1245 670 1322 664 1334 671 1335 671 1337 671 1338 671 1472 669 1547 677 1549 677 1611 671 1678 680 1679 680 1680 680 1696 673 1772 673 1775 657 1772 615 1741 623 1717 615 1716 615 1714 615 1656 620 1627 612 1625 612 1479 608 1008 608 894 605 875 595 874 595 872 595 871 595 848 602 715 601 655 588 653 588 609 596 533 585 531 585 424 592 408 582 407 582 406 582 359 581 357 626 356 643"/></Shape>
            <String CONTENT="ihn.mit diſen Worten: Gunrherus (alſo nennt er ihn) ein Moͤnch des"
                    HPOS="356"
                    VPOS="581"
                    WIDTH="1419"
                    HEIGHT="99"
                    WC="0.9830910933740211"></String>
          </TextLine>
          <TextLine ID="eSc_line_1308f704"
                    TAGREFS="LT33"
                    BASELINE="357 681 1775 710" 
                    HPOS="356"
                    VPOS="636"
                    WIDTH="1419"
                    HEIGHT="89">
            <Shape><Polygon POINTS="357 681 356 693 441 702 442 702 640 700 694 710 696 710 779 702 805 710 806 710 807 710 993 707 1065 718 1772 725 1775 710 1775 673 1639 673 1566 661 1564 661 1496 669 1481 659 1479 659 1478 659 1477 659 1475 659 1446 667 1416 660 1414 660 1413 660 1369 666 1351 657 1349 657 1348 657 1146 661 1082 652 1080 652 1024 659 1000 649 998 649 997 649 955 657 813 647 812 647 718 653 686 643 684 643 683 643 625 650 574 640 357 636 357 681"/></Shape>
            <String CONTENT="Cloſters St. Emmeram, und derſelben Stadt hernach Biſchofk, ein"
                    HPOS="356"
                    VPOS="636"
                    WIDTH="1419"
                    HEIGHT="89"
                    WC="0.9992896176519848"></String>
          </TextLine>
          <TextLine ID="eSc_line_3f7d5655"
                    TAGREFS="LT33"
                    BASELINE="353 731 1298 755 1772 759" 
                    HPOS="352"
                    VPOS="686"
                    WIDTH="1420"
                    HEIGHT="96">
            <Shape><Polygon POINTS="353 731 352 749 809 752 940 765 942 765 1000 758 1011 766 1013 766 1014 766 1015 766 1065 759 1112 768 1113 768 1114 768 1130 760 1260 772 1262 772 1372 766 1453 776 1454 776 1492 769 1580 779 1581 779 1620 772 1707 782 1709 782 1771 773 1772 759 1770 718 1644 722 1453 710 1451 710 1352 715 1305 707 1304 707 1213 711 1202 704 1201 704 1199 704 1198 704 1071 710 1055 700 1054 700 1052 700 1051 700 981 707 952 698 950 698 850 695 848 695 847 695 819 702 741 693 739 693 683 701 642 691 640 691 473 687 472 687 471 687 444 695 379 686 377 686 376 686 353 693 353 731"/></Shape>
            <String CONTENT="tauglicher Mann zu dem Prieſterthum, welcher nit ihme allein, mit ſei⸗"
                    HPOS="352"
                    VPOS="686"
                    WIDTH="1420"
                    HEIGHT="96"
                    WC="0.9977220041411263"></String>
          </TextLine>
          <TextLine ID="eSc_line_f7c8e390"
                    TAGREFS="LT33"
                    BASELINE="353 782 1416 807 1772 809" 
                    HPOS="352"
                    VPOS="736"
                    WIDTH="1420"
                    HEIGHT="95">
            <Shape><Polygon POINTS="1315 756 1301 756 1300 755 1256 763 1155 762 1143 753 1141 753 1140 753 1138 753 1090 759 1065 751 1063 751 1062 751 936 756 891 748 889 748 858 753 844 745 843 745 841 745 840 745 588 745 546 738 544 738 496 746 483 736 482 736 481 736 479 736 478 736 442 745 353 743 353 782 352 793 503 804 505 806 847 806 868 813 870 813 871 813 911 807 932 814 933 814 935 816 1318 816 1386 824 1387 824 1693 824 1706 831 1707 831 1709 831 1710 831 1771 824 1772 809 1770 768 1580 770 1482 759 1481 759 1404 766 1321 756 1315 756"/></Shape>
            <String CONTENT="nem Leben und Wandel genutzt, ſondern auch andere mit Lehren und"
                    HPOS="352"
                    VPOS="736"
                    WIDTH="1420"
                    HEIGHT="95"
                    WC="0.9934256235137582"></String>
          </TextLine>
          <TextLine ID="eSc_line_add30e8e"
                    TAGREFS="LT33"
                    BASELINE="352 831 1015 852 1767 861" 
                    HPOS="352"
                    VPOS="790"
                    WIDTH="1415"
                    HEIGHT="106">
            <Shape><Polygon POINTS="352 831 353 855 369 848 500 850 540 874 541 874 543 874 655 876 656 878 706 878 706 876 707 876 782 857 822 858 863 881 864 881 865 881 867 881 943 861 1000 884 1001 884 1003 884 1004 884 1069 864 1160 881 1161 881 1163 881 1192 868 1213 881 1215 881 1216 881 1218 881 1219 881 1242 871 1283 875 1284 875 1286 875 1314 868 1354 882 1355 882 1356 882 1410 872 1440 891 1441 891 1443 891 1444 891 1446 891 1461 885 1559 895 1560 896 1595 896 1595 895 1597 895 1642 878 1703 884 1704 884 1765 875 1767 861 1765 824 1695 814 1693 814 1627 821 1464 810 1462 810 1281 814 1206 804 1205 804 942 807 921 799 919 799 918 799 863 804 782 796 781 796 739 803 704 796 703 796 673 801 656 793 655 793 541 792 540 792 539 792 517 799 493 790 492 790 490 790 352 790 352 831"/></Shape>
            <String CONTENT="Anterweiſen von der Boß heit auf die Werg der Gerechtigkeit zuruck er⸗"
                    HPOS="352"
                    VPOS="790"
                    WIDTH="1415"
                    HEIGHT="106"
                    WC="0.9907003172806331"></String>
          </TextLine>
          <TextLine ID="eSc_line_7478a8dd"
                    TAGREFS="LT33"
                    BASELINE="349 888 522 884" 
                    HPOS="346"
                    VPOS="838"
                    WIDTH="176"
                    HEIGHT="98">
            <Shape><Polygon POINTS="349 888 349 929 448 936 449 936 451 936 452 936 452 934 478 909 522 908 522 884 517 838 346 841 349 888"/></Shape>
            <String CONTENT="ſordert."
                    HPOS="346"
                    VPOS="838"
                    WIDTH="176"
                    HEIGHT="98"
                    WC="0.9916241765022278"></String>
          </TextLine>
          <TextLine ID="eSc_line_9ac80186"
                    TAGREFS="LT33"
                    BASELINE="1354 942 1387 942" 
                    HPOS="1354"
                    VPOS="910"
                    WIDTH="33"
                    HEIGHT="56">
            <Shape><Polygon POINTS="1354 942 1354 966 1387 963 1387 942 1386 910 1354 912 1354 942"/></Shape>
            <String CONTENT=""
                    HPOS="1354"
                    VPOS="910"
                    WIDTH="33"
                    HEIGHT="56"
                    WC="0.9998911619186401"></String>
          </TextLine>
          <TextLine ID="eSc_line_e03bae6b"
                    TAGREFS="LT33"
                    BASELINE="775 1038 1356 1052" 
                    HPOS="773"
                    VPOS="934"
                    WIDTH="583"
                    HEIGHT="148">
            <Shape><Polygon POINTS="775 1038 773 1050 814 1060 816 1060 817 1060 833 1053 858 1063 860 1063 861 1063 863 1063 888 1055 947 1073 949 1073 950 1073 1051 1059 1083 1072 1085 1072 1086 1072 1163 1062 1188 1072 1189 1072 1191 1072 1192 1072 1199 1067 1209 1077 1209 1079 1211 1079 1212 1079 1213 1079 1215 1079 1249 1067 1264 1080 1266 1080 1267 1080 1307 1082 1308 1082 1310 1082 1355 1065 1356 1052 1356 971 1304 971 1291 957 1291 956 1290 956 1288 956 1287 956 1262 960 1245 951 1243 951 1242 951 1206 957 1181 944 1180 944 1178 944 1177 944 1148 956 1116 942 1114 942 1113 942 1024 958 1001 942 1000 942 998 942 997 942 996 942 976 953 914 954 833 934 831 934 830 934 776 946 775 1038"/></Shape>
            <String CONTENT="Eiurtzer Zuſactz."
                    HPOS="773"
                    VPOS="934"
                    WIDTH="583"
                    HEIGHT="148"
                    WC="0.9978434092858258"></String>
          </TextLine>
          <TextLine ID="eSc_line_6a77746d"
                    TAGREFS="LT33"
                    BASELINE="357 1137 604 1137 1371 1158 1762 1159" 
                    HPOS="356"
                    VPOS="1077"
                    WIDTH="1406"
                    HEIGHT="108">
            <Shape><Polygon POINTS="1758 1124 1744 1123 1730 1123 1716 1121 1702 1120 1687 1120 1673 1118 1665 1117 1511 1114 1491 1106 1489 1106 1475 1106 1474 1104 1430 1111 1311 1103 1310 1103 1232 1107 1196 1097 1195 1097 1194 1097 1192 1097 1160 1106 1143 1099 1141 1099 1140 1099 1086 1104 1017 1090 1015 1090 904 1097 748 1084 747 1084 700 1093 681 1083 680 1083 609 1083 608 1083 550 1093 526 1084 524 1084 523 1084 481 1090 465 1079 464 1079 462 1079 359 1077 357 1137 356 1161 447 1162 448 1162 449 1162 490 1148 544 1148 618 1159 619 1159 650 1154 663 1162 664 1162 666 1162 667 1162 730 1152 819 1166 820 1166 1051 1162 1147 1176 1148 1176 1150 1176 1198 1164 1235 1173 1236 1173 1238 1173 1307 1168 1325 1179 1327 1179 1328 1179 1329 1179 1375 1172 1424 1181 1426 1181 1427 1181 1450 1171 1506 1182 1508 1183 1644 1183 1644 1182 1692 1172 1726 1185 1727 1185 1728 1185 1761 1182 1762 1159 1762 1124 1758 1124"/></Shape>
            <String CONTENT="Hon denen Erſen Piſchoſen zu Nrgenſpurg, und deroſelben Regieranzs. Jah⸗"
                    HPOS="356"
                    VPOS="1077"
                    WIDTH="1406"
                    HEIGHT="108"
                    WC="0.9773751513825523"></String>
          </TextLine>
          <TextLine ID="eSc_line_02a66a9a"
                    TAGREFS="LT33"
                    BASELINE="444 1175 1407 1202 1761 1202" 
                    HPOS="442"
                    VPOS="1138"
                    WIDTH="1319"
                    HEIGHT="85">
            <Shape><Polygon POINTS="554 1138 553 1138 551 1138 444 1142 444 1175 442 1190 1303 1217 1304 1217 1354 1212 1426 1220 1427 1220 1461 1215 1529 1223 1530 1223 1760 1220 1761 1202 1760 1172 1361 1168 1201 1155 1199 1155 1078 1159 1056 1151 1055 1151 1054 1151 783 1152 724 1142 723 1142 619 1148 608 1141 606 1141 605 1141 604 1141 568 1147 556 1138 554 1138"/></Shape>
            <String CONTENT="ren ſeynd die Meynungen unterſchieden. Hundins muß nit allzeit auf dis"
                    HPOS="442"
                    VPOS="1138"
                    WIDTH="1319"
                    HEIGHT="85"
                    WC="0.98444384932518"></String>
          </TextLine>
          <TextLine ID="eSc_line_7ef9121c"
                    TAGREFS="LT33"
                    BASELINE="339 1220 772 1227 1296 1244 1761 1244" 
                    HPOS="339"
                    VPOS="1183"
                    WIDTH="1422"
                    HEIGHT="85">
            <Shape><Polygon POINTS="339 1220 339 1239 524 1239 582 1250 584 1250 670 1241 701 1248 703 1248 704 1248 860 1246 914 1256 915 1256 994 1247 1117 1260 1119 1260 1177 1250 1195 1261 1196 1261 1198 1261 1520 1267 1522 1267 1591 1257 1659 1257 1686 1268 1687 1268 1689 1268 1760 1258 1761 1244 1758 1206 1680 1216 1591 1207 1590 1207 1311 1209 1298 1202 1297 1202 1296 1202 1294 1202 1155 1206 1109 1196 1107 1196 987 1203 938 1192 936 1192 864 1200 834 1190 833 1190 765 1190 764 1190 762 1190 734 1199 718 1188 717 1188 715 1188 601 1186 599 1186 598 1186 597 1186 584 1195 509 1185 507 1185 461 1193 445 1183 444 1183 442 1183 339 1183 339 1220"/></Shape>
            <String CONTENT="Jahr, welche derſelbe denen Erſten Biſchoͤſſen zugetheilet hat, zuruc gedenckel"
                    HPOS="339"
                    VPOS="1183"
                    WIDTH="1422"
                    HEIGHT="85"
                    WC="0.9807767694509482"></String>
          </TextLine>
          <TextLine ID="eSc_line_819bf056"
                    TAGREFS="LT33"
                    BASELINE="338 1258 1222 1284 1762 1284" 
                    HPOS="338"
                    VPOS="1226"
                    WIDTH="1424"
                    HEIGHT="80">
            <Shape><Polygon POINTS="338 1258 338 1282 386 1274 397 1281 398 1281 400 1281 401 1281 462 1275 493 1287 495 1287 496 1287 590 1278 749 1292 751 1292 785 1285 872 1294 874 1294 875 1294 911 1285 1088 1299 1089 1299 1141 1289 1222 1302 1223 1302 1281 1297 1297 1304 1298 1304 1427 1306 1429 1306 1543 1298 1760 1304 1762 1284 1762 1253 1586 1250 1584 1250 1583 1250 1563 1258 1372 1248 1371 1248 1230 1251 1221 1244 1219 1244 1218 1244 1216 1244 1215 1244 1191 1250 1175 1243 1174 1243 1172 1243 1090 1248 998 1237 997 1237 996 1237 967 1244 956 1236 955 1236 953 1236 952 1236 950 1236 914 1244 860 1234 858 1234 857 1234 837 1241 812 1233 810 1233 809 1233 703 1239 676 1230 674 1230 673 1230 565 1237 482 1226 481 1226 338 1227 338 1258"/></Shape>
            <String CONTENT="haden; dann er widerſpricht ſich offt ſelbſten. Beſonders aber ſeynd die Hiſtoric."
                    HPOS="338"
                    VPOS="1226"
                    WIDTH="1424"
                    HEIGHT="80"
                    WC="0.9930846967348238"></String>
          </TextLine>
          <TextLine ID="eSc_line_48b1b534"
                    TAGREFS="LT33"
                    BASELINE="336 1299 1322 1326 1758 1326" 
                    HPOS="336"
                    VPOS="1264"
                    WIDTH="1422"
                    HEIGHT="83">
            <Shape><Polygon POINTS="1155 1282 1154 1282 1076 1291 1011 1280 1010 1280 1008 1280 987 1288 953 1277 952 1277 950 1277 766 1284 713 1273 711 1273 598 1280 564 1270 563 1270 561 1270 500 1277 469 1267 468 1267 466 1267 403 1271 393 1264 391 1264 390 1264 389 1264 336 1273 336 1299 336 1322 377 1315 425 1323 427 1323 428 1323 454 1316 475 1325 476 1325 478 1325 591 1321 650 1329 652 1329 826 1325 952 1336 1099 1339 1100 1339 1102 1339 1124 1332 1341 1345 1342 1345 1344 1345 1361 1338 1383 1346 1385 1346 1386 1346 1433 1339 1450 1347 1451 1347 1453 1347 1757 1345 1758 1326 1755 1297 1672 1304 1635 1292 1634 1292 1632 1292 1577 1299 1525 1291 1523 1291 1468 1299 1448 1289 1447 1289 1446 1289 1444 1289 1426 1298 1294 1289 1293 1289 1202 1294 1157 1282 1155 1282"/></Shape>
            <String CONTENT="nit einig, wer auf lſengrinum Biſchoffen zu Negenſpurg, gefolget ſene? da eint"
                    HPOS="336"
                    VPOS="1264"
                    WIDTH="1422"
                    HEIGHT="83"
                    WC="0.9934250360880142"></String>
          </TextLine>
          <TextLine ID="eSc_line_0b55507d"
                    TAGREFS="LT33"
                    BASELINE="335 1343 1539 1373 1757 1370" 
                    HPOS="333"
                    VPOS="1306"
                    WIDTH="1424"
                    HEIGHT="88">
            <Shape><Polygon POINTS="335 1343 333 1359 909 1366 1032 1379 1034 1379 1143 1373 1274 1384 1276 1384 1393 1379 1455 1388 1457 1388 1529 1383 1645 1393 1646 1393 1680 1386 1710 1394 1712 1394 1713 1394 1755 1386 1757 1370 1754 1339 1709 1345 1540 1335 1539 1335 1537 1335 1515 1342 1487 1333 1485 1333 1484 1333 1386 1338 1352 1330 1351 1330 1349 1330 1334 1338 1154 1325 1153 1325 1042 1330 972 1322 970 1322 914 1328 882 1319 881 1319 880 1319 812 1325 788 1316 786 1316 785 1316 783 1316 754 1323 713 1315 711 1315 615 1321 602 1312 601 1312 599 1312 598 1312 557 1319 469 1309 468 1309 382 1315 367 1306 366 1306 365 1306 363 1306 362 1306 335 1314 335 1343"/></Shape>
            <String CONTENT="Conradum, andere aber Guntbarrum ſetzen. Von Gaubaldo Erſten Biſchoffen zu"
                    HPOS="333"
                    VPOS="1306"
                    WIDTH="1424"
                    HEIGHT="88"
                    WC="0.9952049440628773"></String>
          </TextLine>
          <TextLine ID="eSc_line_e42775f8"
                    TAGREFS="LT33"
                    BASELINE="335 1390 632 1393 1458 1414 1755 1410" 
                    HPOS="333"
                    VPOS="1350"
                    WIDTH="1422"
                    HEIGHT="84">
            <Shape><Polygon POINTS="1537 1373 1523 1373 1522 1373 1471 1381 1373 1380 1351 1370 1349 1370 1348 1370 1259 1377 1239 1367 1238 1367 1236 1367 1235 1367 1212 1376 1185 1364 1184 1364 1182 1364 1133 1374 1025 1366 1024 1366 930 1370 904 1359 902 1359 901 1359 843 1369 819 1359 817 1359 816 1359 762 1367 689 1355 687 1355 622 1364 606 1353 605 1353 604 1353 602 1353 520 1362 471 1350 335 1350 335 1390 333 1404 1342 1428 1344 1428 1458 1424 1468 1431 1470 1431 1471 1431 1622 1434 1624 1434 1754 1428 1755 1410 1753 1377 1714 1384 1682 1374 1680 1374 1679 1374 1614 1384 1540 1373 1537 1373"/></Shape>
            <String CONTENT="Neaenlpurg biß auf lſengrinum kan aus denen Diplomatibus, und Traditions."
                    HPOS="333"
                    VPOS="1350"
                    WIDTH="1422"
                    HEIGHT="84"
                    WC="0.9844303686324865"></String>
          </TextLine>
          <TextLine ID="eSc_line_1de24b47"
                    TAGREFS="LT33"
                    BASELINE="333 1435 908 1444 1421 1459 1760 1454" 
                    HPOS="332"
                    VPOS="1398"
                    WIDTH="1428"
                    HEIGHT="82">
            <Shape><Polygon POINTS="1352 1413 1348 1411 1318 1411 1310 1411 1296 1411 1281 1410 1280 1410 1279 1410 1120 1414 1028 1404 1027 1404 940 1411 826 1401 824 1401 775 1408 662 1398 333 1398 333 1435 332 1448 434 1458 435 1458 437 1458 465 1451 653 1452 680 1463 681 1463 683 1463 731 1455 844 1455 871 1465 872 1465 874 1465 1013 1459 1120 1472 1121 1472 1174 1465 1669 1480 1670 1480 1758 1469 1760 1454 1757 1415 1588 1421 1356 1413 1352 1413"/></Shape>
            <String CONTENT="Bneffen unſeres Suiffts S. Emmerami einige Ordnunn deren Regierungs⸗Jahren"
                    HPOS="332"
                    VPOS="1398"
                    WIDTH="1428"
                    HEIGHT="82"
                    WC="0.9845041995112961"></String>
          </TextLine>
          <TextLine ID="eSc_line_5aeab034"
                    TAGREFS="LT33"
                    BASELINE="331 1479 1433 1503 1755 1497" 
                    HPOS="331"
                    VPOS="1442"
                    WIDTH="1424"
                    HEIGHT="82">
            <Shape><Polygon POINTS="1403 1459 1402 1459 1322 1465 1303 1456 1301 1456 1300 1456 1298 1456 1273 1463 1175 1455 1174 1455 1015 1459 974 1449 973 1449 972 1449 932 1458 765 1445 764 1445 628 1452 614 1442 612 1442 611 1442 331 1442 331 1479 331 1499 445 1495 564 1504 565 1504 601 1497 642 1507 643 1507 645 1507 771 1500 847 1512 848 1512 957 1504 986 1513 987 1513 1453 1523 1454 1523 1512 1516 1595 1524 1597 1524 1754 1517 1755 1497 1753 1465 1679 1472 1421 1468 1404 1459 1403 1459"/></Shape>
            <String CONTENT="lolcher Biſchoͤrfen gemacht werden Vermoͤg eines Diplomatis, ſo von Octone l-"
                    HPOS="331"
                    VPOS="1442"
                    WIDTH="1424"
                    HEIGHT="82"
                    WC="0.9860129666018795"></String>
          </TextLine>
          <TextLine ID="eSc_line_c964378f"
                    TAGREFS="LT33"
                    BASELINE="331 1520 1271 1544 1755 1544" 
                    HPOS="329"
                    VPOS="1492"
                    WIDTH="1426"
                    HEIGHT="80">
            <Shape><Polygon POINTS="331 1520 329 1536 466 1547 468 1547 469 1547 495 1540 530 1550 531 1550 533 1550 602 1543 635 1551 636 1551 638 1551 728 1545 776 1555 778 1555 899 1550 916 1558 918 1558 919 1558 1106 1555 1124 1562 1126 1562 1127 1562 1129 1562 1151 1554 1165 1562 1167 1562 1168 1562 1170 1562 1372 1561 1406 1568 1407 1568 1603 1562 1679 1572 1680 1572 1754 1564 1755 1544 1753 1512 1574 1516 1345 1513 1317 1503 1315 1503 1314 1503 1266 1510 1191 1502 1189 1502 847 1502 771 1492 331 1492 331 1520"/></Shape>
            <String CONTENT="in unſeren Archivo zu ſehen, ware iſengrmur (langrim) Anno 9a0. noch B,"
                    HPOS="329"
                    VPOS="1492"
                    WIDTH="1426"
                    HEIGHT="80"
                    WC="0.9928518181115809"></String>
          </TextLine>
          <TextLine ID="eSc_line_50b82007"
                    TAGREFS="LT33"
                    BASELINE="328 1561 1229 1584 1758 1585" 
                    HPOS="328"
                    VPOS="1527"
                    WIDTH="1430"
                    HEIGHT="81">
            <Shape><Polygon POINTS="328 1561 328 1581 515 1579 534 1588 536 1588 537 1588 574 1582 663 1592 664 1592 703 1585 732 1594 734 1594 735 1594 788 1585 812 1595 813 1595 814 1596 1243 1596 1256 1603 1257 1603 1259 1603 1467 1608 1468 1608 1470 1608 1502 1599 1755 1603 1758 1585 1755 1554 1678 1562 1604 1551 1603 1551 1395 1558 1329 1551 1328 1551 1177 1554 1157 1544 1155 1544 1154 1544 1153 1544 1129 1553 1109 1545 1107 1545 1106 1545 957 1550 901 1538 899 1538 781 1545 737 1534 735 1534 734 1534 732 1534 731 1534 714 1545 669 1545 605 1533 604 1533 533 1540 510 1530 509 1530 507 1530 459 1536 328 1527 328 1561"/></Shape>
            <String CONTENT="ſchoff zu Negenſpurg. Oo nun Hengrinur noch laͤnger geledt? oder Conradus, wis"
                    HPOS="328"
                    VPOS="1527"
                    WIDTH="1430"
                    HEIGHT="81"
                    WC="0.9795011427157965"></String>
          </TextLine>
          <TextLine ID="eSc_line_fac52a1f"
                    TAGREFS="LT33"
                    BASELINE="328 1602 1324 1628 1747 1629" 
                    HPOS="326"
                    VPOS="1567"
                    WIDTH="1421"
                    HEIGHT="83">
            <Shape><Polygon POINTS="328 1602 326 1615 407 1625 408 1625 489 1619 534 1628 536 1628 749 1625 790 1633 792 1633 932 1629 981 1637 983 1637 1086 1632 1109 1640 1110 1640 1112 1640 1171 1635 1238 1643 1239 1643 1293 1636 1310 1644 1311 1644 1313 1644 1375 1639 1437 1647 1438 1647 1542 1642 1554 1650 1556 1650 1557 1650 1559 1650 1745 1644 1747 1629 1745 1596 1526 1592 1525 1592 1460 1602 1327 1592 1325 1592 1136 1595 1095 1582 1093 1582 1092 1582 1090 1582 1065 1589 1003 1584 1001 1584 1000 1584 980 1592 919 1591 906 1581 905 1581 904 1581 902 1581 901 1581 877 1589 846 1578 844 1578 843 1578 841 1578 806 1588 778 1577 776 1577 775 1577 730 1587 684 1577 683 1577 681 1577 660 1584 580 1582 550 1571 548 1571 547 1571 428 1575 376 1567 374 1567 328 1575 328 1602"/></Shape>
            <String CONTENT="einige vermeynen, oder Guntbarrus, gleich Anno 940. oder 91T. in Biſtumb ge;"
                    HPOS="326"
                    VPOS="1567"
                    WIDTH="1421"
                    HEIGHT="83"
                    WC="0.9834549152537396"></String>
          </TextLine>
          <TextLine ID="eSc_line_44f1eba3"
                    TAGREFS="LT33"
                    BASELINE="328 1646 1430 1673 1748 1667" 
                    HPOS="328"
                    VPOS="1609"
                    WIDTH="1420"
                    HEIGHT="81">
            <Shape><Polygon POINTS="1380 1629 1379 1629 1378 1629 1348 1636 1263 1628 1262 1628 1215 1633 1198 1625 1196 1625 1195 1625 1106 1630 1076 1622 1075 1622 1073 1622 1020 1629 878 1618 877 1618 827 1625 745 1615 635 1613 633 1613 632 1613 612 1620 577 1612 575 1612 574 1612 573 1612 546 1619 478 1609 476 1609 475 1609 445 1616 328 1611 328 1646 328 1664 669 1664 683 1673 684 1673 686 1673 687 1673 810 1667 878 1677 880 1677 914 1670 943 1678 945 1678 946 1678 979 1671 1010 1680 1011 1680 1279 1686 1280 1686 1345 1678 1365 1687 1366 1687 1479 1690 1481 1690 1747 1686 1748 1667 1744 1636 1685 1643 1615 1633 1614 1633 1563 1640 1550 1632 1549 1632 1547 1632 1546 1632 1416 1637 1382 1629 1380 1629"/></Shape>
            <String CONTENT="tolget, kan ich vor dißmahl nichts zu verlaͤgziges ſchreiben. Vermoͤg des Chronict"
                    HPOS="328"
                    VPOS="1609"
                    WIDTH="1420"
                    HEIGHT="81"
                    WC="0.9860736538724202"></String>
          </TextLine>
          <TextLine ID="eSc_line_b9432287"
                    TAGREFS="LT33"
                    BASELINE="326 1690 872 1698 1348 1714 1747 1714" 
                    HPOS="326"
                    VPOS="1650"
                    WIDTH="1421"
                    HEIGHT="82">
            <Shape><Polygon POINTS="1574 1671 1573 1671 1571 1671 1481 1680 1373 1673 1373 1673 1372 1671 1352 1671 1351 1671 1187 1676 1150 1669 1148 1669 1106 1674 1085 1666 1083 1666 1082 1666 1028 1673 989 1663 977 1663 974 1661 946 1671 921 1661 919 1661 918 1661 916 1661 897 1670 850 1660 850 1660 837 1659 704 1666 677 1656 676 1656 461 1652 459 1652 403 1659 349 1650 348 1650 346 1650 326 1659 326 1690 326 1708 376 1702 476 1712 478 1712 541 1705 747 1717 748 1717 844 1711 898 1719 899 1719 901 1719 916 1712 977 1719 979 1719 1102 1715 1124 1724 1126 1724 1127 1724 1129 1724 1151 1717 1184 1725 1185 1725 1586 1732 1587 1732 1745 1725 1747 1714 1744 1680 1593 1683 1576 1671 1574 1671"/></Shape>
            <String CONTENT="Annaliſte Sanonis bey Eckardo Tom. I. Scriptorum Medii Evi paz. 281."
                    HPOS="326"
                    VPOS="1650"
                    WIDTH="1421"
                    HEIGHT="82"
                    WC="0.9904889858820859"></String>
          </TextLine>
          <TextLine ID="eSc_line_f1713890"
                    TAGREFS="LT33"
                    BASELINE="325 1736 764 1741 1297 1758 1748 1755" 
                    HPOS="324"
                    VPOS="1697"
                    WIDTH="1424"
                    HEIGHT="85">
            <Shape><Polygon POINTS="1740 1715 1731 1715 1648 1724 1369 1721 1355 1714 1344 1714 1329 1714 1315 1714 1311 1712 1196 1717 1163 1708 1160 1708 1146 1708 1131 1708 1130 1707 1105 1712 1032 1704 1031 1704 959 1711 945 1704 943 1704 942 1704 940 1704 909 1712 885 1702 884 1702 882 1702 751 1707 710 1700 708 1700 707 1700 686 1707 643 1698 325 1697 325 1736 324 1749 348 1759 349 1759 350 1759 547 1753 598 1766 599 1766 601 1766 602 1766 643 1755 744 1755 836 1766 837 1766 892 1759 1041 1768 1042 1768 1100 1762 1199 1775 1549 1780 1679 1782 1680 1782 1747 1769 1748 1755 1745 1714 1740 1714 1740 1715"/></Shape>
            <String CONTENT="ſolle Cuntbariur erit Anno 982. von OTTONE I. Biſcho,f zu Regenſpurz bene,"
                    HPOS="324"
                    VPOS="1697"
                    WIDTH="1424"
                    HEIGHT="85"
                    WC="0.969253733351424"></String>
          </TextLine>
          <TextLine ID="eSc_line_c257dac4"
                    TAGREFS="LT33"
                    BASELINE="324 1780 1238 1799 1747 1799" 
                    HPOS="322"
                    VPOS="1741"
                    WIDTH="1425"
                    HEIGHT="80">
            <Shape><Polygon POINTS="1100 1752 1099 1752 1039 1763 1003 1751 1001 1751 887 1749 885 1749 834 1759 810 1748 809 1748 807 1748 806 1748 765 1759 718 1746 717 1746 640 1745 639 1745 638 1745 598 1755 548 1744 547 1744 472 1751 445 1744 444 1744 442 1744 441 1744 414 1751 324 1741 324 1780 322 1797 478 1797 551 1806 553 1806 554 1806 556 1806 568 1799 639 1799 739 1809 741 1809 823 1802 929 1811 930 1811 1038 1806 1103 1814 1105 1814 1426 1813 1587 1821 1588 1821 1590 1821 1611 1814 1744 1814 1747 1799 1744 1762 1653 1773 1542 1765 1540 1765 1129 1765 1102 1752 1100 1752"/></Shape>
            <String CONTENT="let worden ſeyn. Es kan alſo wohl ſeyn, daß auf Hengrinum, Corradar, und aul"
                    HPOS="322"
                    VPOS="1741"
                    WIDTH="1425"
                    HEIGHT="80"
                    WC="0.9749235651995006"></String>
          </TextLine>
          <TextLine ID="eSc_line_e174ea3f"
                    TAGREFS="LT33"
                    BASELINE="328 1823 1300 1845 1750 1840" 
                    HPOS="326"
                    VPOS="1792"
                    WIDTH="1424"
                    HEIGHT="76">
            <Shape><Polygon POINTS="328 1823 326 1835 397 1845 398 1845 481 1840 503 1850 505 1850 506 1850 575 1841 606 1851 608 1851 609 1851 611 1851 639 1843 826 1844 844 1854 846 1854 847 1854 881 1847 1114 1859 1116 1859 1117 1859 1147 1851 1174 1861 1175 1861 1177 1861 1233 1854 1332 1864 1635 1868 1637 1868 1638 1868 1666 1859 1747 1859 1750 1840 1747 1810 1635 1809 1634 1809 1632 1809 1607 1817 1577 1807 1576 1807 1574 1807 1504 1816 1198 1803 1196 1803 1138 1809 1124 1800 1123 1800 1121 1800 1120 1800 1119 1800 1085 1809 891 1796 889 1796 837 1804 789 1794 788 1794 786 1794 766 1803 737 1794 735 1794 734 1794 701 1802 670 1792 669 1792 667 1792 328 1793 328 1823"/></Shape>
            <String CONTENT="Conradum endlich Guntariur, Anno 952. ſo aber kurtz regieret, geſolger ſeyen⸗"
                    HPOS="326"
                    VPOS="1792"
                    WIDTH="1424"
                    HEIGHT="76"
                    WC="0.99453993122299"></String>
          </TextLine>
          <TextLine ID="eSc_line_7b6a835b"
                    TAGREFS="LT33"
                    BASELINE="326 1865 1290 1891 1743 1881" 
                    HPOS="325"
                    VPOS="1828"
                    WIDTH="1418"
                    HEIGHT="84">
            <Shape><Polygon POINTS="1063 1841 1062 1841 979 1848 943 1838 942 1838 940 1838 939 1838 906 1847 884 1840 882 1840 881 1840 805 1845 773 1835 772 1835 771 1835 625 1843 597 1833 595 1833 594 1833 543 1841 382 1828 380 1828 326 1837 326 1865 325 1881 448 1882 469 1893 471 1893 472 1893 539 1885 649 1896 650 1896 700 1888 797 1899 799 1899 904 1892 918 1901 919 1901 921 1901 922 1901 994 1895 1102 1905 1423 1909 1424 1909 1426 1909 1446 1902 1504 1912 1505 1912 1741 1905 1743 1881 1740 1852 1505 1858 1468 1851 1467 1851 1281 1854 1245 1845 1243 1845 1242 1845 1240 1845 1223 1852 1105 1852 1065 1841 1063 1841"/></Shape>
            <String CONTENT="auf welchen alsdann Miebael in eben dieſem 952. Jahr, wie Annaliſta Saro"
                    HPOS="325"
                    VPOS="1828"
                    WIDTH="1418"
                    HEIGHT="84"
                    WC="0.9862605043583446"></String>
          </TextLine>
          <TextLine ID="eSc_line_21f768bf"
                    TAGREFS="LT33"
                    BASELINE="324 1905 629 1922 1175 1933 1738 1929" 
                    HPOS="322"
                    VPOS="1878"
                    WIDTH="1416"
                    HEIGHT="79">
            <Shape><Polygon POINTS="324 1905 322 1926 495 1927 577 1940 578 1940 580 1940 605 1932 656 1944 657 1944 659 1944 713 1936 827 1943 829 1943 830 1943 854 1934 875 1942 877 1942 878 1942 945 1934 1015 1950 1017 1950 1119 1944 1263 1953 1264 1953 1338 1946 1520 1957 1522 1957 1612 1944 1652 1944 1669 1954 1670 1954 1672 1954 1673 1954 1737 1943 1738 1929 1736 1895 1628 1906 1516 1906 1465 1893 1464 1893 1462 1893 1437 1903 1387 1896 1386 1896 1196 1901 1177 1892 1175 1892 1174 1892 1014 1898 989 1886 987 1886 986 1886 928 1892 892 1885 891 1885 889 1885 846 1896 779 1896 734 1882 732 1882 731 1882 645 1893 601 1881 599 1881 324 1878 324 1905"/></Shape>
            <String CONTENT="loc. cit. ſchreibet, gekommen iſt. Hundins ſetzet Aiebaslen ſchon Anno 929"
                    HPOS="322"
                    VPOS="1878"
                    WIDTH="1416"
                    HEIGHT="79"
                    WC="0.9827964547518138"></String>
          </TextLine>
          <TextLine ID="eSc_line_a3d7face"
                    TAGREFS="LT33"
                    BASELINE="319 1947 656 1966 1083 1977 1547 1977 1741 1966" 
                    HPOS="318"
                    VPOS="1917"
                    WIDTH="1423"
                    HEIGHT="84">
            <Shape><Polygon POINTS="1117 1933 1116 1933 1114 1933 1085 1942 946 1942 925 1930 923 1930 889 1927 885 1927 871 1927 857 1927 843 1927 837 1926 769 1936 731 1926 730 1926 728 1926 684 1934 604 1922 602 1922 540 1930 500 1919 499 1919 319 1917 319 1947 318 1966 577 1971 601 1984 602 1984 604 1984 645 1980 663 1987 664 1987 666 1987 799 1983 812 1990 813 1990 814 1990 902 1991 904 1991 964 1983 1005 1992 1007 1992 1230 1997 1232 1997 1286 1990 1477 2001 1478 2001 1740 1988 1741 1966 1738 1940 1618 1937 1617 1937 1566 1950 1472 1950 1399 1949 1382 1936 1380 1936 1379 1936 1341 1934 1339 1934 1249 1944 1146 1944 1119 1933 1117 1933"/></Shape>
            <String CONTENT="unter die Negenſpurgeriſche Biſchoͤff, da vermoͤg unſeres Diplomatis von Octone."
                    HPOS="318"
                    VPOS="1917"
                    WIDTH="1423"
                    HEIGHT="84"
                    WC="0.9801645420491696"></String>
          </TextLine>
          <TextLine ID="eSc_line_d6558389"
                    TAGREFS="LT33"
                    BASELINE="321 1991 524 1994 772 2011 1208 2022 1472 2022 1736 2008" 
                    HPOS="321"
                    VPOS="1960"
                    WIDTH="1415"
                    HEIGHT="82">
            <Shape><Polygon POINTS="970 1974 956 1974 955 1974 936 1981 892 1974 891 1974 820 1978 802 1970 800 1970 799 1970 742 1981 697 1973 696 1973 642 1980 556 1963 321 1960 321 1991 321 2011 398 2009 415 2021 417 2021 418 2021 420 2021 421 2021 448 2011 587 2011 642 2015 676 2031 677 2031 679 2031 742 2021 820 2033 822 2033 885 2022 918 2035 919 2035 921 2036 921 2035 977 2025 1054 2036 1055 2036 1056 2036 1058 2036 1078 2024 1123 2038 1124 2038 1393 2041 1395 2041 1396 2041 1426 2032 1451 2042 1453 2042 1454 2042 1605 2026 1733 2026 1736 2008 1734 1978 1631 1977 1629 1977 1628 1977 1579 1990 1557 1983 1556 1983 1554 1983 1553 1983 1532 1992 1305 1981 1304 1981 1022 1985 983 1974 970 1974"/></Shape>
            <String CONTENT="Tlengrinus Anno 910 noch Biſchotf warc. Mittels Boͤttlicher Gnad kan ich viel"
                    HPOS="321"
                    VPOS="1960"
                    WIDTH="1415"
                    HEIGHT="82"
                    WC="0.9638246700361177"></String>
          </TextLine>
          <TextLine ID="eSc_line_01f429e1"
                    TAGREFS="LT33"
                    BASELINE="319 2039 516 2038 810 2053 1291 2065 1736 2052" 
                    HPOS="318"
                    VPOS="2004"
                    WIDTH="1418"
                    HEIGHT="80">
            <Shape><Polygon POINTS="1421 2024 1419 2024 1402 2029 1163 2029 1123 2021 1110 2021 1096 2019 1085 2019 1052 2025 976 2016 974 2016 912 2025 895 2015 884 2015 875 2014 847 2026 796 2026 748 2009 742 2009 683 2022 648 2007 646 2007 645 2007 643 2007 604 2018 541 2005 540 2005 424 2011 319 2004 319 2039 318 2053 632 2056 822 2076 823 2076 824 2076 856 2067 897 2076 898 2076 953 2065 1014 2080 1015 2080 1017 2080 1071 2073 1352 2083 1580 2084 1581 2084 1583 2084 1620 2073 1665 2077 1666 2077 1668 2077 1692 2065 1734 2063 1736 2052 1733 2014 1598 2018 1597 2018 1550 2031 1542 2024 1540 2024 1539 2024 1537 2024 1447 2029 1431 2024 1421 2024"/></Shape>
            <String CONTENT="leicht von denen Regenſpurgeriſchen Biſchoͤrfen, IN RATTSBONA ECCI-E-"
                    HPOS="318"
                    VPOS="2004"
                    WIDTH="1418"
                    HEIGHT="80"
                    WC="0.9951629059902136"></String>
          </TextLine>
          <TextLine ID="eSc_line_7936de6f"
                    TAGREFS="LT33"
                    BASELINE="322 2084 606 2083 1287 2110 1504 2108 1740 2094" 
                    HPOS="322"
                    VPOS="2042"
                    WIDTH="1418"
                    HEIGHT="90">
            <Shape><Polygon POINTS="952 2058 950 2058 915 2066 744 2063 706 2049 704 2049 703 2049 701 2049 679 2056 631 2045 577 2043 575 2043 574 2043 548 2055 520 2042 519 2042 322 2042 322 2084 322 2099 645 2099 721 2100 737 2110 738 2110 739 2110 741 2110 822 2104 858 2113 860 2113 861 2113 891 2107 902 2116 904 2116 905 2116 906 2116 908 2116 939 2108 980 2117 981 2117 1008 2113 1056 2123 1058 2123 1141 2117 1188 2125 1484 2132 1485 2132 1738 2123 1740 2094 1737 2069 1356 2077 1300 2070 1298 2070 1163 2073 1141 2065 1140 2065 1138 2065 1137 2065 1119 2072 1071 2063 1069 2063 1018 2069 953 2058 952 2058"/></Shape>
            <String CONTENT="SIASTICA ins kuͤnffꝛig etwas dentlichers ſchreiben, maſſen bißhero nur mit diet."
                    HPOS="322"
                    VPOS="2042"
                    WIDTH="1418"
                    HEIGHT="90"
                    WC="0.971296239644289"></String>
          </TextLine>
          <TextLine ID="eSc_line_debe5edb"
                    TAGREFS="LT33"
                    BASELINE="315 2131 652 2128 1349 2154" 
                    HPOS="314"
                    VPOS="2084"
                    WIDTH="1035"
                    HEIGHT="91">
            <Shape><Polygon POINTS="940 2097 863 2101 826 2093 824 2093 823 2093 744 2099 730 2090 728 2090 727 2090 640 2087 489 2084 488 2084 486 2084 485 2084 472 2096 448 2096 441 2089 441 2087 440 2087 438 2087 315 2087 315 2131 314 2149 575 2149 1346 2175 1349 2154 1349 2121 1198 2117 1178 2107 1177 2107 1175 2107 1174 2107 1151 2114 1133 2106 1131 2106 1130 2106 1056 2111 942 2097 940 2097"/></Shape>
            <String CONTENT="Theilen, RATISBONA MONASTICA, in thuen hade-"
                    HPOS="314"
                    VPOS="2084"
                    WIDTH="1035"
                    HEIGHT="91"
                    WC="0.9854087003252723"></String>
          </TextLine>
          <TextLine ID="eSc_line_5b9f21dd"
                    TAGREFS="LT33"
                    BASELINE="1611 2196 1723 2203" 
                    HPOS="1607"
                    VPOS="2140"
                    WIDTH="117"
                    HEIGHT="110">
            <Shape><Polygon POINTS="1611 2196 1607 2247 1631 2250 1632 2250 1634 2250 1695 2220 1720 2220 1723 2203 1724 2152 1680 2140 1679 2140 1678 2140 1614 2145 1611 2196"/></Shape>
            <String CONTENT="Co"
                    HPOS="1607"
                    VPOS="2140"
                    WIDTH="117"
                    HEIGHT="110"
                    WC="0.999851256608963"></String>
          </TextLine>
        </TextBlock>
        <TextBlock HPOS="1911"
                   VPOS="1108"
                   WIDTH="55"
                   HEIGHT="84"
                   ID="eSc_textblock_125d7713"
                   TAGREFS="BT42">
          <Shape><Polygon POINTS="1922 1108 1955 1114 1938 1152 1966 1165 1932 1192 1911 1186 1922 1108"/></Shape>
          <TextLine ID="eSc_line_507dcd6d"
                    TAGREFS="LT33"
                    BASELINE="1915 1128 1953 1128" 
                    HPOS="1915"
                    VPOS="1096"
                    WIDTH="38"
                    HEIGHT="53">
            <Shape><Polygon POINTS="1944 1111 1929 1110 1928 1099 1917 1096 1915 1128 1915 1149 1953 1149 1953 1128 1952 1114 1944 1111"/></Shape>
            <String CONTENT="Ai"
                    HPOS="1915"
                    VPOS="1096"
                    WIDTH="38"
                    HEIGHT="53"
                    WC="0.9999987483024597"></String>
          </TextLine>
          <TextLine ID="eSc_line_6da13464"
                    TAGREFS="LT33"
                    BASELINE="1917 1181 1963 1182" 
                    HPOS="1915"
                    VPOS="1144"
                    WIDTH="48"
                    HEIGHT="54">
            <Shape><Polygon POINTS="1959 1169 1944 1181 1936 1149 1918 1144 1917 1181 1915 1193 1961 1198 1963 1182 1963 1165 1959 1169"/></Shape>
            <String CONTENT="an"
                    HPOS="1915"
                    VPOS="1144"
                    WIDTH="48"
                    HEIGHT="54"
                    WC="0.9999561905860901"></String>
          </TextLine>
        </TextBlock>
        <TextBlock HPOS="1911"
                   VPOS="1205"
                   WIDTH="44"
                   HEIGHT="38"
                   ID="eSc_textblock_ade7d70a"
                   TAGREFS="BT42">
          <Shape><Polygon POINTS="1922 1205 1955 1216 1932 1243 1911 1237 1922 1205"/></Shape>
          <TextLine ID="eSc_line_40f0dbf0"
                    TAGREFS="LT33"
                    BASELINE="1914 1236 1944 1234" 
                    HPOS="1912"
                    VPOS="1216"
                    WIDTH="32"
                    HEIGHT="31">
            <Shape><Polygon POINTS="1941 1230 1932 1216 1919 1219 1912 1231 1914 1236 1914 1247 1944 1243 1944 1234 1941 1229 1941 1230"/></Shape>
            <String CONTENT="5U"
                    HPOS="1912"
                    VPOS="1216"
                    WIDTH="32"
                    HEIGHT="31"
                    WC="0.9999423623085022"></String>
          </TextLine>
        </TextBlock>
        <TextBlock HPOS="1917"
                   VPOS="1414"
                   WIDTH="32"
                   HEIGHT="27"
                   ID="eSc_textblock_1055c439"
                   TAGREFS="BT42">
          <Shape><Polygon POINTS="1922 1414 1944 1420 1949 1430 1917 1441 1922 1414"/></Shape>
          <TextLine ID="eSc_line_e078146f"
                    TAGREFS="LT33"
                    BASELINE="1917 1438 1924 1438" 
                    HPOS="1917"
                    VPOS="1394"
                    WIDTH="7"
                    HEIGHT="67">
            <Shape><Polygon POINTS="1917 1438 1917 1461 1924 1459 1924 1438 1921 1394 1917 1396 1917 1438"/></Shape>
            <String CONTENT=""
                    HPOS="1917"
                    VPOS="1394"
                    WIDTH="7"
                    HEIGHT="67"
                    WC="0.9999099969863892"></String>
          </TextLine>
        </TextBlock>
        <TextBlock HPOS="1922"
                   VPOS="967"
                   WIDTH="10"
                   HEIGHT="10"
                   ID="eSc_textblock_e6994ac1"
                   TAGREFS="BT42">
          <Shape><Polygon POINTS="1932 967 1932 977 1922 977 1922 973 1932 967"/></Shape>
        </TextBlock>
        <TextBlock HPOS="1917"
                   VPOS="1359"
                   WIDTH="27"
                   HEIGHT="31"
                   ID="eSc_textblock_3ef7da85"
                   TAGREFS="BT42">
          <Shape><Polygon POINTS="1927 1359 1944 1379 1917 1390 1917 1363 1927 1359"/></Shape>
        </TextBlock>
        <TextBlock HPOS="1917"
                   VPOS="1465"
                   WIDTH="27"
                   HEIGHT="15"
                   ID="eSc_textblock_64fab089"
                   TAGREFS="BT42">
          <Shape><Polygon POINTS="1921 1465 1938 1465 1944 1475 1917 1480 1921 1465"/></Shape>
        </TextBlock>
        <TextBlock HPOS="1973"
                   VPOS="1165"
                   WIDTH="3"
                   HEIGHT="10"
                   ID="eSc_textblock_7eb1d43a"
                   TAGREFS="BT42">
          <Shape><Polygon POINTS="1976 1166 1976 1175 1973 1175 1973 1165 1976 1166"/></Shape>
        </TextBlock>
        <TextBlock HPOS="1922"
                   VPOS="905"
                   WIDTH="27"
                   HEIGHT="21"
                   ID="eSc_textblock_02b9fc17"
                   TAGREFS="BT42">
          <Shape><Polygon POINTS="1927 905 1938 905 1949 920 1922 926 1927 905"/></Shape>
        </TextBlock>
        <TextBlock HPOS="1917"
                   VPOS="1001"
                   WIDTH="44"
                   HEIGHT="32"
                   ID="eSc_textblock_5d67cfc0"
                   TAGREFS="BT42">
          <Shape><Polygon POINTS="1921 1001 1955 1007 1961 1022 1917 1033 1921 1001"/></Shape>
        </TextBlock>
        <TextBlock HPOS="1973"
                   VPOS="1012"
                   WIDTH="3"
                   HEIGHT="10"
                   ID="eSc_textblock_af1d502c"
                   TAGREFS="BT42">
          <Shape><Polygon POINTS="1976 1015 1976 1022 1973 1022 1973 1012 1976 1015"/></Shape>
        </TextBlock>
        <TextBlock ID="eSc_dummyblock_">
          <TextLine ID="eSc_line_d4fdd428"
                    TAGREFS="LT33"
                    BASELINE="1919 929 1946 929" 
                    HPOS="1919"
                    VPOS="892"
                    WIDTH="27"
                    HEIGHT="55">
            <Shape><Polygon POINTS="1919 929 1919 942 1945 947 1946 929 1946 896 1919 892 1919 929"/></Shape>
            <String CONTENT="2"
                    HPOS="1919"
                    VPOS="892"
                    WIDTH="27"
                    HEIGHT="55"
                    WC="0.9999867677688599"></String>
          </TextLine>
          <TextLine ID="eSc_line_2ab6b6b8"
                    TAGREFS="LT33"
                    BASELINE="1918 1028 1961 1031" 
                    HPOS="1917"
                    VPOS="990"
                    WIDTH="44"
                    HEIGHT="59">
            <Shape><Polygon POINTS="1918 1028 1917 1043 1958 1049 1961 1031 1961 990 1919 990 1918 1028"/></Shape>
            <String CONTENT="mi"
                    HPOS="1917"
                    VPOS="990"
                    WIDTH="44"
                    HEIGHT="59"
                    WC="0.9999790191650391"></String>
          </TextLine>
          <TextLine ID="eSc_line_271cd908"
                    TAGREFS="LT33"
                    BASELINE="1912 1388 1945 1388" 
                    HPOS="1912"
                    VPOS="1339"
                    WIDTH="33"
                    HEIGHT="68">
            <Shape><Polygon POINTS="1912 1407 1945 1407 1945 1388 1945 1347 1914 1339 1912 1388 1912 1407"/></Shape>
            <String CONTENT="te"
                    HPOS="1912"
                    VPOS="1339"
                    WIDTH="33"
                    HEIGHT="68"
                    WC="0.9999961853027344"></String>
          </TextLine>
        </TextBlock>
      </PrintSpace>
    </Page>
  </Layout>
</alto>
