1934 2551
792 218 203 81 i8 (0)

1012 223 95 83 8i8

890 297 81 57 7S2.

881 348 104 65 761.

286 391 1231 92 SIGIRICUS iſ in Regierung des Biſtums Regenſpurg auf Gandaldan

326 443 1110 88 geſolort. Siehe pag. 121. 122 Dat b. vder 7. Jahr regieret.

282 578 1226 99 SNDRERTUS berame das Biſtum Negenſpurg nach STGTRICUM.

867 542 95 64 767.

328 632 1174 89 Vermoͤg Metropol. Salisb. tom. L. pag. 188. ſoll er 32. Jahr,

330 674 1180 92 ader nach Zeugnuß deren Caralogen, S. Emmerami- Cloſter, 22.

328 722 1170 85 Jahr regierer haden. Vermoͤg erſterer Zahl, waͤre er Anno 759,

326 765 1178 88 ader nach der letzteren Zahl ( deren 22. Jahr,) Anno 767. zur

326 806 1167 93 Negernng kommen. Starde Anno 791. Siehe oben gag. 120. 121.

873 918 85 59 788.

699 943 428 97 cAROi.USꝛT2

767 1024 296 71 Langobardoran,

840 1078 149 65 hernach

272 1170 1228 102 ADALNINUS trante die Regierung des Biſtums Regenlpurz an,

801 1128 217 62 Kay ſer.

306 1227 882 83 Anno 791. Siehe pag. 121. Etarde Anno 816.

547 1359 717 117 Die zweyte Anmerckung,

235 1432 1382 135 on der Election deren Biſchoͤffen und Aebbten. Oder:

262 1500 1276 121 Wie, und auf was Weiſe die Biſchoͤff und Aebdte zu denen

605 1574 591 79 Aelteren Zeiten erwaͤhler worden?

204 1594 45 113 6

321 1651 1288 110 den in denen ſolgenden Cayiteln vieles von denen Regenſpurgeriſchen Biſchsͤt⸗

199 1697 27 58 1

379 1710 1226 91 Derenſeiden Einſetzung, Regierung, dann von denen erſten Aedbten

328 1746 1279 96 imeram erzehlet wird; anch z deſſerer Erkanntnus und Begriff ſolcher Er⸗

202 1750 143 72 ehlunge-

218 1791 64 71 nſa

365 1785 37 51 2

310 1808 28 57 e

414 1795 1193 91 ſehr dienlich iſt, wann der Leſer einige Nachricht bekonnne, wie die

199 1831 80 85 at.

340 1832 1262 101 und Aeddte in denen Aeltrren Zeuten erraͤhlet worden? Als will ich in moͤg⸗

303 1866 464 89 urne etwas darvon melden.

204 1917 45 74 9

374 1928 1233 105 in denen erſteren Jeiten des Chriſtenrhum wurden die neur Biſchoͤſ, vondenen

304 1965 56 58 en,

197 1974 42 59 ia

374 1978 1231 93 s ſich in der Proont desVeritordenen orfanden,erwaͤhlet. Sie verſammleten

294 2001 49 59 ꝛer

195 2015 55 59 des

354 2016 1248 98 Sradr, allwo der Biſchoif geſtorden ware, mir Vorwiſſen und Aurhoritce

282 2039 239 82 letropolitan.

197 2060 41 67 n

379 2108 1224 126 .tthen he inid Mlctzdchen Ans umnond ninenens peden dafrte

564 2074 1042 85 Die Eleriſen, und Volck einer ſolchen Ctadr erkaͤſeren einen.

1494 2189 108 65 denen

1568 242 63 74 1.
