1896 2552
357 243 93 71 220.

1198 243 55 73 H-

557 297 739 71 Vmb Edelgſtain, vnd rotes Goldt

551 348 777 70 Wardt man den blinden Zuden holdt.

602 401 774 75 Die Purger heten die Inden verprant

604 450 737 75 Der Kayſer vnterkam zu Handt

553 499 697 70 Er ſchuͤff in Fryd bey ſeiner Kron

548 554 733 71 Daß was gar ein ſchendtlicher Lon

592 606 750 70 Den man da gab eim frummen Rat

601 655 614 68 Vmb ein ſo gar loͤbliche That

551 701 750 75 Daß Er die Kindtlein rechen wolt

1386 727 37 51 .

543 755 634 71 Darzu verloren het das Goldt

597 809 682 68 Daß zugehort eim gmaynen Nut

598 857 873 75 Damit man Witwen, und Wayſen bſchut

543 905 697 73 Drey gannze Jar ſie dem anlagen

543 958 771 68 Den Mort der Juden hart verklagen

588 1012 661 66 Zn lezt do redt der Kayſer dreyn

591 1060 743 74 Daß man der Juden ſolt muͤſſig ſeyn

537 1110 825 78 Des beſchwert ſich da ein gannze Stat

538 1162 673 72 Noch vierzig Jar gehandelt hat

591 1216 634 65 Vnd hat ſo vil Gulden verzert

588 1263 756 68 Als vnnß das Statpuch klerlich lert

538 1315 746 68 Hundert Tauſent Gulden furwar

547 1365 898 76 Funff vnd Dreyſſig Tauſent gannt ond gas

584 1417 699 67 Des Zuden Gut vil groͤſſer was

584 1468 760 77 Daß er den Zuduͤrlern hauffent maß

530 1519 661 71 Kayſer vnd Herren ich entſchuid

528 1568 732 76 Die gar nit handt der Zuden HHuld

584 1621 675 76 Dedoch warden ſie offt betrogen

589 1671 653 74 Von Poten die da zu in zogen

527 1716 728 77 Die Warheyt wolten ſie nit ſagen

530 1772 866 69 Wenn mans von den Juden thet fragen

577 1824 683 63 Dann die Juden gaben in Gelt

571 1875 739 71 Daß auch die Warheyt offt verhelt

527 1923 752 76 Dedoch ſo ſpricht der gemayn Man

524 1976 701 71 Es handts allein die Herren than

570 2024 751 72 Darumb kunt es keyn Furgank han

572 2072 556 88 Dos da ſtard Marimilian

1662 2109 45 72 O
