1566 2270
93 132 93 55 670

593 126 39 53 urs

666 126 48 63 2

771 126 180 63 O) Log

92 168 1376 88 Koͤnigin in Ungarn und Boͤhmen, Ertz⸗HHertzogin in Oeſterreich Ehe

92 228 993 70 Gemahl, als Roͤmiſcher Kayſer erwaͤhlet worden.

224 268 1254 78 Den 18. Septembris hatte unſer Stifft die hoͤchſte Gnad Seine

94 320 1379 77 Koͤnigliche Majeſtaͤt, die Koͤnigin in Boͤhmen und Ungarn Mariam There

94 370 1374 75 ſiam &c. allerunterthaͤnigiſt zu veneriren, maſſen HHoͤchſt⸗gedachte Se

98 422 1319 72 Maſeſtaͤt nach kurtz vorhero angedeutteten allergnaͤdigiſten Dero 2

97 471 1365 72 lens⸗ Meynung, Abends nach5. Uhr unter Frolocken, und allmoͤgu

100 522 1317 69 chiſten Reſpects⸗Bezeugung der Stadt Regenſpurg, in unſerem G

103 571 1335 75 abzuſteigen, und zu uͤbernachten allergnaͤdigiſt geruhet: bey we

102 619 1301 75 Hoͤchſt⸗erwunſchter Gelegenheit ich unwuͤrdigiſter Oberer dieſes St

1403 605 68 76 ffto

105 670 1328 65 die hoͤchſte Gnad genoſſen, mich und das mir anvertraute Stifft

99 717 1349 73 hoͤchſten Gnaden allerunterthaͤnigiſt zu empfehlen. Es ware auch;

103 764 1365 72 gegen das Titl. Hochwuͤrdige ſammentliche Hoche Domb⸗Capitel, en

99 813 1369 76 haͤuffig, damahls in Regenſpurg ſich befindender HHocher Adel, welch

99 865 1361 69 ſammentlich zu den Hand⸗ Kuß von Ihro Majeſtaͤt allergnaͤdigiſt s

99 915 1315 63 laſſen worden. Anderten Tags den 19. Septembris um 5. Uhr 9

100 962 1362 70 gens geruheten Geine Koͤnigliche Majeſtaͤt (zu einen beſonderen Bet

100 1008 1365 75 ſpill Dero Eyffers und Frommkeit) die heilige Meß offentlich in unſe

105 1061 1324 66 rer Stiffts⸗Kirchen anzuhoͤren, nach welcher Allerhoͤchſt dieſelbe (

100 1108 1363 74 ter ſchuldigiſter Aufwartung und Paradirung der Reichs⸗Stadt Rt

100 1157 1346 73 genſpurg,) von hier uber Nuͤrnberg nach Franckfurth Dero R

103 1214 246 64 fort geſetzet.

234 1249 1234 77 Den 25. Septembris hatten wir mehrmalen die hoche Gnad

103 1303 1344 76 Seine Hochheit die Durchlaͤuchtigſte Fuͤrſtin Charlotram Hertzos

102 1356 1326 66 von Lothringen, Franciſci l. erwaͤhlten Roͤmiſchen Kayſers ꝛc. F

103 1403 1360 69 Schweſter, nebſt bielen anderen Hochfuͤrſtlichen Perſohnen in unſere

104 1454 1356 64 Stifft zu empfangen, und unſere demuͤthigiſte Aufwartung zu mache.

100 1496 1329 76 Maſſen Fhro Hochheit Abends gegen 10. Uhr, nebſt anderen hochen &

102 1552 1332 63 ſten⸗Perſohnen in Regenſpurg angekommen, und allhier uͤbernachtet h

102 1596 1358 72 Worbey derhoheAdelerſchienen, und die ſchuldigiſte Aufwartung gemach

100 1648 1339 68 Anderten Tags als den 22. Septembris nach angehoͤrter heiliger Met

102 1694 1365 72 unſerer Stiffts⸗Kirchen, ſetzten Fhro HHochheit unter ſolenner Parac

105 1744 1356 69 rung deren von Regenſpurg die Reis uder Nuͤrnberg nach Franckfuri

104 1792 1368 71 fort, mit welcher auch die andere hoche Faͤrſten⸗Perſohnen: al

105 1842 1371 69 Titl. Titl. Hertzogin von Aremberg; Titl. Titl. Fuͤrſtin von Auerſperg.

108 1889 1362 74 Titl. Titl. Fuͤrſtin von Lobkowitz, nebſt anderen hochen Stands⸗Per

105 1944 510 76 ſohnen dahin abgegangen.

1380 1961 96 83 Eber
