1571 2270
657 131 376 68 2Z (0) Z2z-

1443 126 83 60 615

155 176 1368 83 mn Boͤheimb und Unarn, Ert⸗Herogin in Oeſterreich, dritter

152 228 148 73 Sohn.

145 329 1367 70 lenner Proceſſion ein loͤbliche Stadt Burglengenfeld bey der Grab⸗

285 272 1230 76 Den 22. May am Pfingſt⸗Montag erſchiene in oͤgentlicher ſ0.

142 383 742 60 ſtart S. Wolſtgangi zu S. Emmeram.

273 426 1246 68 Den 12. funii geſchahe zu Muͤnchen per procurationem, die

148 472 1366 70 Vermaͤhlung Titl. Titl. Ihro HHoheit Marig Antonig Durchlauch⸗

141 519 1373 69 tigiſten HHerzogin in Bayrn, Caroli VII. Roͤmiſchen Kayſers hoͤchſt⸗

138 568 1372 66 ſeel. Angedenckens hinterlaſſenen Prinzeßin Tochter, mit Thro Hoheit

140 612 1366 77 Litl. Titl. Friderico Koͤniglich⸗Pohlniſchen Printzen und Durchlauch⸗

136 660 1368 70 tigiſten Chur⸗Printzens in Sachſen. Die ſolenne Vermaͤhlungs Ce-

135 715 1366 68 remonien verrichteten Ihro Durchlauchtigiſte Eminenz ſoannes Theo-

133 759 1366 74 dorus Cardinal in Bayrn, Biſchoff zu Freyſing, Regenſpurg und

126 813 212 59 Luͤttich ꝛc.

263 852 1233 64 Eben den 17. funti 1727. Ware zu Dresden die Vermaͤhlung

127 901 1364 71 per procurationem, zwiſchen Titl. Titl. Ihro HHoheit Maria Anna,

126 945 1368 73 Koͤniglichen Pohlniſchen Prinzeßin und Herzogin in Sachſen, mit

126 996 1366 75 Sr. Churfuͤrſtlichen Durchlaucht Mazimilian ſoſepho Herzogen in

121 1042 1370 81 Bayrn. Das Beylager wurde vollzogen den 20. Julii im Muͤnchen.

122 1095 1366 66 Was fuͤr ſolennitzten bey dieſen hoͤchſten hochzeitlichen Feltivitaten

116 1141 1153 78 gehalten worden, iſt in verſchiedenen Relationen zu leſen.

249 1180 1236 81 Den 17. ſunii begiengen die HHochehrwuͤrdige Cſoſter⸗Jung⸗

117 1233 1369 73 trauen bey dem heiligen Creutz allhier mit groſſer Solennitet die Hei⸗

113 1280 1369 75 ligſprechung S. Catharinæ de Ricciis. Item den 25. ſulii und nach⸗

117 1327 1360 77 folgende Taͤg die RR. PP. Reſormari zu Stadt am Hof die Heilig⸗

109 1383 550 76 ſprechung S. Petri Regalati.

241 1421 1235 83 Seine Koͤnigliche Majeſtaͤt Friderieus Koͤnig in Preuſfen, er⸗

107 1474 1366 79 laubten denen Catholiſchen ein offentliche Kirchen in Verlin zu erbauen,

105 1522 1368 80 zu welchem Gebaͤu in Beyſeyn deren von Ihro Majeſtaͤt darzu verord⸗

108 1573 1365 77 neten hohen Deputirten der erſte Stein dieſes Jahr gelegt wor⸗

105 1616 1368 77 den. Es wurde eine Collecta durch alle Laͤnder und Europaͤiſche Koͤ⸗

104 1667 1368 82 nigreich bey denen Catholiſchen um Beyſteur zu dieſer Kirchen angeſtel⸗

107 1720 1358 79 let, welche auf das Herrlichſte ſollte erbauet werden, und iſt auch biß⸗

104 1771 1007 80 hero ſchon vieles Gebaͤu daran aufgefuͤhret worden.

238 1805 1227 95 Den 7. Septembris 1727. Wurde von einen Hochlsͤbl Wild⸗

107 1866 1360 81 Meiſter⸗ Amt zu Landshut, und andern darzu verordneten, aus Be⸗

107 1911 1355 96 kehi Sr, Churfuͤrſtlichen Durchlaucht in Bayrn, unſerem Stifft S. Em⸗

749 1973 186 81 Ohbh⸗

1284 1962 177 64 merami,
