1554 2270
725 100 328 65 23 (0) Loz.-

1477 107 46 48 2

174 148 1343 73 nen Diplomate an das Rath⸗Hauß angehefft. Das Pfaltziſche Hau

179 200 1339 67 ſuchte fortan Reſtirurionem. Der Churfuͤrſt Manimilian begehrt ſei

175 250 1341 64 ne 12. Million Unkoſten; der Kayſer pretendirte die Verworchun

177 295 1347 69 und Heimfallung der Chur und aller Guͤter. Alfo kunte man ſich ni

171 344 1346 67 vergleichen. Gieng derentwegen der Krieg fort, und karoriſirte dene

174 390 1344 69 Friedens⸗Feinden dieſer Feld⸗ Zug nit, ſondern lidten gar groſſe

171 441 776 63 Schaden von der Catholiſchen Seyten.

287 486 1226 66 Den 26. Fulii hat ein Spaniſcher Obrift⸗Leutenant Nahmer

161 529 1351 68 Pietro de Oueva, der wegen Verdacht mit den HHertzogen von Bregan⸗

161 583 1363 67 gepflogener Correſpondenz, allhie verarreſtirt war, in ſeinem Bert

157 629 377 64 ſich ſelbſt erhenckt.

288 678 1240 73 In dieſem Reichs⸗Tag ſeynd zu Reichs⸗Fuͤrſten erhoben, da⸗

155 728 1380 69 mahls aber noch nit, ſonder anerſt bey dem Reichs⸗Tag, in 1652. in

153 775 1378 67 das Furſtl. Cotlegium introducirt worden, Eyrl Friderich Fuͤrſt

155 824 1376 68 von Hochenzollern, Johann Anronius Hertzog zu Crummau

153 872 1291 68 Fuͤrſt zu Eggenberg, und Wenceolaus Fuͤrſt von Lockowirz.

292 919 1235 70 Fetzt hochgedachter Fuͤrſt und Regierer des Hauß Lockowiez

151 964 1375 66 iſt wegen dero in der Obern Pfaltz an der Waldnab ligend gefuͤrſter

153 1016 1373 66 Eraffſchafft Srernſtain, vor ein Mit⸗ Craißſtand des hochloͤblichen

153 1065 1371 67 Bayriſchen Crayß recipirt, und von deroſelben ein Anſchlag auf 2. mu

150 1116 1372 65 Hferd, und 10. zu Fuß, zu Unterhaltung des Kammer⸗Gerichts 16.

145 1165 1376 55 Gulden, angenommen, und anerbotten worden, noch mehr Guͤter in

145 1208 1372 66 Reich zu kauffen, und der Graffſchafft einzuverleiben nach Innhalt des

141 1254 1247 61 zu Landohut den 12. OCtobris 1622. aufgerichten Crayß Receſs.

269 1303 1244 70 Was in dieſem Reichs⸗Tag gerichtet worden, zeigt der Reichs⸗

140 1353 832 65 Abſchied unterm Dato 10. Octobris 1627.

263 1403 1249 64 Obwohlen im vorigen Jahr die PP. Carmelite vermeynt, ſie

142 1452 1366 65 wollen das groſſe Hauß bey dem Zeughauß, worinn in den Reichs⸗

143 1498 1364 73 Conrenten der Churfuͤrſt von Coͤln Huartier nimmt, und dieſer Zeit

141 1544 1365 75 Verrn Wilden Stadt⸗Cammerer angehoͤrig, und auf St. Jacobs⸗

141 1594 1365 68 Hoff ligend, kaͤuffiich an ſich bringen, und alldorten ein Cloſter er⸗

138 1644 1369 68 danen; ſo hat aber der Magiſtrar dleſen Kauff hintertrieben, und kei⸗

138 1688 1364 72 nes Weegs wollen an⸗ oder fortgehen laſſen. Haben alſo hieraut

138 1741 1359 72 von hieſigem Biſchoff ein groſſe Behauſung der Gutrenſtainer Soft

134 1792 1360 70 Jenannt, ſambt dem voinirten Freyſinger⸗Hoff P. 16500. A. erhand⸗

138 1836 1356 80 At, und weilen zwiſchen dieſen Hoͤffen ein Burger⸗ und Gaſthaut

136 1887 1357 100 unde, haben he doſſeldr ahnr den E evtayſf (wer ꝛꝛs E wad g 1

765 1947 119 68 Aun

1363 1932 127 74 kauffs
