1940 2440
361 130 104 66 280

944 142 29 66 3

352 184 1395 91 monio hatte, und don Domb⸗Biſtum erhauſen kunte, das hat er

1813 219 116 73 Dom

353 237 1382 89 ſeiner Domb⸗Kirchen angewendet, und Anno 1618. den Anfang ge

1815 272 89 69 den,

351 294 1385 85 macht, indem er ſelbe Kirchen gewoͤlben laſſen, hiernaͤchſt leß er ei

1816 323 95 70 raphi

353 345 1389 87 groſſe herrliche Glocken, und zwey anſehnliche Wand⸗Leichter gieſſen

1813 375 114 66 nen er

352 397 1383 86 auch die 2. groſſe Marmelſteinerne Altaͤr, die 20000. Gulden koſie

1822 422 58 70 ꝛr

351 452 1374 86 ten, machen. Alle in Domb ſichtbare roth Marmelſteinene Staͤft

1819 470 96 73 Dlele

348 502 1349 87 tegen. Er lieſſe machen die drey eiſene Chor⸗Gaͤtter. Mahlen,

1827 523 87 72 Schr

352 555 1365 84 faſſen die groſſe kunſtreiche Taffeln, Nariculam Perri, und Tras

1819 574 93 71 choff

349 614 1379 85 tionem Clarium. In den Domb geſtifftet den wochentlichen umgans

1815 623 74 62 und

347 661 1328 88 Feſtum S. Alberti. Ein ewigen Jahr⸗ Tag, zwo ewige Ami

1816 675 50 65 6.

349 717 1370 82 Von dem Pabſt hat er erhalten S. ſuſtinum, und ad S. Salvarore.

1817 722 32 65 e

345 772 1367 86 bey denen RR. PP. Conventualen S. Francilci machen laſſen ein koſtbar

1811 794 85 96 ali⸗

349 821 1368 92 Hoch⸗Altar. Er litte mir hoͤchſter Gedult, da ihme theils von Hos

1807 870 92 68 zu b⸗

347 878 1359 88 Gewitter, theils von dem Feind abgebrennet, und reſpective ruinil

1813 917 53 65 iet

344 929 1299 90 worden, die Haupt⸗ Schloͤſſer VDoͤrrh und Hobenburg auf

1809 966 71 71 Heit

344 984 1316 86 Nortgau. So hat auch der Feind die Maͤrckt TDoͤrrh, Delden

1805 1018 88 71 hnen

348 1037 1324 85 Hohenburg an dem Inn verbrennet An dieſen allen reparirte

1801 1064 117 78 dedlich

342 1091 1337 85 gute Fuͤrſt, ſo viel ihm moͤglich wor. Zu Ankunfft des Koͤnige

1803 1121 62 58 ten.

345 1140 1346 90 Schweden 1652. iſt er zwar auf ſein Gut Deckhlarn in Oeſterre

1807 1159 62 74 ab

340 1191 1316 92 entwichen; aber hernach Anno 1623. von dem Hertzog Bernards

1804 1218 73 60 ert

347 1243 1300 94 Meinmar allhier ubereylt, gefangen, und nacher Nuͤrnberg und9

1804 1263 118 77 kayſer

336 1299 1332 87 burg mit drey Canonicis Weiland Hermn Caſpar Georgen von

1800 1310 61 63 un

340 1351 1262 92 neberg, Hermn Caſpar Rudolph von Salis, und Herm von,

1803 1358 61 72 en.

1636 1377 42 55 e.

1794 1412 114 68 paare⸗

334 1411 1294 86 ching, allen dreyen Domb⸗HHerrn allhie, gefuͤhret worden. &

1804 1457 80 74 nen

334 1464 1313 90 auda uͤber Jahr und Tag, wurde nicht Fuͤrſtlich, ſonder aut

1793 1496 111 91 den ig

341 1512 1341 94 ſchlechtiſt gehalten; wie man ihme dann uͤber 7. Wochen die Spe.

1797 1556 96 72 mer

333 1567 1325 92 mit ſtinckenden Inslet gekocht. Nach ſeiner HHeimkunfft Anno 1.

1790 1602 141 81 a, mi

336 1623 1304 89 weil er keinen Suftraganeum bis Anno 16a8. gehabt, hat er ale

330 1676 1317 91 dinationes, und andere Actns Epiſcopales ſeldſten verricht, une

1683 1676 26 63 1

1796 1691 59 76 nd

330 1724 1328 97 rinmahl zu Eggenfelden 12000. Perſohnen conkrmiret. Nachdeit

1800 1750 84 113 2

329 1782 1266 100 nun ſeine Taͤg mit unſterblichem Ruhm erlebt, iſt er nach zs.

332 1839 1254 91 ger Regierung in 72ſten Jahr ſeines Alters, den 12. April

1598 1842 112 61 Anne

330 1884 1374 96 16a2. in GOtr ſeelig entſchlaffen, und der Gegend des Altars S. An

328 1939 1334 97 drez im Domb in ſeines Antecelloris, und erſten Anfaͤngers di

1800 1945 130 68 I v-

1836 1998 68 46 riche⸗

1575 2006 111 86 Don

1809 2018 110 62 60 A.

1834 2067 68 58 Tte.
