1923 2446
660 184 147 67 a&s

854 184 66 61 )

958 184 107 68 Mg

1486 202 82 53 169

46 228 79 69 des

191 228 40 61 er

236 229 1340 86 unterſtanden diſe Abbten uner das Hiſtumb zu beingen, und hier⸗

84 279 32 112 2

184 277 36 72 M

233 294 1335 72 den Eingang mit der von hieſigem Herrn Biſchoͤffen nie erhoͤrter

191 343 1374 74 orgehabter Viſitation machen wollen, hat dieſer Abbt ſich eyffeig ge⸗

188 392 1380 75 wehrt, und ſowol die zugemuthete unnothwendige Vilitarion. als das

190 442 1375 74 Hauyt⸗Werck ſelbſten, dey dem Paͤbſtl. Stuhl verhinderet, wie die

212 494 21 48 1

237 495 1331 71 ginal-Brieff noch zeigen. (c) Nach dem er aber wohl eraltet,

187 524 60 71 ut

263 544 1301 64 wegen ſchioeren Zumuthungen und Strittigkeiten, auch anderen

190 591 1372 73 Hrfaͤllen, ſehr unpaͤßich worden, hat er ſeinem Vorfahrer gleich,

190 645 1378 68 iuch einen Coadjurorem erwaͤhlen laſſen; ſtarb zu dem Todt wohl de⸗

190 694 1381 69 ſeit Anno 1609. Nach deme er im Cloſter gelebt 5s. im Brieſter⸗,

191 740 1366 105 ſnd 51. in der Abdtey ſiben und zwandis Jahr, evin Monatz,

191 788 618 110 A Los⸗ ſenes Alters 7t. c

660 926 394 75 Incidentia.

256 1028 1308 95 Na 1 11o. iſ Herr Jacob Aichingers Hauß in der Walerſtrar

266 1104 1298 59 abgebronnen, und ſeynd die Benachbarte ſchwerlich errettet wor⸗

197 1126 57 76 n

308 1152 1257 73 Gleichwohl hat dieſe Stadt von 200. Jahren her ein ſolche

184 1201 1381 73 teur⸗ Oronung, die wobl zu loben, und viel vornehme Staͤdt imitirt

190 1254 1376 68 aden, auch auſſer, GOrt wolls dann nit haben, wird man die ge⸗

217 1301 1348 70 rlichſte Brunſten ſo geſchwind und meiſterlich loͤſchen, daß es ohne

191 1349 1371 95 uderen groſſen Schaden abgehe, wie es die Erfahrung bißbero genno

190 1386 128 92 wiſen

292 1420 1269 96 Anno 1ro9 iſt das etaſſer gemneiner Gtadt in dleyen Rohren,

217 1494 1345 76 dorhero in hiltzern Teucheln, herein gefuͤhrt worden; und hat das

197 1542 1365 79 Better aroſſen Schaden in dem Getraid gerhan. Die Sturmwind

184 1595 1376 100 uden oroſle Daͤnn von der Wurhel anfgehedt und nidergeworffen⸗

917 1656 178 90 R nn-

1486 1653 72 85 Ju

58 724 37 58 en

54 1403 26 67 a

39 1456 57 65 lel

40 1755 51 67 K.

201 1805 1361 68 (O) Dieſe Asts und Originatia ſeynd ane vorhanden, worunter ein velkemmene Rachricht zu En⸗

232 1846 1330 65 den) welche R. P. w olcgangus Selender Profels zu S. Emmeram mit egener Hand zulamm-

233 1883 1329 65 arſchrieben, maſſen er damahis theils in dem Cloſter, nnd negen duſen Geſchaͤfft nach Rom ꝛe-

232 1911 215 59 ſchicet worden.

214 1941 1351 81 1) Tbrcd 1502. velſeut zurc, Fauiſchlanrs D. Petrus Palur ae Denns Abtt sas. Lrontium,

233 1989 1329 66 Cadinenſer Congreration. dirſer viErirte mit Paͤbſtachen Gewalt Ne Ciskter, wes er auch ſol-

233 2028 1329 64 Hes dey S. Emmeramn grthan. Es reiſete henuach mit uhͤme em Zer lang. R. P. wolſenague

237 2066 1323 67 rlender Proſeſs a A Enmeramnum. Ln ALa duſer Viliration ſgeyno verwabrt im Ar-

235 2085 99 62 chͤro.
