1923 2446
739 202 30 42 2.

800 184 340 66 1 (0) Lhͤz-

43 222 124 64 bis zu

1553 197 83 48 211

240 224 1396 88 Capell gegen der Biſchoͤſichen Rendenz uͤber, im weiſſen Hannen ge⸗

55 266 112 75 Nach

235 285 1405 81 nannt, darinn die Reiſende auf dem Waſſer taͤglich in der Fruhe ein

53 322 106 66 uſuns

236 335 1400 80 heilige Meß fanden, iſt anjetzo auf dem Boden ein Trinck⸗Stuben,

67 369 90 73 iebes

240 385 1398 81 und oben ein Schlaff⸗Kammer. 1. Bey der ſteineren Brucken St.

241 436 1400 77 Kargaret⸗ Capellen, iſt anjetzo ein Schuld⸗ Thurn. 6. S. Albani

241 483 1399 82 unweit des Praͤpruner⸗Thors, die harte 2. Beneficia, ſtunde noch

63 527 85 62 ⸗ det⸗

239 524 108 67 Anno

351 542 1289 72 1519. iſt hernach abgebrochen worden. 7. S. Spirirus in der

46 573 98 69 Conſi

244 588 1385 76 Cauder⸗ Straß, in des Pfauen Haus. 2. Von denen Apoſtolis,

240 640 1398 74 dder 12. Borten bey der neuen Uhr wird anderwaͤrtig gemeldt.

243 688 1397 74 J. S. Andrer in Ayrwinckel hatte 2. Beneficia. r0. B. Virginis Ca⸗

239 736 1397 84 ſel, die Ingolſtaͤtterin genannt, unter denen Pfannen⸗ Schmiden.

243 774 49 61 11

312 786 1317 85 Ein ander Capell B. Virginis in der Fledacheriſchen Behauſung,

248 838 1386 81 ſt umgeriſſen worden. 12. Im Steuriſchen Haus im Bach ein Ca⸗

240 887 1396 83 Fell SS. Philippi & ſacobi. 12. S. Laurentii auf der Hayd zum Wil⸗

251 940 1386 76 enmann. 1a. S. Thomæ war ein ſchoͤne alte Capellen am Creutz im

243 986 1387 79 Kembling, habens vor Alters die VVielaͤndiſche und Roͤln beſeſſen,

244 1036 1392 79 te Veirlramer hattens im Beſtand, iſt hernach ein Kornſchuͤrt wor⸗

241 1070 70 74 en:

326 1095 1307 73 von denen zweyen verhandenen Glocken, iſt eine ein Schul⸗Glo⸗

243 1138 1391 83 cten worden auf der Poeten⸗Schul. 15. In der Engelburger⸗Gaſ⸗

245 1190 1389 81 n, von wenig Jahren in der Pergeriſchen, jetzt Memmingeriſchen

251 1240 1382 80 Gehauſung war ein ſchoͤne Capeil; ich hoͤre von einem ziemlichen Un⸗

237 1286 1395 81 Suck, ſo geſchehen als man derſelben den Form genommen. 16. S.

248 1335 1388 86 dezii im Lindwurm, in des Hauſingers Behauſung, obs etwann des

240 1381 1390 86 Hermn Doctors Demnirs Haus gegen dem Rath⸗HHaus uͤber (allwo

248 1430 1385 91 ts Hannſen Dollingers Turnier mit dem Handen zu ſehen) moͤchte

241 1483 1395 90 zeweſen ſeyn 17. SS. Margarerhe & Sebaſtiani Capellen in des

251 1532 1381 89 Schiltels Haus, iſt ein Tuch⸗ Laden worden. 18. Von S. Ortonis

278 1588 1355 86 ſpell am Praͤprunn ſiehet man kein Stein mehr. 12. S. Ignarius

244 1618 50 67 o

297 1640 1335 85 mm Bruder⸗ Haus Patron geweſen ſeyn. 20. In des Grafenreur⸗

250 1672 53 72 ꝛe

318 1693 1312 80 Haus in der Grheb S. Dororhez. 21. S. Richardus in des Kol⸗

251 1728 41 53 er

313 1742 1316 81 Haus. 22. Bey S. Chriſtoph auf der Waag. 22. S. Urlula im

263 1789 1367 84 foͤhrerhoff. 22. S. Akra im Poltzenhof. 25. S. Hieronymus im

245 1830 1374 98 Ddayd⸗ Gaͤſſel. 26. S. Sigmund in Hanns Steibleins Haus. 27.

311 1884 1317 95 nnocentes in des Muͤhldorffers Haus am Fiſch⸗Marckt. 22.

281 1939 1351 89 Marrhei in der Leder⸗Gaſſen an der Brucklenten. 29. Unter dem

259 1985 1373 94 Atrocinio Nativiratis Mariz ein Capell mit 2. geſtifften Meſſen in Nun⸗

244 2016 61 107 o

322 2039 1308 109 Dot. 20. Vilitarionis Maria i Simon Schwabels Hot⸗ 21. In

864 2106 141 75 Fff 2

1557 2119 76 70 ter

70 676 74 67 ier⸗

77 724 64 66 rtitt

80 777 57 62 deu

38 824 99 74 ſolch⸗

39 879 98 68 Maſ⸗

46 1027 85 68 ellet-

48 1174 81 70 war

25 1220 98 77 taußt

69 1275 56 59 ins

57 1432 53 53 21.

67 1611 53 71 2u

32 1670 82 69 mo.

29 1814 85 66 t nit

81 1864 12 72 .

67 1958 24 66 2
