1978 2545
391 206 54 58 s6

382 260 1412 99 hete, diſen groſſen Schat, den heiligen Dionvlium, ſamt dem ob⸗an⸗

952 214 66 70 13

1071 216 185 75 0) 2ti

384 319 1411 92 gezogenen koͤſtlichen Evangell⸗ Buch, welches gantz mit Gold geſchri⸗

383 373 1413 87 ben, die obere Deck mit puren Gold uberzogen, und ſehr groſſen Edel⸗

380 421 1415 85 geſtein und Perlen verſetzt und geziert, in diſes unſer Cloſter zu einem

379 470 1416 89 ewigen Gedenck⸗Zeichen verehrt. Diſes groſſe Heilthum, hat der

377 518 1417 95 ſeelige Biſchoff Tuto hernach in diſer Kirch alſo verborgen und ver⸗

377 571 1415 90 graben, daß wenigen die Wiſſenſchafft wurde, wo der Heilige zu

376 626 1415 88 ſinden, damit er nicht auf gleiche Weis, wie ihne Kayſer Arnolphus

373 674 1285 95 bekommen, wiederum denen Frantzoſen zu theil moͤchte werden.

790 787 602 127 APUT X.

363 906 1414 145 Wie der heilige Dionylius wieder gefun⸗

899 1018 363 86 den worden 2

462 1114 1319 94 Eginhardas ein unglbͤckſeeliger Abbt: unter dem nemlich die Eſo⸗

365 1116 97 136 R

490 1180 1288 82 ſter⸗ Kirchen abgebdrunnen; dieſe bemuhete er ſich wieder zu⸗ er⸗

485 1224 1292 90 bauen, welches gleich geſchahe um jene Zeit, da Lco der gte

355 1272 1419 92 dieſes Nahmens Roͤmiſcher Papſt Kayſer Heinrichen den Dritten in

355 1321 1417 94 der Zahl, zu Lieb und Gefahlen in Teutſchland kommen, neben an⸗

352 1377 1419 87 deren hochwichtigen Geſchaͤfften, die zween groſſe heilige Regenſour⸗

350 1428 1421 91 geriſche Biſchoͤff Vollgangum und Erhardum unter die Heilige zu ſpre⸗

355 1480 737 73 chen, und in andere Orth zu legen.

490 1531 1280 85 Reginhardus namme dis Werck in Obacht, und, weilen ſo wohl

348 1577 1416 82 der Frantzoſen, als gemeiner Stadt Regenſpurg Verlangen ware,

346 1628 1416 91 ein Gewisheit zu haben, welcher Theil ſich deſſen Heilthums zu be⸗

349 1679 1411 88 ruͤhmen haͤtte; hat gedachter Abbt ohne das beſchaͤfftiget das verbrenn⸗

345 1740 1415 79 te Kirchen⸗Gebaͤu abzuwerffen, und von neuen zu erſetzen, ſonderbar

345 1787 1413 82 Fleiß angewendt kein Orth gegen der Sonnen Niedergang unbeſucht

345 1838 1406 86 zu laſſen, damit diſes HHeilthum gefunden werde. Wie dann geſche⸗

343 1890 1410 83 hen, als ungefehr der Wurff oder Mertl von der verdrennten maut

339 1941 1409 83 abgepeckt, oder geſchlagen wurde, haben drey von Tutone Biſchoffent

340 1990 1405 88 geſetzte Ziegel⸗Stein, ſo noch vorhanden mit diſer eingehauten larei⸗

339 2040 737 79 niſchen Schrifft ſich hervor gerhan.

1915 1625 44 56 9e

1922 1698 17 19 -

1921 1726 42 44 On

1917 1756 32 58 6

1919 1883 16 42 1

1915 1922 40 50 n

1617 2166 130 69 Emne

1911 1976 44 50 ne

1912 2019 51 69 od

1925 1338 28 61 e

1914 1804 55 66 ꝛa-
