2047 2486
19 303 132 68 n Annt

114 346 28 62 u

111 454 32 54 oe

748 267 13 46 .

805 259 56 72 13

933 261 76 73 )

1016 262 111 74 Ese-

1578 273 80 61 569

258 319 1407 77 Nath auf, begehrten die alte Befreyung der Steur und Ungelt. Dieweil

259 372 1402 76 dan ader nit hoͤren wolte (vielleicht weil die Kammer erſchoͤpfft, oder die

265 424 1393 73 Rnegenten der Stadt, die bey 2o. Jahren in denen Aembtern waren,

255 472 1401 76 ut wohl oder eigennutzig gehauſet,) rotteten ſich die Burger HHauffen⸗

256 523 1402 77 deiß dor dem Rath⸗ Hauß, auf den groſſen Plaͤtzen, und Kirch⸗ Hoͤ⸗

255 574 1408 73 ſen, und deſetzten die Thor ſelbſten. Die Raths⸗ Verwandten mir⸗

256 621 1404 79 ſten ſich in Obacht nehmen, und in die Stifft und Cloͤſter ſich lalvirn.

261 675 1397 74 Der Biſchoff Heinrich wolte aus Vaͤtterlicher Aftection beede Theit

252 727 1406 74 Lern vereinigen, ſprach ihnen ſo treuhertzig zu, daß ihme ſelbſten die

256 777 1402 75 Chranen uͤber die Wang herab fioſſen. Kunte aber mit aller ſeiner

259 830 1398 71 lognenꝛ und Eyffer nichts richten. Es wurde dieſer 1a. Tag waͤh⸗

252 878 1408 80 ſende Laͤrmen nit geſtilit, biß der Magiſtrar von der Steuer und Ungelt

251 929 1406 79 dewichen (ſo doch gewißlich ſo hoch, groß, und ſcharff nit werden ge⸗

256 980 1401 76 deſen ſeyn, als jetziger Zeit) und deßwegen der Gemeind Brieff und

266 1030 1388 74 Sigl geben. Wann ſolche hinnach callirt worden, oder wie die Bur⸗

245 1074 839 76 Kr ſelbe verwahrloſet? iſt mir nit wiblich.

243 1155 74 74 zum

368 1129 1288 78 Biſchoff HHeinrich II. reformirt Anno 1282. die Cloſter⸗Frauen

325 1180 1328 83 heiligen Creutz, und uͤbergidts dem Orden Pradicarorum S. Do-

245 1218 134 70 minici.

360 1283 1289 80 Dieſer Zeit, als Anno 1222. war allhie Hauptmann Hannß

250 1327 1400 87 Suchs. Stadt⸗Cammerer aber Hannß Obenhofer, Erhard und

254 1378 972 76 Degenharr Graſenreuter, und Hannß Crainer.

359 1425 1290 83 Eodem Anno iſt zwiſchen dem Clero und gemeiner Stadt ein

255 1466 1396 90 Bergleich geſchehen, wie es mit Wein und andern Getranck, Mau⸗

247 1521 1402 93 hen, Muhlweſen, Donationen und Legaten. Item de toro Eccleſia-

256 1575 1394 86 ſco contra Cives in cauſis cenluum, penſionum, Redituum & de-

251 1625 1396 91 marum ſoll gehalten werden. Welchen Vergleich Barrholomzus de

244 1672 837 83 uaralcis Nuntius Apoſtolicus conkirmirt.

363 1737 1282 76 Anno 1a87. iſt HHerr Niclas Freyherr von Abenſperg der letzt

238 1755 104 73 ſeines

353 1789 1292 71 Nahmens und Stammens, und ein Nachkoͤmmling Babonis ei⸗

243 1809 59 62 nes

338 1835 1309 80 Zatters, der zwey und dreykig in dem Leben beyſamm gehabter

269 1882 1371 79 ohn, von dem und denen, Cap. ꝛ6. gedacht, unſers Cloſters gewe⸗

244 1903 58 70 ter

334 1933 1309 76 Vogt, von Hertzog Chriſtophen aus Bayrn in der Vecht wider

248 1980 1394 83 gertog Aibrechr ſein Bruder vor Freyſing, auf den Aengern erlegt

254 2031 1380 86 orden; demſelden ſoll hochgedachten Hertzog Chriſtopbs Zung⸗ ſo

238 2053 83 79 nan

330 2086 1304 76 ſetzt Edel⸗ Knaben oder Pagi nennt, nemlichen Seitz von Frauen⸗

241 2129 1393 101 erd mit einem Holchen nnen durch den Panter hineingerrungen und

874 2200 130 78 Aan

1513 2193 119 73 erſty⸗
