1554 2270
659 90 394 72 Fs (6) Ltg-

1449 95 79 50 ſ 21.

158 132 1365 86 namb auf der Thonan nacher Wienn gefuͤhrt, und alda mit geziemen⸗

158 194 1025 70 den Ceremonien in der Capuciner Kirchen beygeſetzt.

281 268 1242 81 Den z. Auguſti wurd zu Prag Ferdinandus IV. zum Boͤhmi⸗

155 321 1367 73 ſchen Koͤnige gecroͤnt. In dieſem Monath haben Ihr Kayſerl. Maje⸗

155 372 1368 66 ſtaͤt an die Sradt Regenſpurg allergnaͤdigiſt begehren laſſen, von de⸗

156 417 1367 67 nen aus Oeſterreich hierauf marſchirenden Voͤickern ſo viel einzuneh⸗

152 465 1371 63 men und zu verpflegen, als vil Chur⸗Bayrn oder Ihr HHochfuͤrſtl.

151 510 1373 72 Durchl. Ertz⸗ HHertzog Leopold Wilhelm begehren wurden. Weilen

147 558 1376 67 aber erſtgemelter Stadt, ſolches unmoͤglich zu thun gedunckte, hat ſie

147 606 1374 76 anterthaͤnigiſt gebetten, ſolchen unterthalt, anderſt woher zu ver⸗

146 664 185 66 ſchaffen.

276 716 1247 98 Den 22 diß hot man den Frantoͤſtiſchen Feld⸗merſhar

150 785 1367 73 Schmidberg, und Herrn General Major Rola, neben ihren Gemah⸗

145 832 1122 87 lin gefangen, auf der Thonan nacher Schaͤrnng gefuhrt.

268 901 1249 83 Man erachtete insgemein, die Friedens⸗Tractaten ſollen ge⸗

143 955 1375 79 ſchwinder, und nutzlicher fortgehen, wann man auch ein Innſtand der

145 1005 1376 79 Waffen machte. Zu Ulm handlete man Anno 16277. darvon, weil

143 1058 1374 75 man aber Kayſerlicher Seiten Bedencken truge, hat der Churfuͤrſt

141 1103 1372 74 Marimilian A parte mit dem Gegentheil pactirt. Der Kayſer erach⸗

140 1150 1376 79 tete, der gantze Kriegs⸗Laſt wurde nur auf ihne kommen, bietete nit

138 1196 1376 80 allein allen ſeinen Kraͤfften auf, ſondern man bemuͤhete ſich auch die

138 1242 1374 83 keyrende Bayriſche Reichs⸗Voͤlcker auf die Kayſerliche Seiten zu brin⸗

137 1288 1377 82 Len, und ware der erſte, der ſich an den Kayſer ergab, der General

138 1340 1375 82 loann de Verth. Dieſer bemuͤhete ſich zwar alle Obriſte, und dero

142 1389 1369 81 Voͤlcker an ſich zu ziehen; dieweilen all andere ihre dem Churfuͤrſten ge⸗

138 1438 1371 85 thane Pflicht deobachteten, hat er mehr nit zu der Kayſerlichen Armee

136 1483 1371 90 gebracht, als den Obriſten Sporcken, Guſchenitz, Schocken, und

137 1532 1371 87 Creur. Dieſer Obriſte Creutz (weil ſeiner von dem Marck Rieb⸗

138 1580 1371 89 bach angeſtelter Proceſſion nacher Regenſpurg kein Pflicht⸗liebender

138 1628 1370 85 Soldat hat beywohnen wollen) hat gemacht, daß deren armen Bauern

140 1676 1368 88 Alle Pferd, Ochſen, und Kuͤhe biß allbero gen Regenſpurg mit dem

140 1725 1367 88 Creut haben gehen muͤſſen. Er war dem allhieſigen Commendanten

141 1769 1362 98 sriligel gar angenehm, der hielte ihne ein geraume Zeit auf, allweil er

140 1833 39 59 in

199 1822 1303 91 Bayrn ſich nit doͤrffte blicken laſſen. Der Oberiſt Leutenandt von

145 1867 1357 102 Sechtenau, um willen er den Fahnen nit hat tragen wollen, hat von

821 1938 162 73 u un 2

1410 1913 93 60 dem
