1991 2551
751 263 31 51 .t

805 255 320 78 1 (0) Ete-

239 296 1414 106 rams⸗Grab () vor dem heiligen Eruciſir (h) fuͤr das allgemeine An⸗

1564 280 92 68 101

241 357 1408 95 ſltegen der Chriſtlichen Kirchen, und Wohiſtand ſeines Cloſters ſein

238 409 1409 95 Gedett verrichtete, in demſelben aber wider allen Gebrauch entſchlief⸗

241 460 1406 96 ſe, iſt ihme vorkommen, als ob ſich Chriſti des Gecreutzigten Bild⸗

241 514 1409 93 nuß von dem Creutz abgeloͤſt, die zwo auf denen Leuchtern brennende

238 559 1408 94 Kertzen genommen, urd ihme unter die Augen gehalten, von deren

238 610 1408 98 Hitz er erſchrocken, aufgewacht, und an der Stelle ſein Geſicht wie⸗

242 661 1401 100 der bekommen; worfuͤr er dann GOtt gelobt und gedanckt, auch ſein

239 712 1183 90 leſtaͤndiges Geſicht bis zum End ſeines Lebens behalten hat-

360 772 1283 86 Als Anno 979. ein ſchwaͤrer Krieg ( wie in den 15. Capitel

229 813 1413 98 ickon Anregung geſchehen, und im za. gemeldt wird) waͤre, und

232 860 75 66 aud

331 874 1305 89 die Stadt Regenſpurg gelten wollte, hat Ramvoldus, (gleichwie

236 918 1401 98 ſein Vetter S. Wolfgang) ſich auch auf ein Seythen, nemlich in ſein

239 969 1401 98 rolels- Haus nach S. Marimin begeden, und alldorten das End der

236 1018 1400 98 Anruhe erwartet; (D hernechſt iſt er mit einen groſſen Schatz vieler

235 1057 50 69 hei

306 1071 1327 95 gen Reliquien und Gebein in dieſes ſein Cloſter zuruck kommen,

235 1112 40 61 vi

292 1126 1341 89 chen er alsdann zuvorderiſt denen jenigen Heiligen, ſo zu HHayden⸗

228 1172 1409 97 Zeiten, um Chriſti, und des heiligen Glaubens willen allda auf den

225 1220 1415 102 Marter⸗ Berg gelitten haben, eine Grufft gegen Aufgang der Gon⸗

225 1272 1415 102 den von Grund auf gebauet, (.) mit fuͤnf Altaͤrn, in welche er ſeine,

226 1322 1406 103 nitgebrachte Heylthum mehriſt eingeſchloſſen, gezieret, und durch S.

225 1371 1271 107 Toltgang weyhen laſſen Anno 280. vermoͤg dieſer Innſchrifft,

348 1463 939 90 Conſecrat ediculam Mandrita lupambulus iſtam

344 1516 874 91 Abbas Ramvoldus, quam tibi Chriſte, ſtruit.

338 1590 856 96 Biſchoff Vollgang werher dieſe Claus,

343 1649 941 95 Die Abbr Ramrold baur GOrr zum Haus.

216 1764 122 75 unſer⸗

372 1740 1263 105 O Den erſten und Haupt⸗Alrar hat er auſgeopffert zu Ehren

370 1798 1260 95 Heylands und Seeligmachers JEſu Chriſti, und der a. Evan⸗

218 1842 1408 119 eeiiſien, id ſolchen ſtynd angeſchloſſen worden ſolgende Derichun;

971 1918 98 74 N 2

1555 1930 77 72 als

248 2035 496 83 CH) Larrage tom. ITT. 7ag. 122.

256 2077 33 51 n

313 2086 878 106 tꝛn n Endꝛ us Laneen vn Annnckung von den Crvcifn,

252 2120 476 85 O Basnage rom. IIL. v2c. 110.

255 2152 181 58 O) Lbiacm,

253 2189 800 113 ) En Aamler ro nolrs C.kier nan 1ꝛs. unnrd.
