1978 2546
428 244 96 58 126

1017 254 331 82 8 (0) EMd

427 298 1413 113 ſchoͤpfen; verehrte demnach unſerem Cloſter, Reuth, inegemein

424 359 1409 110 Voatereuth, (-) mit aller derſelben Zugehoͤr. Welche Schan⸗

424 410 1409 109 ckung der heilig Kayſer Hainrich vermittels und aus Vorbitt ſeiner ge⸗

423 459 912 96 liebteſten Gemahlin Cunigundis beſtaͤrtiget.;

420 519 1409 97 1070. an S. Leonis des Pabſts Tag, und Anfangs in Sr. Benedicts⸗

1402 497 431 68 ) Sſt geſtorden Anno

421 565 1411 101 Capellen begraben worden. Als aber gedachte Capellen Anno 1656.

420 619 1409 96 wegen des neu erbauten Dormitorii hat muͤſſen abgebrochen werden,

414 666 1414 107 ſeynd ſemne Gebein mit Fleiß geſucht, und in unſer Cloſter⸗Kirchen

415 721 1115 96 transkeriret worden, den Orth weiſet ſein Manlolzum.

550 770 1269 105 Orto Landgraf von Stephling und Riedenburg, Graf von Re⸗

408 823 1405 103 genſtauff, Calmuntz, und Lengfeld, Buragraff zu Regenſpurg, wur,

408 874 1408 97 den lateiniſch Caſtellani genennt, ein Sohn Henrici und Richardis S.

407 920 1411 109 Leopoldi Schweſter, ein Enickl Ruperri, und Ur⸗ Enickl Babonis⸗

407 974 1405 106 Grafens von Abenſperg und Rohr, ware ein Mann von allen Tugen⸗

401 1028 1411 102 den, dahero um ſeinen Vor⸗ Elteren in guten Wercken zu folgen,

400 1074 1409 104 ſtifftete er am Fluß Regen dem Orden S. Bernardi ein Cloſter vval⸗

397 1127 1412 104 derbach genannt. Unter anderen allen ſeinen Tugenden aber erſchine

396 1176 1413 105 ſonderbar die Demuth, von welcher ihne auch der Todt nit ſcheiden

394 1229 1409 97 kunte: dann vor ſeinen End befahle er, man ſou ihn unter die Kir⸗

393 1275 1406 104 chen⸗Thur St. Emmerami begraben, weil er ſich unwuͤrdig ſchaͤtte

390 1328 1408 116 unter ſo dilen Heiligen zu liegen, wuͤrdig abder das ihne alle mit Fuſſe.

391 1381 290 71 tretten ſollen.

483 1434 1311 102 Neben denen vorher beſchriebenen, befinden ſich noch 12. Negen⸗

389 1487 1405 100 ſpurgiſche Biſchoͤff allda begraben. Ingleichen der abgeſetzte Koͤnis

387 1541 1397 92 in Franckreich Hil. DERICUS oder HILPERICUS. der Anno 718. i

390 1584 1336 107 dieſes Cloſter kommen, und als ein Moͤnch da geſtorden, (12

1678 1664 108 95 nicht

414 1779 351 59 () Unweit Waſſerbura.

485 1823 1115 76 Deliche hurnach das Diploma Henrici Pil Imperatoris auf das Jahr MXXT.

498 1867 1280 90 Hlenc ben Eugang i due Dar⸗ Kurchen S. Ruperti, lucker Hand, an den Gaͤter, ſod

441 1901 675 60 vordern Theil unerer Etiffrs⸗Nirchen ſchlieſſet.

485 1933 1276 91 ) De noch vabandenr gemwahre Duorus Ottonir, ſo ab der gtoſſen Ponen des oD

445 1978 1322 77 Paus S. Emincrami hanger/ da man von den groſſen Frerthotf heremn gehet, gidr die Anzeis

445 2008 1302 82 um weicher Gegend derſetde begraden worden. Maſſen vrle alte Mauſolæa und Epiraphis

437 2045 236 48 grund gegangen.

437 2083 1333 85 rrr) Dier Annrler Derriniani malden, daß HIL.MERICUS ( Cbildericus) zn sꝛrbis.

432 2132 1210 80 das iſt, i dem Bertinianiſchen Eioder geleter, und geftorden ſeye. Eꝛhe auch com,

1686 2140 79 56 Fers-

1653 2152 29 48 ,

427 2169 1338 78 ptorum Rerum Francicarum. D. Marrini Boucer. Ord. S. Benedicti Congrez. S. Mauͤ,

428 2209 1305 83 ri. Pag 25 & 1sI. lrem Georrinm ad Eccurd. tomn. L. Francin Orienral. Pac J11.
