1934 2551
21 296 71 55 ꝛri-

19 342 70 61 an⸗

43 386 44 63 en

48 437 44 60 S.

34 487 55 67 (h)

29 541 48 65 6I

21 590 69 67 Re;

22 643 70 62 28.

21 694 66 68 Zir⸗

740 233 31 57 -

791 226 356 75 28 (00 Log-

1572 238 75 58 192

358 282 1295 76 Anno 817. geſchah ein freundlicher Vergleich zwiſchen Kayſer

233 335 915 71 orhario und Ludovrico. Annal. Fuld. &c.

358 391 1289 62 Anno g28. ſtillete Ludoricus die unruhige Boͤhmen, als aber

238 439 1405 74 das naͤchſte Jahr darauf dieſe ſich wieder in das Gewehr richteten,

235 491 1411 70 ſettlich Fried degehrten, die Bayriſchen aber das Armiltitium nicht hrel⸗

243 544 1401 71 en, haben die Boͤhmen obgeſiegt, und ihnen groſſen Schaden zuge⸗

238 592 696 65 fugt. Annal. Franc. & Fuld. &c.

357 642 1284 75 Anno 850. war ein ſolche Theurung und Hunger im Reich,

248 695 1089 74 aͤb Vatter und Mutter ihre Kinder nichr verſchonten.

357 752 1292 62 Anno 851. hat Embrico (n) die Regierung hieſigen Stiffts an⸗

241 799 1402 75 ſetretten. War ein Lobwuͤrdiger, auch auslaͤndiſchen Scribenren be⸗

249 850 1397 74 annter Herr, der wegen ſeinen Qualiraren Ludorico, ſeinen Soͤhnen

252 902 1392 73 odorico, Carolomanno und Carolo II. (ſonſten aber im Nahmen

245 938 65 68 em

334 958 1316 59 Hierdten) Crado genannt, ſehr lieb und angenehm; dahero er

248 1007 1395 68 aͤch von erſt angezogenen Carolo Crallo, als er Roͤmiſcher Karſer

238 1038 76 71 wvar

330 1058 1316 68 die Emmeramiſche Abbtey erhalten; wie oben im 6. Capitel ver⸗

249 1108 1400 75 arckt worden. (o) Es finden ſich in unſern alten libris Traditionum

246 1156 1400 78 zmich vil Guͤter und Opfer, ſo zu S. Emmeram, unter dieſes Biſchoffs

286 1210 1363 74 gierung gewidmet worden; aber auch vil Verwechslung und Ver⸗

253 1247 46 58 N

310 1265 1339 71 chung derſelden; wie dann in zweyen Buͤchern 107. ſpecikcirt wer⸗

262 1293 52 74 n

355 1316 1294 70 Ob alles mit Nuten geſchehen? kan darum kein Urtheil gefaͤlt

263 1367 1384 68 Aden, weilen von denen mehriſten weder das Geſtiffte, noch das

282 1417 1367 65 ngetauſchte mehr vorhanden. Iſt nach 20. jaͤhriger Regierung und

255 1463 1392 73 nuchen Ableiden in unſer Cloſter⸗Kirchen zu ſeinen Vorfahrern be⸗

246 1502 382 85 zraden worden. (p)

250 1618 1403 79 cn Baſtices oder Rarhomarus, mit den Hertzogs Tutl uber Maͤhren

358 1566 1293 73 Tieſes 851. Jahr war Ratilolaus (vulgo Raßla) andere nen⸗

1556 1680 94 68 und

283 1787 68 66 n.

375 1808 20 62 ⸗

311 1839 56 51 In.

411 1815 1238 64 nkridus ſin Vorſakrer ware nech Oiſchon zn Negeneurg anno 252. darn das Dipioma

323 1876 110 64 uchofe

449 1856 1201 55 Nͤnigg trant welctes er dte E chancung vvnlnelmi dcs Grafens zu zerten Erchandrid;

311 1926 1342 63 Erm Loler tenede zuleſennas oben m pag. 159. 16o. aus Thomallino erzrhler norten wu ſehr dr

465 1897 1185 53 entaͤttiger har n geſchruben anno XX. Regni Franciꝛ Orientalir. mitbi anno 86s.

309 1965 1342 61 Aaͤchen, nd Synoai Neie Verlerbungen deren Abdtrven vertotten. Derſeldr tan auch von du⸗

313 2005 1338 68 enn was Carolus Craffus hur gerdan. hemach meihrers ſhen, m dem Diglonare Amalyd

309 2050 1340 67 a nweers auwo er lagr: Das Carolur von der Zut anrdaer Entricboni das cluters. Enne-

306 2069 69 55 rami

387 2094 1264 64 gdrgrden temen E ug mehr erſochten habr. Tide Diploma Arnulybi z Ende das vnche

307 2107 264 76 nach denen Jabren.

348 2148 1302 84 a Tr-is. Slrerd wter Andnerr.VdeFar. Er tu n. V. ꝛnrna-

310 2188 734 82 t ronrn. U. Thelauri Aneedor. vorre 2. ꝛu leſen,

45 806 40 42 n0

49 1101 38 65 uis

46 1343 39 64 V

34 1398 42 61 zb

65 1911 21 60 .
