1571 2270
657 146 28 50 n

714 136 334 65 2 (O) Eg-

1447 146 82 60 617

150 234 1379 80 der alten Reſidentz allda, worbey ainige Perſohnen das Leben einge⸗

295 186 1239 76 Den 5. Mert 1750. verbrante zu Muͤnchen ein groſſer Theil

146 274 140 74 dieſſet.

280 334 1245 72 Den 2. April 1770. ware die praͤchtige Huldigungs⸗Ceremo-

145 383 1378 76 nie, da der Loͤbliche Magiſtrat und geſamte Burgerſchafft der Reichs⸗

143 432 1381 74 Stadt Regenſpurg den Ayd der Treu Jhro regierenden Kayſerliehen

140 479 1381 74 Majeſtaͤt Franciſco I. allerunterthaͤnigſt abgelegt. Titl. Titl. Herꝛ

138 529 1381 72 Furſt von Thurn und Taris auf den fuͤrwaͤhrenden Reichs⸗Tag Kay⸗

135 580 1375 69 ſerlicher HHoͤchſt⸗ anſehnlicher Principal- Commiſlarius wurde von Gr

131 629 1384 72 Kayſerlichen Majeſtaͤt zu Aufnamm des Huldigungs⸗ Ayd bedollmoͤch⸗

129 677 1385 75 tiget, dahero auch dieſe Solennitaͤt mit Fuͤrſtiichen Pracht vollendet

128 730 179 64 worden.

257 774 1255 70 Den 12. May am Pfinaſt⸗Montag kame mehrmalen die Stadt

124 824 1382 71 Burglengenvelo unter offentlicher ſolenner Procellion zu den Grab

124 873 447 64 S. Wolfgangi allhero.

248 920 1256 68 Den 21. Septembris 1750. Abends um 7. Uhr, ware allhier in

118 967 1379 73 der Hochfuͤrſtlich⸗ Taͤriſchen Reſidentz die Vermaͤhlung Titl. Titl.

122 1018 1380 69 Herrn, Herꝛn Alezandri Ferdinandi Fuͤrſtens von Thurn und Laris ꝛc.

114 1066 1385 71 mit Titl. Titl. Maria Henrica, Titl. Titl. HHin. Hin. ſolephi Erneſti

114 1114 1075 73 Fuͤrſtens von Fuͤrſtenberg zweyten Printzeßin Tochter.

243 1166 1247 64 Den 9. Octobris dieſes Jahrs verſchlede zu Muͤnchen Tirl. Tirl.

108 1211 1384 71 Maria Lmmanuela Therelia HHertzogin aus Bayrn, Caroll VIL. Raͤ⸗

108 1262 1383 67 miſchen Layſers Hoͤchſt⸗ ſeeligen Angedenckens Frau Schweſter, Pro-

108 1312 1384 70 feſlaͤ in dem Cloſter S. Carr auf den Anger alldaͤ. Ware gebohren

105 1362 1382 64 den a. Auguſt 1698. Noch vor Ende dis Jahrs, den 21. Decem-

103 1408 1380 71 bris geſeegnete gleichfahls dieſes Zeitliche, Elilaberha, Roͤmiſche Kay⸗

102 1457 930 67 ſerin, Caroli VI. Roͤmiſchen Kayſers Wittib.

237 1508 1245 67 Nachdeme Seine Churfuͤrſtliche Durchlaͤucht und Hertzog in

99 1561 1379 68 Bayrn Mariwilianus ſolephus denen RR. Fratribus Milericordia

148 1610 1330 67 S. ſoannis de Dno,) oder denen ſo genannten Barmhertzigen Bruͤ⸗

98 1658 1378 68 dern, gnaͤdigiſt erlaubt ein Holpirale in Dero Chur⸗Landen zu errich⸗

97 1706 1378 73 ten, als haben ſelde RR. Fratres, noch in den 175oſten Jahr den

95 1752 1378 77 Anfang zu Aufrichtung eines Holpitalis, nahe an der HHaubt⸗Stade

98 1804 1372 72 Muͤnchen gemacht, und gleich ihre Ordens⸗ Bruͤder zu Erweiſung der

98 1855 1370 74 Chriſtlichen Liebs⸗Dienſten, ihren inſtituc gemaͤß, angeſtellet. De⸗

95 1905 1123 78 ren erſter Vicarius ware R, Frater Emmeramus Groneis.

719 2005 118 89 Jii.

1376 2012 92 94 Aut
