1934 2551
42 290 64 61 en,

43 347 57 51 en,

43 385 67 62 hat

36 433 71 68 und

35 490 72 66 heu⸗

41 532 69 68 die⸗

49 589 51 60 ge.

34 640 70 64 nder

49 705 45 46 n,

26 834 68 82 uſe

41 891 56 65 wi

48 1296 41 64 al

42 1346 45 66 ut

35 1408 33 61 ,

734 215 391 69 1S (0) 228-

1558 221 75 59 195

355 272 1285 73 Anno 822. haben die Heuſchrecken in Teutſchland denen Trayd⸗

235 325 1402 77 Fruͤchten einen erſchroͤcklichen Schaden gethan, und in Zeit einer Stund

239 378 597 79 n die ꝛ00. Jauchert verderbt.

537 593 802 131 APUTXXXI.

320 769 1319 77 SISMUNDUS der Vierdre Abbt zu S. Emmeram, folgte auf Si-

243 827 1396 71 O Zekridum, wie lang aber Sigetridus regieret, iſt nichts gewiſſes

316 880 1323 68 zu melden, wohl aber zeiget ſich, dat Sigilmundus Anno 829.

253 928 1386 71 coͤdt zu S. Emmrram geweſen ſeye, wie in einer Commutatione,

275 975 1366 80 Vertauſchung) ſo zwiſchen Sigilmundo und Barhurico Biſchoffen

245 1031 1398 70 cnno 529. geſchehen, zu leſen iſt. Beſiehe dieſe Commutation an ſei⸗

248 1079 1388 78 en Orrh zu Ende dieſes Theils. Wie lang Sigilmundus regieret, iſt

248 1118 168 83 ngewis.

348 1197 1292 84 Nach dieſen bisher angezogenen Proͤlaͤten () baben die Pi⸗

253 1254 1383 81 hoͤr allhie die Abbtey 17S. (d) eingehabt. Dann gleichwie Batbu-

243 1309 1400 75 cus, alſo auch ſein Succellor Ercbanfridus Altimirte Kayſers Lndovici

272 1364 1369 73 emprion und Befrenung gar wenig, brauchten Gewalt, und hau⸗

250 1411 1391 71 ſten, als wann das Cloſter ihrer waͤre. Dis zu erhalten verhinder⸗

289 1459 1350 74 Zathuricns alle vorgenommene Electiones eines andern Abbtens,

259 1506 1384 79 m er Biſchoff und Abbt ſeyn kunte. Sein latention befoͤrderte

309 1560 1332 81 lnruhe im Reich, und des Kanſers, nemlich mit ſeinen z. Soͤh⸗

249 1597 50 61 er

313 1615 1327 72 taͤrt⸗waͤhrende, von der Stieff⸗Mutter angeſtiffte Controverſia.

321 1669 1320 74 eynd zwar unter beeden Biſchoͤffen viel Guͤtter zu S. Emmeram

245 1714 1394 85 snaͤnd und geſchenckt worden, wie ſolches nicht allein die verhandene

248 1765 1395 84 ndavons⸗ und Donations⸗Brieff melden, lpecialiter von die⸗

845 1828 156 69 Bb 2

1552 1831 91 77 ſem

25 1505 50 58 zus

35 1605 50 57 uil

38 1643 48 70 us

36 1750 46 61 zet

279 1985 1148 86 O) und nach dmn Teyr Eugennd Pabſens, ſo des Cloſters Eremytion betaͤnger.

275 2043 1371 79 O) Es ton tane genne Zebl deren Habren geſerer verden, ſondem von der Zeur des NNladens

319 2094 1327 67 sigunundi Atdtmns. (efen Jabr der Tots untetannr) bis anr Ne Huren B. RAMTOLDI.

321 2132 1322 70 nechen, nu due Hiſtorꝛa lanter, der Henl. NOLFCANUUS, weder als enen Adten en⸗

320 2161 828 86 rlcdi hat. Durſu ten enno n2 vdn n t velchchen Eera-
