1566 2270
90 110 92 64 288

596 116 36 61 &.

88 161 1372 81 in Oeſterrelch, Vrancilci Groß⸗HHertogens von Horenz, und Her⸗

675 116 291 75 8 (00 Lht-

92 213 1371 84 tzogens in Lothringey, und Mariæ Thereſig Ertz⸗ Hertzogin in Oe⸗

85 266 863 79 ſterreich ꝛc. ꝛc. Caroli VI. Tochter, Sohn.

222 315 1236 89 Den 22. Matj (am Pfingſt⸗Montag) r7ar. kame mehrma⸗

83 369 1373 92 len in einer ſolennen Proceſtion zu S. Wolkgangs⸗Grab nach S. En

84 423 852 78 meram die loͤbliche Stadt Burglengenfeld.

220 481 1241 83 Den 19. Junii 1721. Fruhe um halber S. Uhr verſchiede Tiel.

88 530 1286 84 Godefridus Langwertus de Simern, Epiſcopus Teutrani⸗, 2

85 577 1363 86 Biſchoff zu Regenſpurg: Prœles Conliſtorii: des hochen Domb⸗Ca

84 633 1359 75 pituls Canonicus &c. ſeines Alters 72. Jahr. Ein gelehrter, from

83 679 1369 81 mer, eyfferiger Seelen⸗ Hirt. Von deſſen milden Stifftungen deren

84 726 1328 82 Wayſel⸗ Haͤuſern ꝛc. iſt oben gemeldet worden. Nach deſſen 2

82 774 1359 83 ſuccedirte Titl. Tirl. ſoachimus ſoſephus de Schmid, Prœles Cond

79 822 1373 83 ſtorii- Vicarius Generalis &c. ein ſehr gelehrter Herꝛ, welcher der

82 873 1304 82 22. Februari 1722. allhier in der hochen Domb⸗ Kirchen als Ep

1398 881 26 50 c

87 921 1356 79 pus Lengonr, und Suſtraganeus Ratisbonenſis conſecriret worden

80 971 1361 89 Deme GOtt, zu Nutzen des gantzen Regenſpurgeriſchen Biſtums

78 1021 667 71 ein langes Leben verleyhen wolle.

211 1078 1235 86 Anno 1722. den 22. Fenner wurde zu Franckfurth Carolus VI)

83 1124 1330 87 Chur⸗Fuͤrſt und Hertzog in Bayrn, zum Roͤmiſchen Kayſer erwi

71 1179 1358 77 let, welcher alsdann den 12. Februarii von Titl. Titl. Clemenl

76 1225 1341 85 Auguſto Chur⸗Fuͤrſten und Ertz⸗Biſchoffen zu Coͤlln, als Sein

73 1276 1363 80 Kayſerlichen Majeſtaͤt Herꝛn Brudern, gecroͤnet worden. Den2

76 1327 1317 79 Mertz dieſes Jahrs, (am Sonntag Letare) ware in der hochen Doi

71 1372 1314 80 Kirchen wegen Erwoͤhlung Caroli VII. Roͤmiſchen Kayſers, ein gi

70 1422 1300 81 Solenniter. Nach gehaltener Predig wurde ein HHoch⸗Amt, un

69 1467 1234 85 DEoM Laudamus, unter Abloͤſung deren Canonen abgeſungen.

1390 1462 48 62 el⸗

69 1522 1315 88 ches auch in unſerer Stiffts⸗ Kirchen den 2. Junii mit moͤglichiſter

68 1567 530 63 lennitet verrichtet worden.

199 1628 1147 83 Bald nach Oſtern verreiſeten die indeſſen zu Regenſpur⸗

1364 1628 79 58 ber⸗

68 1674 1376 85 bliebene Titl. Tiv. Herren Geſandten, nacher Franckfurth, abwohin

74 1721 1372 87 Seine Majeſtaͤt Carolus VI. den Reichs⸗ Tag angeordnet batte-

70 1775 1368 80 Den 10. Maij 1722. legitimirte ſich zu Franckfurth de Novo, Nah

63 1822 1384 79 mens des Kayſers Caroli VII, Titl. Titl. loleph Ernſt Fuͤrſt von

66 1872 1363 77 Fuͤrſtenberg als Principal- Commiſlaͤrius. Welchem aber gleich fot

59 1923 1385 87 gendes Jahr Anno 17a8. den 2. Werd in ſolch hoͤaſter Wuͤrde eine⸗

1287 1964 143 75 Kayſer
