1566 2270
591 136 51 63 as

675 136 46 65 3

760 138 229 67 O) Lbge-

100 151 84 62 780

230 186 1242 78 Anno 1730. iſt bey denen Herren Auguſtinern allhier in Regen

98 235 1377 79 ſpurg, dero Kirchen herrlich renoviret, das Cloſter von Fundamen

97 288 1373 72 aus zu bauen angefangen: und Anno 1758. der Bau vollendet wor

100 337 1371 70 den. Die Arbeit an Gemaͤhl, und Gibbs machten die beyde Herrel

99 390 1097 65 Bruͤder Coſmas Damian, und Egidius Cuirinus Alam.

234 432 1237 78 Anno 1750. den 2r. Februarii ſtarde Benedictus XII. Roͤmi

1388 466 83 63 Fben

102 489 1245 67 ſcher Pabſt. Auf welchen Clemens XIl. den 12. fulli gefolget.

1394 520 72 57 rhrs

100 537 1310 69 in dieſem 17730ſten Jahr im Monath Mertz ſtarbe zu Venedig.

100 585 1293 69 Churfuͤrſtliche Durchlaucht Therelia Cunigunda Sobieska Chu

1446 619 20 50 1

100 631 1294 73 ſtens Marimiliani Emmanuclis ſeeligiſtens Angedenckens hinterle

103 681 1360 74 Ehe⸗Gemahlin, deſſen Leichnamb nacher Muͤnchen herausgebracht

103 740 556 54 und alda begraben worden.

229 775 1224 73 Anno 1750. den 2z. ſunii, als in dem XVIIL. Sœculo der &

102 828 1299 71 tholiſchen aͤltiſten wahren Religion, begienge allhieſige Reichs⸗C

103 877 1348 76 Regenſpurg das Zweyte Seculum der von Martino Luthero eins

104 928 1316 70 fuͤhrten neuen Lehre. Es wurde auch allhier bey Fohann Georg.

102 978 1289 69 mann Anno 1750. (ohne Zweifel mit Willen uno Befelch des loͤb

109 1027 1301 70 Magiſtrats) der nach dieſen Capitel zu leſende Bericht ꝛc. ꝛc. gedru

238 1075 1181 72 Den 15. ſunii 1750. fangte Titl. Herr ſoannes Probſt i.

108 1124 1340 71 Magn zu Stadt am Hoff das neue Cloſter zu bauen an, da das vo.

105 1171 1353 72 ge Anno 1652. von dem Schweden, und andern gaͤnglich zu Bodens

109 1219 1342 69 riſſen worden. Eben in dieſem Jahr lieſſe Titl. Titl. Herr von Sime⸗

107 1272 1312 68 Suffraganeus Ratisbonenl. &c. &c. ein mit groſſem Eyffer vor

107 1315 1355 78 Catholiſche Religion begabter Seelen⸗Hirt dasWayſelhauß, vor mehrei

107 1370 1322 68 Catholiſche Wayſel⸗Kinder allhier erbauen, welches alles derſelbe

107 1420 1305 68 eigenen Xoſten bewuͤrcket, und geſtifftet hat. Ein dergleichen 2

108 1466 1326 75 ſelhauß hat dieſer fromme Praͤlat Anno 1756. auch bey St. Peter

109 1513 1338 74 Stadt am Hoff, auf S. Wayſen mit Einverſtehen des Magiſtrats.

1438 1546 33 51 n

114 1563 1299 73 ſtifftet: allwo zugleich z2. arme Schul⸗Enaben unterwieſen wer

112 1611 1287 75 Der Magiſtrat zu Stadt am Hoff hat ſich verobligiret dem G

108 1665 1291 74 meiſter und Wayſen⸗Vatter alle Viertel⸗Jahr 22. fl. zu bezahlen.

1427 1677 49 68 oi

239 1710 1159 74 Anno 1752. wurde zu Haindling ein ewige taͤgliche Net

108 1756 1359 76 einem Gutthaͤter geſtifftet, und mit Erlaubnuß eines Titl. Hochwuͤl

108 1803 1370 77 digen Conſiſtori das neue Prieſter⸗Hauß allda, wegen denen viele.

108 1848 1365 84 Wahlfarthern erbauet. Nachdeme alsdann PI. R. D. Mathias Reii

111 1899 1366 80 hardus Lehner Pfarr⸗Vicarius zu HHainſpach Anno 1727. mit Cou

109 1945 1368 87 abgangen, hat Geine HHochfuͤrſtlich Durchlaucht Theodorus Hertzo,

109 1993 1368 101 in Bayrn, und Biſchoͤſf zu Negenſpurg, unſerem Stifft dieſe Gna,

1367 2036 69 80 ert.
