1923 2446
35 232 87 58 daß-

20 281 100 65 dann

53 376 59 68 als

13 432 103 66 aſſen.

25 485 91 63 hten

23 535 92 66 vaͤre-

46 581 66 69 den

750 179 356 87 1S (0) ENr

1526 186 81 62 179

214 237 1410 74 ferirn, ſie nit zu verdencken ſeyn werden, wann ſie auf andere Weiß

213 290 1406 72 ihnen vorſehen wurden. Gleichwie aber Churfuͤrſt aus Sachſen (deſ⸗

216 339 1409 71 ſen Freu beſtaͤndig gegen ſeinem Kayſer gerichtet ware,) ab dieſer

216 390 1410 70 Schickung oder Legation kein Gefallen trug, alſo gefiele ihm auch

217 440 1411 75 ut, was ſie hernach zu Schwaͤbiſch Hall beſchloſfen, und von dem

216 490 1409 80 Layſer durch Brreſt begehren laſſen; Er ſoll die Republic in ein an⸗

213 544 402 71 dern Stand richten-

337 584 1291 77 Anno 1608. hat der Stoß in der Thonan an der hiltzern Bru⸗

214 637 1411 83 cken erlich Joch hinweg geriſſen, und groſſen Schaden in dem Muͤhl⸗

217 697 270 72 werck gethan.

335 735 1290 77 Den 31. May ſeynd zc0. Haydelbergiſche Anecht gen Saler ge⸗

220 788 1406 78 egt worden. Worauf man den 22. ſunii die groſſe Stuck allhie aul

220 842 909 82 su Paſtey gefuͤhrt, und die Thurn verſehen.

750 937 353 122 Zu fas.

369 1043 1257 80 s auf dieſe Zeiten hat das Eloſter jaͤhrlich zu Nom den Cenſuͤm an⸗

290 1093 1336 67 O nuum bey der Paͤbſtlichen Cammer bezahlet. Clemens VIII. hat als⸗

217 1140 1407 70 dann viræ vocis oraculo erlaubt, daß ſolche Schuldigkeit mit einander, ale s.

216 1183 509 68 Jahr ſotte abgeluͤhret werden.

327 1225 1298 64 II. Volkgangus Selender zu Proſſowicz in Boͤhmen gebuͤrtig, wurde

220 1267 1404 61 dey S. Emmeram Proſeſlus Religiolus Anno 1528. Er ware ſromm, und

220 1305 1402 68 an Eyfferer der Cloͤſterlichen Diſciplin. Fleißig in Ourchſuchnng deren alten Do-

220 1352 1404 59 rumenten, und Hiſtorien, aus welchen er vieles zuſammen notirt, und deſchrie⸗

221 1392 1397 63 drn. Anno 1590. iſt er ſchon Prior beſtellet worden. Er wurde nach Nom ge⸗

217 1430 1402 63 ſchiett weaen Len Vilitations-Procers. Da er auch oͤffters an Kanferlichen Hott

228 1482 1391 57 lm Kanſeruchrn Ochntz unſerrr Pririlegien abaryronet worden, iſt er dem Kanſer

217 1519 1404 62 brkannt, wegen ſeinen ſchoͤnen Oualiteten und Frommkent angenehm, endlich Anno

222 1564 1402 55 TSo-. Ahbr zu Brannan worden, allwo er die Eloͤſterliche Diſciylin wider in Flor

220 1606 1401 64 Fedrachr, und da er von denrn Krtzern aus der Adbtey vertrirden, hat er ſein Le-

222 1648 1397 66 sen zu Tomaſloricn, allwo er hngrſiohen, Anno 1679. geendiger. Dieſer P.

228 1680 94 56 No1

350 1689 1275 76 ngns Selender ware Anno 1599. zugleich Vienrius, vder Plarr⸗ Ver⸗

218 1733 1014 77 deſer in klarting wie in dieſer Jahrs⸗ Rechnung in leſen,

23 690 91 64 icte.

58 735 52 61 det

69 784 39 55 s.

35 884 71 64 hen⸗

33 930 70 68 iſtli

42 1078 59 64 elt

44 1130 63 63 edet

44 1183 55 61 er

39 1225 71 75 ſou⸗

54 1770 31 59 ꝛ

61 1925 38 50 en

21 1963 90 68 daß⸗

887 2117 250 85 O00 2

1474 2094 140 97 CA-
