1959 2500
38 283 62 61 er⸗

22 334 83 54 nut

54 376 40 68 e

43 476 55 71 ahr

726 227 356 77 ꝛS (0 289-

1511 234 82 61 271

201 279 1391 86 tum Galtzburg inveſtiret worden. Er relignirte ſolches dem Papſt,

198 343 1396 72 zon deme empfieng ers wieder. Er hat dem groſſen Reichs⸗Tag all⸗

198 370 74 67 hier

277 395 1320 68 (andere wollen zu Wuͤrtzburg) beygewohnet, und die Kirchen⸗

201 443 1395 72 Freyheit nicht allein dazumahl, ſonder ſogar zu Rom wider den Kay⸗

200 494 1397 72 er und andere Geiſtliche Fuͤͤrſten mit groſſer Gefahr ſemes Lebens ver⸗

202 543 1397 73 oͤchten, worauf er bey dem Kayſer in ſolche Ungnad gerarhen, daß er

204 594 1393 72 ogar ſeines Lebens nirgends ſicher geweſt; ein haldes Jahr hat er ſich

207 647 1393 71 a einer Hoͤll im Gebuͤrg bey Aamont, auch im Cloſter in einer Cell

200 695 1399 74 anter der Erden 16. Wochen verborgen, hernach in Gachſen gefiohen,

200 730 65 65 und

279 750 1321 63 unter Weegs in einen Waſſer ein gantzen Tag bis an den Hals

202 797 1397 73 ſlehend ſein Leben lalviren muͤſſen. Von dannen wieder an unterſchred⸗

212 848 1387 74 che Orth ſliehend, und ſich armſeelig aufhaltend 9. (Gevvold ſagt 7.)

207 901 1392 71 Suhr zugebracht; alsdann von Luitpoldo, Marggrafen in Sreuermarck,

209 931 21 60 r

258 954 1343 65 Saltzburg wieder eingeſetzt worden. Thate denen Cloͤſtern, und

211 1000 1396 75 Hotts⸗ Haͤuſern viel gutes; regierte gar loͤblich und nutzlich, und be⸗

207 1044 707 81 cloſſe ſein Leben ſeelia Anno 1127.

315 1100 1288 76 Anno 10sz. beſchaͤdigte alhier ein groſſe Brunſt unſer Clo⸗

200 1126 80 119 in.

316 1198 1287 75 Anno rosa. kame alhero Marianus Scotus aus Schottland,

208 1223 58 72 zin

276 1256 1328 71 portreflcher gelehrter, und heiliger Mann, ſo mit etlichen ſeinen

211 1304 1390 75 Ands⸗ Leurhen das Vatterland verlaſſen, in Teutſchland kommen,

208 1334 60 66 den

283 1359 1321 66 Orden S. Benedicti in Sr. HHichaels⸗ Cloſter zu Bamberg (wel⸗

213 1381 63 73 hes

295 1408 1312 61 Cloſter Zainrich und Ernſt, Grafen von Kirchberg geſtiffter

215 1454 1386 72 Aaden) angenommen, ſich alsdann allhero verfugt, zu Nider⸗ und

219 1484 88 71 Oder

325 1506 1282 73 Munſter ein Zeitlang beherbergt worden. Wegen ſeiner Hei⸗

216 1534 100 78 igkeit

320 1559 1286 70 hat ein reicher Burger, Gebaſtian Beer allhie, zu dem Kirch⸗

209 1583 63 65 ein

301 1613 1306 71 as Weyh St. Peter geheiſſen, vor der Stadt dem Stifft Ober⸗

219 1658 1384 75 Kunſter gehoͤrig, ein Cloͤſterlein erdauet Fran Wachrilo, Abbtißin

291 1712 1315 72 nder⸗Munſter reichte taͤglich das Bier, und die Burgerſchafft

275 1762 1332 75 cden. Auf dieſes ſevnd die Schottlaͤnder ze mebr und mebr bie⸗

213 1779 53 69 her

282 1812 1326 75 zereiſt, alſo, daß ſolches zu eng worden. Worauf man ihnen in

209 1833 56 71 der

284 1865 1324 69 Stadt ein herꝛliche Abbtey ( um Willen dieſelbige ſo fleißig wa⸗

212 1880 51 70 er

305 1916 1303 61 mnit ſonderbahrer Arth die ſtudirende Fugend ſehr nutlich unter⸗

211 1937 143 88 dreſen,

212 2012 1396 78 ccuͤrten, und viel Guts thaͤten) wie auch hernach an etlich Orrhen

377 1968 1230 69 die heilige Schrifft mit Jedermanns Verwunderung inter-

263 2063 1343 80 Reich, erbauet. Er hat viel nutzliche Buͤcher geſchrieben, iſt ſeelig

218 2109 1390 89 Morden, mit Wander⸗ Felchen im keden und Lod geleuchtet⸗ und

1554 2175 54 58 in

37 633 57 62 Bi⸗

25 680 70 71 am⸗

36 733 51 61 ani

36 831 59 64 von

40 1137 44 67 n

30 1237 54 65 gier

27 1391 59 61 ene

33 1438 48 59 ey

50 1786 29 64 1
