1923 2446
50 250 102 57 einen

61 288 89 76 ſetzen

53 345 89 73 wor⸗

67 448 66 75 run

50 538 88 72 durch

58 603 16 56 1

84 608 12 46 e

80 640 47 65 ſia

59 690 71 75 Der

43 737 88 79 Leic

40 813 40 48 1.

62 849 65 54 Ma.

702 157 392 71 ci8 (0) Lhg-

1527 163 73 62 59.

225 211 1384 74 nen, ein Meil Weegs von Regenſpurg, zu Vvengzenbach und Bern⸗

228 269 1381 69 bardewald. Es war ein groſſe Schlacht und ernſtliches Treffen. Al-

225 319 1384 68 derto kam zu hilff der Kayſer Maximilian; Friderich von Branden⸗

229 368 1382 68 Surg mit 2. Soͤhnen, Caſimiro und Georgio; Ericus von Braun⸗

229 415 1381 74 ſhweig, und andere. Nach langen ſcharffen Gefecht ſeynd der Boͤh⸗

231 468 1382 71 den 1800. geblieben, und S0o. gefangen worden, die uͤbrige Fiuͤchti⸗

232 519 1381 69 ſe haben die Bauren aufgerieben. Auf Alberti Seythen iſt geblieben

236 569 1374 69 beorgius Schenck von Uleudeck, der Letzte ſeines Stammens, bes

235 619 1374 60 enen PP. Dominicanern allhie begraben. Der Kayſer und Hertzoa

239 667 1374 72 krich ſtritten ſehr ernſtlich wider die Feind, der Kayſer empfieng mit

236 720 1377 69 men Streit⸗HHammer einen Streich uͤber den Rucken, worvon er

233 769 1380 72 mt dem Pferd gefallen waͤre, wann nicht HHertzog Erich das Pferd

237 819 1377 72 ey dem Zaum, dem Kayſer aber bey dem Armb erwiſcht, und erhal⸗

240 866 1377 74 en haͤtte. Den Dienſt hat der Kayſer wohl vergolten. Ericus bekam

241 917 1377 73 uch gefaͤhrliche Wunden. Durch Vorſorg des Kaoſers, ſo ihme die

247 968 1370 72 eſte Artzten zugeſchafft, iſt er wieder geheylet worden Hierauf iſt

236 1017 1382 75 dan zuruck auf Regenſpurg kommen, und hat GOtt um die Victori

229 1068 623 74 zrdanckt, darauf wurde Fried.

342 1129 1275 72 Anno 1cor. Hielt Kayſer Marimilian alhie einen Reichs⸗Tag,

236 1187 1378 72 ctormirte und brachte in beſſere Ordnung das Cammer⸗Gericht,

251 1239 1363 76 rgliche die ſtreittende Furſten, und namm den Chur⸗Fuͤrſten Phi⸗

231 1285 451 79 idy wieder in Gnaden.

332 1356 1287 59 Anno 1507. ſoannes III, Pfaltz⸗ Graf bey Rhein, HHertzog in

235 1403 1386 71 bayrn, Philippi Chur⸗Fuͤͤrſten Sohn, Domb⸗HHerꝛ zu Paſſan, iſt

237 1458 1384 68 on ſeinem Herm Vettern und Vorfahrern Ruperto &c. zu einem

243 1509 1375 65 oadutorn angenemmen worden Nach deſſen Tod hat er die Ad-

239 1557 1379 69 unͤſtration des Biſtums voͤllig bekommen; es war ein erwuͤnſchter

241 1608 1373 70 furſt, hielte das ander Jahr ſeiner Regierung, gleich einen Svno-

248 1651 57 65 an

349 1661 1268 67 Freytag vor Reminiſcere, in welchem von Erhaltung der Ca⸗

243 1706 1376 76 zdliſchen Religion. und Verbeſſerung des Geiſtlichen Stands tracti-

243 1750 28 53 e

298 1762 1324 65 vorden. Er hat auch nutliche Satzungen gemacht wider den

250 1807 1371 73 DLucher der Zuden, die allhie jedermann beſchwaͤrlich geweſt, und hat

229 1835 83 85 rlde

318 1863 748 69 Pabſt Leonem X conkirmiren laſſen.

347 1914 1275 65 Anno 1700. als Marimilian der Kayſer all ſeine Feind aedaͤmpfet

235 1966 1389 75 fatte. iſt er allhie unter Loͤſung der Sruck ſehr glorios eingezogen, und bat

236 2011 1386 91 dn den 1. Julu ihme zu Ehren emn anſehnliche Procellion mit ſon⸗

1537 2069 84 79 cer⸗

25 1152 70 58 ken

59 1288 63 66 pont

54 1521 68 79 mit

48 1682 56 61 en

46 1780 47 59 es

76 1917 38 68 et

33 1977 77 61 ſtar⸗

24 2073 88 69 menl⸗
