2111 2572
264 288 1419 150 denenſelben die hohe und groſſe Gnaden, ſo

823 251 354 74 2S (0) 2pta-

258 387 1429 138 von dem Hoͤchſtloͤbl. Chur⸗Haus Bayrn die⸗

264 475 1418 149 ſem Cloſter S. Emerami in viel weg, und offt

264 568 1422 149 gnaͤdigiſt ſeyn erwieſen worden, anfuhren

260 661 1420 143 thue, alſo habe auch meiner unterthaͤnigiſten

255 753 353 101 Devotion

630 773 1050 127 ermeſſen, Euer Churfurſtl.

267 840 1419 145 Ourchl. als einen Succeſſori oben Hoch⸗ge-

257 925 1425 149 dachten lheodonis des Stifters undCaroli

252 1014 1431 153 des Groſſen, und heiligen Kayſers ermelten

251 1108 1426 145 Cloſters Reſtauratoris, und abſonderlichen

264 1198 1413 153 Gutthaͤters, auch der uͤbrig oben Hoͤchſt⸗

255 1296 1417 144 gedachter Hertzogen und Churfuͤrſten, ſo

250 1384 1426 134 dieſes Cloſter in deren Special-Protection

255 1477 1414 141 gnaͤdigiſt genommen, Deſcendenten un⸗

248 1566 1421 152 terthaͤnigiſt zuſchreiben, und mit ſolcher de⸗

247 1657 1415 150 muͤthigiſten Dedication, abſonder heut,

257 1744 1406 156 gehorſamiſt aufwarten, auch anbey Euer

250 1833 1416 154 Churfuͤrſtl. Durchl. zu dem nunmehro mit

255 1927 1404 150 der Gnad GOttes erfuͤllten 18ten Jahr

252 2016 1408 155 Dero Aters, und mithin wuͤrcklich henti⸗

898 2137 172 119 0

1529 2161 127 106 gen

70 528 40 80 O

78 1288 14 48 ⸗
