1959 2500
36 283 64 61 &

47 325 62 75 hat

56 380 45 56 ne

47 440 58 47 ell,

43 580 62 67 von

69 641 21 49 1

678 233 400 69 utAs (O) Eog-

1497 238 84 53 272

194 280 1391 81 uoͤch in Elend, und nach erlittenen groſſen Schmertzen ſtarb er gaͤb⸗

191 320 89 71 uing.

308 341 1275 68 rrelpho, oder Guelpho wurde auch kranck, daß er ſeines Le⸗

194 387 1392 76 Fens zueylendes End vermerckte. Dahero durch einen Abgeſandten den

198 440 1390 71 Kayſer nit allein um Verzeyhung, und Gnad gebetten, und ſelben im

207 491 1376 68 Ceſtament aber alle ſeine Guͤter, ſo er in Bayrn, Tyrol, und Schwa⸗

202 543 1383 69 en hatte, zum Erben eingeſetzt, ſonder auch das gantze Werck, und

201 570 35 61 e

259 594 1324 67 angene Conſpiration ſamt allen Verbuͤndnuß⸗Genoſſen entdeckt,

197 643 1386 75 ſernach ſich mit GOrt verſoͤhnt, und im Frieden ſemnen Geiſt auf⸗

195 677 109 85 Nden.

312 743 1273 69 So bald der Kanſer dieſes vernahm, eylete er im gedachten

204 848 1381 71 uagte vor allen Staͤnden den Biſchoff Gebharden, ſeines Vatters

309 800 1273 63 Jahr allhero gen Regenſpurg, hielte einen Reichs⸗Dag; ver⸗

216 898 1372 70 grudern, daß er an ihme Crimen la læ Majeſtatis begangen. Der

276 950 1312 70 hoff wolts anfaͤnglich laugnen, iſt aber durch Gegen⸗Zeugnuß zum

222 1001 1364 68 etennen vermoͤcht worden. Dieweilen nun die Staͤnd fuͤr ihne ſo

198 1025 93 76 ſtarc

304 1054 1286 64 gebetten, iſt er nur mit dem Erilio geſtrafft, aber bald wider

213 1100 1372 70 otiwiͤrt worden. Herentgegen iſt eodem Anno Gebbardus Biſchoſf

204 1125 28 61 i

259 1152 1326 70 uchſtaͤt zu einen Pabſt, und Succellorem S. Leonis erkiſet worden;

202 1177 55 63 ꝛr

273 1204 1317 66 olche Dignirer zu Mayntz oflerirt, aus Demuth nit hat annehmen

209 1252 1379 71 Mdlen, hernach aber in Comitiis allhie conſentirt, und dieſe Wort

207 1277 25 61 1

257 1306 1326 69 em Kayſer geſprochen; Sihe ich ergibe mich gantz dem Heil. Petro,

290 1356 1295 64 ſt, mit Leib und Seel, und ob zwar in dieſen Sitz mich unwuͤr⸗

279 1406 1307 64 rkenne, ſo will ich doch euren Befelch gehorſamen, doch mit die⸗

205 1420 42 71 er

276 1454 1309 66 beding, daß ihr K. Petro widergebet, was ihme gehoͤrt. Ira Han-

200 1500 1386 73 zewietanus. Dieſer Pabſt hat ſich Pictorem genannt In dieſen

225 1554 1365 75 eccher Tag hat der Kayſer in Boͤhm eingeſetzt Spirigneum an ſtatt ſei⸗

204 1573 53 72 ꝛs

286 1609 1296 68 erſtordenen Vatters Bretislai. Unweit Regenſpurg hat um dieſe

229 1634 33 57 e1

294 1659 1291 70 ein Leben auch geendet Sigbardi Vetter Boto eines vortrefflichen

288 1711 1297 68 ſlechts in Nordgau, ein Herr von ſehr groſſer Statur und einer

197 1722 122 84 olchen

200 1777 265 98 Zeichen hatte.

344 1761 1241 69 Staͤrcke, daß er weder in Teutſch⸗ noch Weiſchland ſeines

322 1855 1261 74 Anno rors. den 8. Septembr. ſtarb Kayſer Heinrich (nI.)

201 1868 49 79 m

273 1891 42 61 ꝛ

204 1952 1381 84 ourde odgedachter Koͤnig Seinrich der I. gen Aacd gefuͤhrt, und in

327 1908 1258 72 Jahr ſeiner Regierung. Nach deſſen gezimmender Begraͤbnuß

207 1976 58 65 er

284 2011 1301 72 Kayſerlichen Stuhl geſetzt. Bald hernach kam er mit ſeiner Frau

204 2022 128 83 Mutter

352 2063 1229 71 Agnes in einen Reichs⸗Tag allhero, uberließz derſelben (in

205 2101 1370 105 Rgenwart Pabſt Pidterts) als einer vernunſfngen M alter Gerechize⸗

983 2170 102 86 3.:

1504 2162 82 78 keit

38 988 55 62 tol⸗

29 1041 65 57 lan-

59 1145 28 56 t

41 1181 46 64 pat

50 1237 38 61 id

65 1490 19 47 .
