1978 2546
408 271 88 68 122

400 325 1411 107 beruhmten Wuͤrtenbergiſchen Cloſter Hirſchau Speyrer⸗Biſtamds,

1102 289 66 68 )

1178 285 91 81 29

400 388 1403 95 ein Liecht unſers heiligen Ordens, ein Reformirer und Vermehrer deſ⸗

400 438 1411 100 ſelben, ein Vatter der Armen, der in LebeZeiten und nach dem Todt

400 490 1411 102 vil Wunderwerck gethan, und einen Prophetiſchen Geiſt gehabt, hat

396 544 1410 98 die kundamenta in geiſtlichen Ubungen, und aller Geiſtlichkeit in unſe⸗

396 601 1409 87 rem Cloſter gelegt, wie er dann vil Monumenta in Altrologia, Mu-

394 640 1407 102 ſica, und andern Kuͤnſten hinterlaſſen. Daß S. Wilhelmus von Fu⸗

393 694 1412 102 gend auf in unſerm Cloſter geweſen und erzogen worden, geben ſeine

393 752 1408 92 eigne Wort, die er im Prologo ſemner zu Hirſchau eingefuͤhrten Retor-

391 800 1411 88 marion gleich Anfangs geſetzt; Poſtquam ego Er. Wilhelmus DETor-

390 850 1409 94 dinatione & Fratrum Hierlaugienlium Electione ejusdem loci Provi-

390 895 1412 105 ſor lum conſtirurus, tradidi eis inprimis, quas A Puero didici in

390 946 1153 95 Monalterio S. Emmerami Regularis viræ conluerudines.

522 1001 1279 100 Ermelter Abbt Appollonius vertauſchete (1) Erchankrido einen

386 1046 1413 106 Diacon allhie, mit Conlens ſeines Convents das Gut Gaͤnckhoffen

383 1106 1411 97 um die Hoffmarck Schambach, die nach der Zeit wider vom Cloſter kom⸗

382 1154 1417 99 men. Aber 1659. (m) mit ergibigen Beytrag Herrn Johann Geors

383 1210 1408 94 Hartmann beeder Rechten Doctoris und Nider⸗Oeſterreichiſcher Land⸗

382 1257 1410 98 ſchafft Syndici um eine gewiſſe Stifftung wider zum Cloſter erkaufft

380 1308 1409 103 worden APpollonius regierte dreyzehen Zahr, ſtard alſo Ann⸗

386 1356 189 68 710. (n)

408 1674 1377 92 0) Eben dieſe Vertauſchung, welche Appollonius Aodt mu Erebanfrido Diacono, o abt-

442 1719 1342 83 in hochen Alter Anno 826. Diſchoff zu Negenſpurg vorden, gemacht hat, beſtaͤrnget das ſenigt,

441 1751 1337 90 was ich kurb zuvor in der Anmerdkung vor dleſen Caritel von Arpollonio gemeldet. Duſe Bel⸗

441 1796 1336 85 rauſchung in geſchehen unter Lndovico dem Koͤng, Cohn des Crolꝛ Magni, wis ſolces miͤ

441 1834 1334 86 tiaren Worten deſchrueden iſt. Dueſe Commuratio in zn Ende duſes Duchs zu leſen. Da nu

440 1881 1337 83 Crolus Magnus vermog der Bulla Leonis, Anno 798. denen Menchen zu S. Emmeramn a-

438 1922 1337 82 den eigmen Abdtmn zugegrden, und das Cloſter deſtezer l wu hernach an ſemen Orttz zu leſer.)

437 1960 1335 86 Appolloniur y duſer Zeur als Erſtur Abbt bey S. Enmeram angeſett worden, der ſems Avsen⸗

440 1994 1325 92 Ergerung bis Anno 81ꝛ, welches nach den Tod Caroli Magni, das zweyte Kegurungs⸗Has

432 2025 1342 103 Ludovici Regis ſernrs Cohus ware, erſtrecket. In weichen Jahr Appollonius geſtorden,

434 2083 1338 81 dann Riehpaldus Adt m S. Enmeram bat i eben duſen Jabr, Kalend. Noreutroͤ.

432 2121 1339 86 in zweyten Jahr des Reichs Iandoviei Regis ſeine Echanckung dem heuigen Enmeramo gemag,

398 2165 626 64 (m) Unter der Negerung Nbbrs Cœlenini.

398 2215 1217 106 u) arrllenungnn u ruz. n ale Ano trer m ni an ꝛro gLerdu.

1645 1520 144 76 Inci-
