1939 2441
351 200 81 56 580

1177 204 78 60 1.

921 203 53 73 3

1039 195 66 76 o,

335 235 1418 99 botten hal, auch in Reich an Ge. Kaoſerliche Mafeſtaͤr, den Hoch.

339 309 1414 80 Gebohrnen Friderich, Marggrafen zu Brandenburg, Stettin, Pomeru,

337 360 1410 78 der Caſſuben und Wenden, Herzogen, Burggrafen zu Nuͤrnberg, und

343 412 1400 77 Furſten zu Ruͤgen, unſeren lieben Oheim und Furſten zum Obriſtel

344 463 1394 76 Feld⸗ HHauptmann mitzuſchicken fuͤrgenommen, der auch aus Pfliaͤ

340 515 1337 77 ſchuldig Gehorſam mit mercklicher Anzahl zu Roß und Fuß, da

1682 515 64 69 ſeu

339 566 1399 75 Liebe mit des Reichs Unterthanen, und beſonder deſſelben unſers Liebe.

346 618 1384 74 Herꝛn und Vatters des Roͤmiſchen Kayſers, und unſern Bund d.

336 669 1388 76 Lands zu Schwaben, durch den Wohl⸗Gebohrnen unſern Schwi

339 724 1373 70 gern, Rath und des Reichs heben Getreuen Eberharden Grafen

336 770 1350 73 Wirtenberg und Muͤmpelgart den Aeltern, als des Bunds,

336 821 1387 72 Hauptmann, und an Seine ſtatt dem Wohl⸗Gebohrnen unſere

335 870 1397 77 Rath, und Reichs lieben Getreuen Haugen, Grafen zu Werrender,

333 924 1375 76 und H. Berge, ſamt anderen deſſelben Bunds⸗Haupt⸗Leuthen, à

337 979 1359 71 in Feld unerdencklich und gehorſamlich erſchienen ſeyn, in des beril

332 1033 1313 69 ten unſers Schwagers und Fuͤrſten HHertzogen Albrechten Land

339 1084 1296 67 gen, und ſich allda mit Heers⸗ Krafft gelaͤgeret haden, damit

332 1135 1376 70 Fuͤrnemmen unterſtanden, Krieg und Aufruhr mit merckuichen V;

335 1183 1312 71 Vergieſſen Chriſtenglich glaubigen Menſchen verhinderet wurde.

331 1234 1318 69 haben wir bey genannten unſeren lieben HHerꝛen und Vatter der

328 1289 1290 65 miſchen Kayſer, durch unſer hoͤchſt fleißig Gebert Befehl und

325 1339 1303 67 erlanget, obbemeldte Frrung und Speen ſamt der erwehnten2

327 1390 1283 74 guurtlich hinzulegen, die wir auch in Krafft deſſelben unſeres-

328 1444 1286 69 und Gewalt mit Wiſſen und Willen des viel bedachten unſersC

332 1495 1294 71 gers und Fuͤrſten HHertzog Albrecht finden aufgericht, und beſch

332 1548 594 67 in maſſen wie hernach folget:

470 1588 1150 78 Des Erſten, daß demeldter Hertzog Albrecht von Ba

329 1646 1297 74 Stadt Regenſpurg ſamt dem Geſchloß, ſo er daſelbſt angefan

325 1700 1289 67 bauen, und allen neuen Aufſazungen, die er daſelbſt gemacht

1644 1723 60 58 ew.

328 1750 1254 71 alle Mittel lediglich wiederum in der Kayſerlichen Mareſtaͤt

1582 1798 32 53 e

328 1802 1217 72 ſtellen und uͤberantworten, und die Burger zu Regenſpurg

1573 1842 47 66 u

332 1853 1232 71 Pflicht und Verwohnung, ſo ſie ihme gethan, ledig zehle,

1652 1863 82 68 mert

336 1903 1292 72 wider die Kayſerliche Majeſtaͤt nach des Reichs nicht mehr ann

327 1955 1265 69 noch einigerley Huͤlff noch Anhang, noch Schirm thue: ſo wiͤ

325 1998 1320 78 miſch Kayſerliche Majeſtaͤr dem genannten Hertzog Aldrechten all

1675 2008 61 68 ur⸗

333 2047 1308 75 und Gerechtigkeit, ſo ſein Vordern in und um die Stadr Rege.

1664 2112 78 83 ſs.

328 2100 1278 105 von Altere hero gehabdt, und der Stadn Regenſourg verefaͤn.

1858 261 56 65 ſerl

1868 315 56 67 Hr

1860 372 68 57 gen

1860 420 65 66 und

1868 469 54 69 de

1858 566 70 67 den

1869 614 36 66 21

1860 669 51 64 tel

1863 718 61 68 cher

1857 768 71 72 bur

1861 823 60 65 die

1875 866 40 71 8.

1864 914 51 75 al

1861 969 54 67 pu

1857 1019 64 64 ſich

1857 1076 52 64 zu

1858 1129 68 61 Sen

1863 1174 55 68 ind

1863 1219 40 65 n-

1860 1315 58 80 un

1868 1379 43 65 n

1871 1423 49 71 er

1871 1478 40 77 st

1867 1566 53 80 nd

1864 1619 49 68 er.

1868 1670 52 71 Aj

1867 1726 44 64 re,

1868 1775 42 63 at

1867 1821 46 68 at

1864 1878 50 66 ry

1872 1967 34 67 8

1868 2030 37 55 er
