1566 2270
124 85 87 51 622

619 89 28 45 ur

673 85 341 73 28 (0) 2ega

108 126 1386 93 kaufft P. 2800. ſl. der Stadt aber um die Befreyung des Platzes er⸗

107 186 1382 82 legtv00. fl. Nach dieſem haben ſie ein Platz zu Aufrichtung des heili⸗

104 229 1382 90 gen Creutz und Legung des erſten Steins zu vorhabender Kirchen ge

108 279 1358 89 raumt. DDen 21. Auguſti haben ſie das ſoanniter Hauß zu G

103 324 1382 93 Leonard quitirt, den 22. hernach das Creutz von Biſchoff Albrech

107 372 1382 94 benediciren laſſen. Den 12. October haben beede Majeſtaͤten de.

107 424 1364 88 Kayſer Ferdinand und ſein Gemahlin Maria den erſten Stein mit ge

104 470 1303 93 braͤuchiger Ceremoni gelegt, hierauf ein anſehnlich Ambt ſingen le

104 524 1371 87 Anno 1660. iſt dieſer Patrum Cloſter verfertigt, und ſeynd die Funda

1458 491 20 51 r

103 571 1368 91 menta zur Kirchen gelegt worden. Welche Kirchen und Cloſter nun

100 620 1375 86 mehr in ſeiner voͤllig und anſehnlichen Perfection ſtehen thut. Den 1

100 667 1354 94 bernach geſchah von hier die Kayſerl. Abreiß auf der Thonan nac

103 713 191 57 Wienn.

215 766 1248 101 Anno 1622. derwilligte der Kayſer aus angebohrner Mild⸗ de

107 823 1331 90 Pfaltzgraffen noch ein ehrliches. Dieweilen aber die Engliſche Leß

102 871 1336 92 damit nit content waren, hat ſich der Handel gantz zerſchlagen. &

1448 833 24 57 t

112 918 1344 97 Feinds Waffen waren diß Jahr gluͤckſeeliger als deren Catholiſche

100 968 715 81 welche vor Leipzig gar faſt eingebuͤſt.

232 1055 1235 91 Anno 1622. kamen die Fuͤrſten und Staͤnd auſſer Brandenbur

98 1103 1363 90 in Franckfort zuſammen, und wurde denenſelben den 21. Februar..

99 1151 1326 92 deliberiren vorgeſtellt, wie die Friedens⸗Tractaten ſolen anget

98 1198 1359 92 werden? was fuͤr ein Tag moͤchte belieben, in denen vorgeſchlagene

103 1252 1291 83 Staͤdten, Muͤnſter, Oſnabruck zuſammen zu kommen 7 &

102 1298 1274 87 Schweden und Frantzoſen mangleten die Verſicherungs⸗Brie

104 1345 1301 92 Paͤß, zum reiſen auch nit. Man ſolle nun delideriren, was zur &

100 1393 980 87 thunlich und erſprießlich moͤchte erachtet werden.

1213 1422 18 57 ⸗

235 1471 1137 99 Mit Worten erzeigten ſich beede Cronen Franckreich unde

95 1523 1286 92 den fridfertig, aber in dem Werck anderſt. Wie dann der Koͤnl

1393 1490 70 71 we

94 1580 1366 83 Dennemarck dem Frantzoͤſiſchen Legato zu Hamburg gar bewegli⸗

1405 1538 48 52 gt

94 1631 1286 82 zugeſchrieben.. Die Preliminar- Puncten oder Friedens⸗ Trac

1401 1628 65 55 ꝛter

97 1674 1360 91 ſeynd bey Conrado Lutzorio zu leſen. Der 25.Mertzen war v.

95 1723 754 85 ſtimmt zum Anfang deren Lractaten.

228 1781 1239 87 Dieſes Fahr wurde zu Sraor am Soff, jenſeits der TChonau

89 1827 1364 89 das Kirchlein S. Marle von Loreto, in der Groͤß und Form,uwie.

89 1879 319 79 ltralia, erdauut⸗.

671 1892 17 55 ,

95 1932 110 85 dnn.

723 1964 88 36 21.

1317 1924 148 74 Interin
