1988 2739
50 401 153 79 welche⸗

79 453 120 73 geles

118 509 29 60 h

179 505 24 47 t

124 556 64 61 en

45 604 149 71 ſer Praͤ

101 657 93 70 em.

57 704 133 81 und al

44 804 129 75 Bewil

22 862 127 63 gelegt

21 908 155 68 ꝛdeme n

855 353 336 76 28 (0) 8i8-

1622 360 85 52 613

310 401 1396 84 i Flucht, mit Verbierung ales Kriegs. Gezengs getrieden worden.

316 456 1384 78 Ab welchem Sig dann dieſe Retzer noch behertzter worden, ſich in

315 508 1394 74 Aaͤhren, Schleſien, Oeſterreich, Pfaltz und Bayrn difkundirt, mit

316 559 1387 72 Sengen, Brennen, Rauben, und Mordthaten, groſſen Schaden ge⸗

315 607 1389 74 bang. Wie dann auch auf unſers Cloſters Probſtey Boͤhnitſchpruck,

318 660 1386 73 a der oderen Pfaltz, und Gericht Lraßwig, drey allda wohnende Re-

333 709 1376 73 zolen, von ihnen ſeyno nidergehaut, und das zu Schwarnhofen gewe⸗

356 760 1351 70 Zungfrauen Cloſter von ihnen, Hußiten, ruinirt worden; auch ſich die

324 809 1383 72 oſter⸗ Franen von dannen mit der Flucht allhero nacher dem Heil.

324 856 1386 76 (teutz ſalvirt haben. Es forchten ihnen auch die Regenſpurger nit we⸗

325 908 1385 78 S alhie. Dahero ſie unter ihren Hauptmann Eraſmo Sarrlboger

319 960 1393 76 on Ornſchwang, ſich zu Ende der ſteinernen Brucken verwahrt,

325 1010 1381 74 ache Gebaͤu nidergeriſſen, den Graben und die Mauren eylends zu⸗

313 1060 1397 73 Fricht, und ſo gut ſie gekoͤnnt, ſicher gemacht. Der Schrecken war ſo

315 1110 1391 70 ſtob, daß man gleich wie in denen Tuͤrcken Kriegen noch geſchicht,

336 1157 1371 74 glich. mit Laͤutung einer Glocken die Chriſten zum Huß⸗ Gebett ange⸗

316 1208 1393 70 dahnt, ja gewiſſe Snifftungen zu denen GOttes⸗⸗Haͤuſern gethan.

347 1255 1357 73 swegen man noch, abſonderlich allhie in der Thumb⸗ Kirchen,

328 1307 1376 74 Hinters⸗Zeir zu Abends umr.Uhr, Hußaus (insgemein hoßaus) lautet.

424 1360 1286 65 Anno 1225. unterſtunde ſich Heinricus Ratgeb ein Prieſter von

324 1402 1385 80 sotta die Hutitiſche Sec eimufuͤhren. Der Biſchoff ergriffe ihn,

322 1457 1388 75 furde oͤffters vor die Haupt⸗Kirchen geſtellt, der Stadt verwiſen,

321 1503 1391 78 nd weilen er ſein Leben nit aͤndern, und die Stadt meyden wolte,

331 1546 399 82 dendig verdrennt.

424 1596 1286 83 Anno 1226. um Nieolai, blbheten Fruͤcht und Baͤume, und

315 1647 672 80 oigte darauf ein groſſes Sterben.

424 1693 1285 88 Aano 1226. hat Hertog Hannß Pfaltzgraff aus dem Nordgau,

319 1748 1388 84 Semrich Nothhafften ſein Behanſung gegen St. Emmerams Cloſter

315 1784 53 67 der

386 1807 1326 76 900. A abgekauſftꝛ vonrChur⸗ Pfaltz hat ſelbiges unſer Cloſten

315 1829 57 74 in

374 1857 1335 80 ehandlet Anno 1537. hernach Anno 15S52. dem Biſtumo Freyſing

322 1889 251 92 ntaufft. (e,

427 1952 1280 74 Anno 1228. wird der a2. Biſchoff allhie, Erhardus von Adeli⸗

321 1967 64 82 der

407 2005 1302 73 Dayriſchen Stammen deren Sarrlboger, Canonicus ernannt⸗

423 2052 1289 79 ungluͤck war, daß der Thumb⸗ Probſt und Decanus in eigenen

347 2099 1360 84 ſſchoͤfften, von hier abweſend ſich zu Rom befanden. DerEhumb⸗

337 2150 1372 85 RHhant wurd im Heimreiſen unrecht dericht, als ob er waͤre erwahle

1522 2209 185 65 worden,

339 2277 1365 81 Feb Dehmnpug N der Egnarmnur Fuurkugen Hor. auwo Mmmahlmn Tidl. Tirl. Henr Furst

371 2306 282 79 bon Tartd reſidiret.

130 1346 55 56 alll

149 1384 33 60 ui

33 1819 78 48 le/e.

132 1829 40 63 zer

133 1868 46 67 nl

147 2017 37 69 9

85 2175 97 64 rfornun

85 2215 76 91 ter

50 1407 70 61 nTir

50 1652 51 65 zra
