<?xml version="1.0" encoding="UTF-8"?>
<alto xmlns:xsi="http://www.w3.org/2001/XMLSchema-instance"
      xmlns="http://www.loc.gov/standards/alto/ns-v4#"
      xsi:schemaLocation="http://www.loc.gov/standards/alto/ns-v4# http://www.loc.gov/standards/alto/v4/alto-4-2.xsd">
  <Description>
    <MeasurementUnit>pixel</MeasurementUnit>
    <sourceImageInformation>
      <fileName>image285.jpg</fileName>
      <fileIdentifier>https://archiv.ub.uni-marburg.de/eb/2010/0168</fileIdentifier>
    </sourceImageInformation>
  </Description>
  <Tags>
    <OtherTag ID="BT1" LABEL="Title" DESCRIPTION="block type Title"/><OtherTag ID="BT2" LABEL="Main" DESCRIPTION="block type Main"/><OtherTag ID="BT3" LABEL="Commentary" DESCRIPTION="block type Commentary"/><OtherTag ID="BT4" LABEL="Illustration" DESCRIPTION="block type Illustration"/><OtherTag ID="BT42" LABEL="text" DESCRIPTION="block type text"/>
    <OtherTag ID="LT33" LABEL="default" DESCRIPTION="line type default"/>
  </Tags>
  <Layout>
    <Page WIDTH="1959"
          HEIGHT="2500"
          PHYSICAL_IMG_NR="285"
          ID="eSc_dummypage_">
      <PrintSpace HPOS="0"
                  VPOS="0"
                  WIDTH="1959"
                  HEIGHT="2500">
        <TextBlock HPOS="16"
                   VPOS="283"
                   WIDTH="88"
                   HEIGHT="110"
                   ID="eSc_textblock_4e56a91b"
                   TAGREFS="BT42">
          <Shape><Polygon POINTS="38 283 104 288 98 393 27 381 16 294 38 283"/></Shape>
          <TextLine ID="eSc_line_9181f6b0"
                    TAGREFS="LT33"
                    BASELINE="30 330 93 327" 
                    HPOS="27"
                    VPOS="283"
                    WIDTH="66"
                    HEIGHT="65">
            <Shape><Polygon POINTS="83 286 69 286 55 284 51 283 33 284 27 287 30 330 30 348 93 345 93 327 87 286 83 286"/></Shape>
            <String CONTENT="liſet"
                    HPOS="27"
                    VPOS="283"
                    WIDTH="66"
                    HEIGHT="65"
                    WC="0.9999543905258179"></String>
          </TextLine>
          <TextLine ID="eSc_line_c52e3a92"
                    TAGREFS="LT33"
                    BASELINE="44 379 94 379" 
                    HPOS="44"
                    VPOS="336"
                    WIDTH="50"
                    HEIGHT="62">
            <Shape><Polygon POINTS="44 379 44 398 94 394 94 379 93 336 44 344 44 379"/></Shape>
            <String CONTENT="8."
                    HPOS="44"
                    VPOS="336"
                    WIDTH="50"
                    HEIGHT="62"
                    WC="0.9683943688869476"></String>
          </TextLine>
        </TextBlock>
        <TextBlock HPOS="183"
                   VPOS="238"
                   WIDTH="1436"
                   HEIGHT="1238"
                   ID="eSc_textblock_6293c48f"
                   TAGREFS="BT42">
          <Shape><Polygon POINTS="782 238 1092 244 1130 255 1130 287 1165 300 1408 294 1526 255 1619 272 1614 1348 1597 1437 633 1459 587 1476 205 1465 183 1043 200 333 293 333 300 300 339 283 632 283 782 238"/></Shape>
          <TextLine ID="eSc_line_a50583a5"
                    TAGREFS="LT33"
                    BASELINE="811 287 818 288" 
                    HPOS="805"
                    VPOS="238"
                    WIDTH="20"
                    HEIGHT="75">
            <Shape><Polygon POINTS="805 312 811 313 818 288 825 243 821 238 811 287 805 312"/></Shape>
            <String CONTENT=""
                    HPOS="805"
                    VPOS="238"
                    WIDTH="20"
                    HEIGHT="75"
                    ></String>
          </TextLine>
          <TextLine ID="eSc_line_901ba63c"
                    TAGREFS="LT33"
                    BASELINE="860 288 1107 280" 
                    HPOS="858"
                    VPOS="240"
                    WIDTH="249"
                    HEIGHT="79">
            <Shape><Polygon POINTS="1097 245 1050 247 1040 243 1037 243 1023 243 1010 241 996 241 992 241 969 247 953 241 940 241 933 240 893 252 858 240 860 288 860 309 893 315 894 315 896 315 922 308 935 318 935 319 936 319 937 319 939 319 940 319 941 319 957 309 975 319 976 319 978 319 1065 316 1067 316 1107 300 1107 280 1103 247 1097 245"/></Shape>
            <String CONTENT="000 EsB-"
                    HPOS="858"
                    VPOS="240"
                    WIDTH="249"
                    HEIGHT="79"
                    WC="0.9675196707248688"></String>
          </TextLine>
          <TextLine ID="eSc_line_8c12c14b"
                    TAGREFS="LT33"
                    BASELINE="1526 297 1592 298" 
                    HPOS="1525"
                    VPOS="259"
                    WIDTH="67"
                    HEIGHT="67">
            <Shape><Polygon POINTS="1582 265 1568 262 1554 259 1526 259 1526 297 1525 313 1547 313 1561 325 1561 326 1563 326 1564 326 1565 326 1590 322 1592 298 1590 265 1582 265"/></Shape>
            <String CONTENT="27,"
                    HPOS="1525"
                    VPOS="259"
                    WIDTH="67"
                    HEIGHT="67"
                    WC="0.6856320202350616"></String>
          </TextLine>
          <TextLine ID="eSc_line_fc721e03"
                    TAGREFS="LT33"
                    BASELINE="325 334 1610 356" 
                    HPOS="323"
                    VPOS="291"
                    WIDTH="1287"
                    HEIGHT="86">
            <Shape><Polygon POINTS="325 334 323 347 339 355 340 355 565 362 566 362 644 354 726 365 728 365 729 365 748 358 809 366 811 366 812 366 841 359 925 368 926 368 960 362 969 369 971 369 972 369 973 369 1033 363 1050 370 1051 370 1053 370 1086 363 1275 363 1449 377 1450 377 1608 369 1610 356 1610 320 1529 309 1528 309 1346 315 1286 305 1285 305 1240 313 1137 304 1136 304 1048 311 964 302 962 302 728 305 701 295 700 295 698 295 697 295 668 304 548 293 547 293 502 300 484 291 483 291 482 291 325 295 325 334"/></Shape>
            <String CONTENT="Um dieſe Zeit, als r062. war ein gemeines und ernſtliches Ge⸗"
                    HPOS="323"
                    VPOS="291"
                    WIDTH="1287"
                    HEIGHT="86"
                    WC="0.9889996901887362"></String>
          </TextLine>
          <TextLine ID="eSc_line_74237a45"
                    TAGREFS="LT33"
                    BASELINE="204 376 426 388 1406 408 1604 406" 
                    HPOS="202"
                    VPOS="337"
                    WIDTH="1402"
                    HEIGHT="92">
            <Shape><Polygon POINTS="204 376 202 393 522 408 523 408 627 402 725 412 726 412 1121 412 1132 419 1133 419 1135 419 1136 419 1237 416 1267 423 1268 423 1269 423 1326 416 1339 425 1340 425 1342 425 1403 426 1581 429 1582 429 1583 429 1603 420 1604 406 1600 369 1404 372 1361 361 1360 361 1287 359 1286 359 1285 359 1253 368 1199 356 1197 356 1196 356 1171 366 1119 355 1118 355 1067 365 944 352 943 352 876 361 853 350 851 350 850 350 848 350 821 359 765 348 764 348 678 356 657 345 655 345 654 345 607 355 457 354 204 337 204 376"/></Shape>
            <String CONTENT="ſchrey in dem gantzen Teutſchland, als waͤre der juͤngſte Tag vorhan⸗"
                    HPOS="202"
                    VPOS="337"
                    WIDTH="1402"
                    HEIGHT="92"
                    WC="0.9976008664006772"></String>
          </TextLine>
          <TextLine ID="eSc_line_9648d80b"
                    TAGREFS="LT33"
                    BASELINE="202 418 276 427" 
                    HPOS="200"
                    VPOS="377"
                    WIDTH="79"
                    HEIGHT="64">
            <Shape><Polygon POINTS="207 377 202 418 200 430 272 441 276 427 279 400 215 377 207 377"/></Shape>
            <String CONTENT="den."
                    HPOS="200"
                    VPOS="377"
                    WIDTH="79"
                    HEIGHT="64"
                    WC="0.9999664425849915"></String>
          </TextLine>
          <TextLine ID="eSc_line_d65637d9"
                    TAGREFS="LT33"
                    BASELINE="320 436 1607 459" 
                    HPOS="319"
                    VPOS="390"
                    WIDTH="1288"
                    HEIGHT="85">
            <Shape><Polygon POINTS="319 447 401 456 402 456 621 454 629 461 630 461 632 461 633 461 694 455 773 463 775 463 926 459 1604 475 1607 459 1607 420 851 400 850 400 555 401 540 394 539 394 537 394 398 398 322 390 320 436 319 447"/></Shape>
            <String CONTENT="Die Bavriſche Landſaſſen baueten deßwegen 21. herꝛliche Gotts⸗"
                    HPOS="319"
                    VPOS="390"
                    WIDTH="1288"
                    HEIGHT="85"
                    WC="0.9834843085658166"></String>
          </TextLine>
          <TextLine ID="eSc_line_75cd02e9"
                    TAGREFS="LT33"
                    BASELINE="205 476 468 491 1033 497 1607 512" 
                    HPOS="204"
                    VPOS="433"
                    WIDTH="1403"
                    HEIGHT="100">
            <Shape><Polygon POINTS="330 437 329 436 329 436 327 436 205 433 205 476 204 491 339 505 340 505 341 505 373 497 415 508 416 508 418 508 655 504 675 513 676 513 816 516 818 516 819 516 850 506 900 518 901 518 903 518 930 509 987 520 989 520 1168 513 1226 513 1239 523 1240 523 1242 523 1243 523 1457 520 1490 530 1492 530 1604 533 1607 512 1607 477 1478 463 1476 463 1357 470 1230 455 1229 455 1107 465 915 448 914 448 858 456 696 445 694 445 490 451 437 441 436 441 369 445 334 437 330 437"/></Shape>
            <String CONTENT="Haͤuſer, beſetztens mit Geiſtlichen Perſohnen. Es zogen ans Bayrn"
                    HPOS="204"
                    VPOS="433"
                    WIDTH="1403"
                    HEIGHT="100"
                    WC="0.9965341797241798"></String>
          </TextLine>
          <TextLine ID="eSc_line_2ee1c7e6"
                    TAGREFS="LT33"
                    BASELINE="205 522 336 537 982 545 1607 563" 
                    HPOS="204"
                    VPOS="484"
                    WIDTH="1403"
                    HEIGHT="97">
            <Shape><Polygon POINTS="566 493 554 493 501 502 205 484 205 522 204 543 245 552 247 552 294 545 316 555 318 555 319 555 408 550 509 559 511 559 602 555 711 563 712 563 714 563 736 556 747 565 748 565 750 565 751 566 809 566 809 565 844 558 887 568 889 568 972 561 993 569 994 569 996 569 1051 562 1119 572 1121 572 1175 565 1200 573 1201 573 1203 573 1239 566 1483 581 1485 581 1606 579 1607 563 1607 527 1478 513 1476 513 1417 522 1376 511 1375 511 1374 511 1257 513 1115 504 1114 504 1071 512 1048 504 1047 504 1046 504 907 511 871 498 869 498 868 498 866 498 837 509 687 508 639 498 637 498 597 504 568 493 566 493"/></Shape>
            <String CONTENT="ns in die 12000. Perſohnen von Mann und Weib, mit ſchoͤnen Opfern"
                    HPOS="204"
                    VPOS="484"
                    WIDTH="1403"
                    HEIGHT="97"
                    WC="0.9799401374963613"></String>
          </TextLine>
          <TextLine ID="eSc_line_d4fc828a"
                    TAGREFS="LT33"
                    BASELINE="209 569 401 590 982 595 1606 613" 
                    HPOS="208"
                    VPOS="534"
                    WIDTH="1398"
                    HEIGHT="97">
            <Shape><Polygon POINTS="209 569 208 588 283 590 302 602 304 602 305 602 632 611 633 611 787 604 803 611 804 611 805 611 835 605 858 616 860 616 861 616 916 606 993 615 994 615 1087 611 1121 619 1122 619 1123 619 1125 619 1140 612 1258 613 1282 626 1283 626 1285 626 1372 618 1451 630 1453 630 1454 630 1476 620 1503 631 1504 631 1506 631 1604 627 1606 613 1606 580 1492 579 1465 568 1464 568 1462 568 1397 575 1368 562 1367 562 1365 562 1197 565 1155 558 1154 558 1118 565 1092 555 1090 555 1089 555 1033 562 973 552 972 552 894 558 861 550 860 550 858 550 804 561 739 552 737 552 704 558 690 550 689 550 687 550 686 550 370 550 355 541 354 541 352 541 351 541 294 548 209 534 209 569"/></Shape>
            <String CONTENT="ꝛ voto in das heilige Land. Dieweilen aber die Geiſtliche und welt⸗"
                    HPOS="208"
                    VPOS="534"
                    WIDTH="1398"
                    HEIGHT="97"
                    WC="0.9962865416683367"></String>
          </TextLine>
          <TextLine ID="eSc_line_5fbe0e5a"
                    TAGREFS="LT33"
                    BASELINE="208 623 276 631" 
                    HPOS="207"
                    VPOS="575"
                    WIDTH="72"
                    HEIGHT="76">
            <Shape><Polygon POINTS="208 623 207 633 270 651 276 631 279 583 212 575 208 623"/></Shape>
            <String CONTENT="iche"
                    HPOS="207"
                    VPOS="575"
                    WIDTH="72"
                    HEIGHT="76"
                    WC="0.9998224079608917"></String>
          </TextLine>
          <TextLine ID="eSc_line_9335ac5f"
                    TAGREFS="LT33"
                    BASELINE="302 638 1180 651 1607 663" 
                    HPOS="301"
                    VPOS="593"
                    WIDTH="1306"
                    HEIGHT="87">
            <Shape><Polygon POINTS="302 638 301 656 591 663 593 663 594 663 618 656 640 665 641 665 643 665 793 659 804 668 805 668 807 668 808 668 809 668 839 661 903 669 904 669 905 669 923 662 1036 662 1129 673 1130 673 1275 668 1340 676 1604 680 1607 663 1606 625 1514 616 1513 616 1411 620 1367 609 1365 609 1364 609 1287 618 1192 606 1190 606 1093 611 1004 604 1003 604 950 612 879 602 878 602 876 602 851 609 798 600 797 600 796 600 766 609 718 598 716 598 715 598 714 598 697 608 475 606 302 593 302 638"/></Shape>
            <String CONTENT="Fuͤrſten und Herren den Pracht und Reichthum mitfuͤhrten, und"
                    HPOS="301"
                    VPOS="593"
                    WIDTH="1306"
                    HEIGHT="87"
                    WC="0.998316698387021"></String>
          </TextLine>
          <TextLine ID="eSc_line_685f888b"
                    TAGREFS="LT33"
                    BASELINE="208 673 308 687" 
                    HPOS="207"
                    VPOS="631"
                    WIDTH="104"
                    HEIGHT="67">
            <Shape><Polygon POINTS="208 673 207 681 244 695 245 695 305 698 308 687 311 654 212 631 208 673"/></Shape>
            <String CONTENT="denen"
                    HPOS="207"
                    VPOS="631"
                    WIDTH="104"
                    HEIGHT="67"
                    WC="0.9998484253883362"></String>
          </TextLine>
          <TextLine ID="eSc_line_a38d7243"
                    TAGREFS="LT33"
                    BASELINE="315 688 1596 715" 
                    HPOS="313"
                    VPOS="647"
                    WIDTH="1283"
                    HEIGHT="87">
            <Shape><Polygon POINTS="315 688 313 700 332 709 333 709 382 711 555 713 557 713 558 713 576 706 679 716 680 716 682 716 709 708 734 715 736 715 737 715 769 709 780 718 782 718 783 718 784 718 890 712 910 720 911 720 912 720 958 715 1017 723 1018 723 1057 715 1171 716 1190 727 1192 727 1193 727 1251 719 1593 734 1596 715 1594 676 1326 662 1325 662 1267 669 1254 661 1253 661 1251 661 1250 661 1215 668 1193 659 1192 659 1190 659 1144 666 1117 658 1115 658 1114 658 1064 665 989 655 987 655 954 662 922 654 921 654 919 654 855 661 835 652 833 652 832 652 830 652 801 659 789 651 787 651 786 651 784 651 722 658 696 650 694 650 693 650 584 655 511 647 509 647 315 647 315 688"/></Shape>
            <String CONTENT="Hayden ſehen lieſſen, haben ſie ſich dardurch in Gefahr geſetzt,"
                    HPOS="313"
                    VPOS="647"
                    WIDTH="1283"
                    HEIGHT="87"
                    WC="0.9972161157056689"></String>
          </TextLine>
          <TextLine ID="eSc_line_cea4f32e"
                    TAGREFS="LT33"
                    BASELINE="207 719 262 729" 
                    HPOS="204"
                    VPOS="679"
                    WIDTH="62"
                    HEIGHT="61">
            <Shape><Polygon POINTS="207 719 204 730 259 740 262 729 266 690 212 679 207 719"/></Shape>
            <String CONTENT="vie"
                    HPOS="204"
                    VPOS="679"
                    WIDTH="62"
                    HEIGHT="61"
                    WC="0.9999418258666992"></String>
          </TextLine>
          <TextLine ID="eSc_line_929d9e0f"
                    TAGREFS="LT33"
                    BASELINE="280 733 382 743 1604 762" 
                    HPOS="279"
                    VPOS="695"
                    WIDTH="1325"
                    HEIGHT="85">
            <Shape><Polygon POINTS="280 733 279 755 526 763 527 763 587 758 598 765 600 765 601 765 602 765 665 759 705 766 707 766 755 761 844 769 846 769 997 765 1122 773 1123 773 1179 768 1187 775 1189 775 1190 775 1192 775 1265 769 1372 777 1374 777 1435 772 1519 780 1521 780 1603 773 1604 762 1604 726 1524 718 1522 718 1449 723 1435 715 1433 715 1432 715 1431 715 1364 722 1339 712 1337 712 1336 712 1275 720 1222 711 1221 711 1219 711 1187 719 1050 708 1048 708 962 715 930 705 929 705 928 705 926 705 912 712 890 705 889 705 887 705 823 712 796 704 794 704 793 704 791 704 765 712 736 702 734 702 733 702 622 708 593 700 591 700 590 700 445 706 280 695 280 733"/></Shape>
            <String CONTENT="ſie dann am heiligen Charfreytag von einer groſſen Menge der Ara⸗"
                    HPOS="279"
                    VPOS="695"
                    WIDTH="1325"
                    HEIGHT="85"
                    WC="0.9966794775082515"></String>
          </TextLine>
          <TextLine ID="eSc_line_ba8e56fa"
                    TAGREFS="LT33"
                    BASELINE="205 770 332 791 972 800 1601 816" 
                    HPOS="204"
                    VPOS="738"
                    WIDTH="1397"
                    HEIGHT="99">
            <Shape><Polygon POINTS="654 748 653 748 616 758 490 758 207 738 205 770 204 794 300 798 315 809 316 809 318 809 319 809 472 805 489 813 490 813 491 813 550 806 653 815 654 815 655 815 673 808 766 819 768 819 769 819 791 808 822 820 823 820 825 820 826 820 857 809 878 816 879 816 880 816 944 812 965 823 966 823 968 823 969 823 997 813 1082 820 1083 820 1085 820 1107 815 1172 826 1174 826 1319 820 1599 837 1601 816 1600 772 1482 779 1408 768 1407 768 1406 768 1381 776 1358 768 1357 768 1356 768 1292 773 1222 761 1221 761 1219 761 1176 772 1112 772 1090 758 1089 758 1087 758 1086 758 1085 758 1068 763 978 755 976 755 860 765 815 754 814 754 812 754 734 759 721 751 719 751 718 751 655 748 654 748"/></Shape>
            <String CONTENT="Ner aberfallen, ausgeplinderet, und ſo weit ermoͤrdet worden, daß"
                    HPOS="204"
                    VPOS="738"
                    WIDTH="1397"
                    HEIGHT="99"
                    WC="0.9975795030593873"></String>
          </TextLine>
          <TextLine ID="eSc_line_4ff7eec6"
                    TAGREFS="LT33"
                    BASELINE="204 822 327 841 1449 862" 
                    HPOS="202"
                    VPOS="788"
                    WIDTH="1247"
                    HEIGHT="92">
            <Shape><Polygon POINTS="551 795 550 795 526 805 507 797 505 797 504 797 502 797 483 805 439 797 437 797 354 804 205 788 204 822 202 852 557 863 558 863 693 858 741 866 743 866 808 861 923 870 925 870 960 863 1104 865 1125 875 1126 875 1128 875 1175 869 1446 880 1449 862 1449 827 1347 813 1346 813 1344 813 1343 813 1329 822 1311 812 1310 812 1308 812 1175 820 1137 808 1136 808 1135 808 1133 808 1105 819 1069 806 1068 806 1067 806 1035 812 1011 805 1010 805 1008 805 1007 805 968 816 876 802 875 802 696 811 622 797 621 797 619 797 618 797 605 805 552 795 551 795"/></Shape>
            <String CONTENT="laum von obiger Zahl 2000. mit Leben wieder heraus kommen."
                    HPOS="202"
                    VPOS="788"
                    WIDTH="1247"
                    HEIGHT="92"
                    WC="0.9873425261727695"></String>
          </TextLine>
          <TextLine ID="eSc_line_69f2c971"
                    TAGREFS="LT33"
                    BASELINE="313 888 1601 919" 
                    HPOS="312"
                    VPOS="847"
                    WIDTH="1289"
                    HEIGHT="89">
            <Shape><Polygon POINTS="313 888 312 900 334 909 336 909 337 909 372 902 489 915 490 915 546 906 579 913 580 913 655 909 686 919 687 919 689 919 729 912 755 920 757 920 758 920 839 915 898 925 900 925 969 918 998 926 1000 926 1001 926 1003 926 1004 926 1017 918 1108 927 1110 927 1143 922 1155 930 1157 930 1158 930 1160 930 1205 923 1253 933 1254 933 1255 933 1278 926 1367 936 1368 936 1600 933 1601 919 1600 879 1536 881 1457 869 1456 869 1454 869 1428 880 1371 880 1349 869 1347 869 1346 869 1344 869 1324 877 1307 865 1306 865 1304 865 1303 865 1254 873 1193 862 1192 862 1101 870 1067 859 1065 859 1064 859 964 869 916 856 915 856 833 854 832 854 830 854 798 862 776 852 775 852 773 852 630 861 577 852 576 852 575 852 550 859 496 847 494 847 493 847 462 856 343 847 341 847 313 852 313 888"/></Shape>
            <String CONTENT="B. Geraldus von ehrlichen Eltern allhie zu Regenſpurg gebohren,"
                    HPOS="312"
                    VPOS="847"
                    WIDTH="1289"
                    HEIGHT="89"
                    WC="0.9960385324463011"></String>
          </TextLine>
          <TextLine ID="eSc_line_47c736be"
                    TAGREFS="LT33"
                    BASELINE="205 927 372 943 1604 970" 
                    HPOS="204"
                    VPOS="890"
                    WIDTH="1400"
                    HEIGHT="98">
            <Shape><Polygon POINTS="204 948 436 963 437 963 828 963 848 973 850 973 851 973 900 965 911 972 912 972 914 972 915 972 1112 970 1137 980 1139 980 1199 981 1200 981 1201 981 1226 973 1265 983 1267 983 1268 983 1311 975 1387 986 1601 988 1604 970 1604 936 1387 920 1386 920 1261 927 1197 913 1196 913 1194 913 1165 925 1111 925 1026 909 1025 909 1023 909 987 920 822 918 783 906 782 906 780 906 689 908 679 901 678 901 676 901 675 901 673 901 646 912 533 900 532 900 479 908 443 895 441 895 440 895 327 905 300 894 298 894 297 894 295 894 276 900 265 891 263 891 262 891 207 890 205 927 204 948"/></Shape>
            <String CONTENT="ſt mit Udalrico ſeinen Landsmann gen Rom zohen, um das Jahr"
                    HPOS="204"
                    VPOS="890"
                    WIDTH="1400"
                    HEIGHT="98"
                    WC="0.9992429876731614"></String>
          </TextLine>
          <TextLine ID="eSc_line_6fc1f2cb"
                    TAGREFS="LT33"
                    BASELINE="236 977 337 994 778 998 1603 1020" 
                    HPOS="234"
                    VPOS="943"
                    WIDTH="1369"
                    HEIGHT="93">
            <Shape><Polygon POINTS="234 997 313 1008 315 1008 633 1008 654 1016 655 1016 657 1016 753 1011 766 1019 768 1019 769 1019 771 1019 808 1012 1103 1027 1104 1027 1208 1023 1237 1030 1239 1030 1240 1030 1242 1030 1264 1023 1324 1033 1325 1033 1368 1026 1381 1034 1382 1034 1383 1034 1385 1036 1601 1036 1603 1020 1603 987 1544 975 1543 975 1542 975 1514 983 1489 973 1488 973 1486 973 1444 981 1378 970 1274 969 1272 969 1271 969 1254 976 1210 966 1208 966 1207 966 1183 975 1104 965 1103 965 1061 972 1043 962 1042 962 928 959 926 959 925 959 900 968 747 955 746 955 707 963 640 954 639 954 590 961 423 956 398 947 397 947 395 947 394 947 393 947 377 955 312 955 237 943 236 977 234 997"/></Shape>
            <String CONTENT="56. zu Cluniac ein Benedictiner⸗ Moͤnch, hernach deſſelben Cloſter"
                    HPOS="234"
                    VPOS="943"
                    WIDTH="1369"
                    HEIGHT="93"
                    WC="0.992152890472701"></String>
          </TextLine>
          <TextLine ID="eSc_line_4a77c854"
                    TAGREFS="LT33"
                    BASELINE="212 1018 262 1036 348 1043 1600 1068" 
                    HPOS="211"
                    VPOS="993"
                    WIDTH="1389"
                    HEIGHT="94">
            <Shape><Polygon POINTS="211 1050 389 1052 466 1065 468 1065 587 1059 733 1070 734 1070 736 1070 754 1063 857 1072 858 1072 889 1066 932 1075 933 1075 989 1066 1072 1077 1073 1077 1176 1070 1205 1079 1207 1079 1208 1079 1242 1072 1285 1081 1286 1081 1371 1077 1597 1087 1600 1068 1600 1034 1479 1031 1451 1022 1450 1022 1449 1022 1447 1022 1432 1029 1357 1020 1356 1020 1214 1025 1194 1015 1193 1015 1192 1015 1133 1023 1093 1013 1092 1013 1090 1013 1089 1013 1067 1022 1000 1008 882 1006 880 1006 805 1016 732 1004 730 1004 680 1013 657 1005 655 1005 654 1005 618 1012 565 1001 564 1001 562 1001 529 1009 452 1009 439 1000 437 1000 436 1000 434 1000 370 1004 359 997 358 997 357 997 355 997 354 997 332 1006 295 994 294 994 213 993 212 1018 211 1050"/></Shape>
            <String CONTENT="priſter Prior, und wegen ſeines groſſen Verſtands, nach dem heiligen"
                    HPOS="211"
                    VPOS="993"
                    WIDTH="1389"
                    HEIGHT="94"
                    WC="0.9911059588193893"></String>
          </TextLine>
          <TextLine ID="eSc_line_c2a9ec88"
                    TAGREFS="LT33"
                    BASELINE="227 1075 326 1090 451 1095 1596 1118" 
                    HPOS="226"
                    VPOS="1044"
                    WIDTH="1370"
                    HEIGHT="90">
            <Shape><Polygon POINTS="226 1098 327 1109 916 1113 951 1122 953 1122 1115 1118 1197 1127 1199 1127 1297 1122 1326 1130 1328 1130 1329 1130 1331 1130 1357 1123 1394 1131 1593 1134 1596 1118 1596 1080 1399 1080 1349 1068 1347 1068 1346 1068 1324 1076 1222 1076 1210 1068 1208 1068 1207 1068 1205 1068 1094 1072 1060 1061 1058 1061 990 1059 989 1059 926 1066 872 1058 871 1058 821 1066 791 1055 790 1055 789 1055 725 1065 673 1054 521 1050 519 1050 518 1050 498 1059 425 1048 423 1048 382 1055 318 1047 316 1047 315 1047 291 1055 229 1044 227 1075 226 1098"/></Shape>
            <String CONTENT="etro Damiano Biſchoff und Cardinal zu Oſtia worden. Alerander 11."
                    HPOS="226"
                    VPOS="1044"
                    WIDTH="1370"
                    HEIGHT="90"
                    WC="0.9865313126490667"></String>
          </TextLine>
          <TextLine ID="eSc_line_6f54281c"
                    TAGREFS="LT33"
                    BASELINE="208 1118 258 1130" 
                    HPOS="204"
                    VPOS="1072"
                    WIDTH="61"
                    HEIGHT="79">
            <Shape><Polygon POINTS="208 1118 204 1130 251 1151 258 1130 265 1090 218 1072 208 1118"/></Shape>
            <String CONTENT="no"
                    HPOS="204"
                    VPOS="1072"
                    WIDTH="61"
                    HEIGHT="79"
                    WC="0.9999993443489075"></String>
          </TextLine>
          <TextLine ID="eSc_line_2665ed87"
                    TAGREFS="LT33"
                    BASELINE="280 1137 1389 1165 1597 1163" 
                    HPOS="279"
                    VPOS="1093"
                    WIDTH="1318"
                    HEIGHT="97">
            <Shape><Polygon POINTS="279 1151 379 1162 380 1162 540 1159 562 1166 564 1166 565 1166 775 1165 796 1172 797 1172 798 1172 880 1166 908 1175 910 1175 911 1175 957 1168 1017 1176 1018 1176 1125 1172 1155 1180 1157 1180 1158 1180 1160 1180 1179 1173 1192 1181 1193 1181 1194 1181 1196 1181 1197 1181 1214 1176 1250 1183 1251 1183 1304 1176 1365 1186 1367 1186 1422 1179 1594 1190 1597 1163 1594 1134 1496 1133 1424 1119 1422 1119 1421 1119 1381 1129 1308 1129 1193 1113 1192 1113 1114 1122 1078 1111 1076 1111 1075 1111 911 1118 894 1108 893 1108 891 1108 843 1105 841 1105 778 1113 705 1102 704 1102 644 1111 544 1102 543 1102 441 1106 376 1094 375 1094 332 1104 282 1093 280 1137 279 1151"/></Shape>
            <String CONTENT="Gregorius VII. brauchten ihn in vielen Bottſchafften, und Lega-"
                    HPOS="279"
                    VPOS="1093"
                    WIDTH="1318"
                    HEIGHT="97"
                    WC="0.9965544418683128"></String>
          </TextLine>
          <TextLine ID="eSc_line_86413bfb"
                    TAGREFS="LT33"
                    BASELINE="230 1173 272 1188 347 1197 1061 1206 1599 1223" 
                    HPOS="229"
                    VPOS="1145"
                    WIDTH="1370"
                    HEIGHT="93">
            <Shape><Polygon POINTS="229 1201 282 1202 307 1215 308 1215 309 1215 393 1209 443 1218 444 1218 445 1218 479 1209 498 1219 500 1219 501 1219 669 1213 741 1222 743 1222 791 1215 883 1227 885 1227 946 1218 971 1229 972 1229 973 1229 1068 1220 1103 1231 1104 1231 1105 1231 1199 1223 1344 1237 1346 1237 1394 1227 1418 1238 1419 1238 1421 1238 1597 1237 1599 1223 1597 1186 1538 1186 1519 1176 1518 1176 1517 1176 1472 1183 1422 1172 1421 1172 1351 1180 1333 1169 1332 1169 1331 1169 1274 1168 1272 1168 1271 1168 1233 1177 1136 1165 1135 1165 1061 1172 1026 1163 1025 1163 1023 1163 954 1169 883 1161 882 1161 880 1161 857 1169 818 1158 816 1158 815 1158 814 1158 783 1168 716 1168 696 1156 694 1156 693 1156 691 1156 665 1165 616 1155 615 1155 561 1163 529 1152 527 1152 526 1152 469 1161 434 1152 433 1152 432 1152 304 1158 233 1145 230 1173 229 1201"/></Shape>
            <String CONTENT="nen, ſonderlich wider den Kayſer Haynrich den IV. der ihn ( um"
                    HPOS="229"
                    VPOS="1145"
                    WIDTH="1370"
                    HEIGHT="93"
                    WC="0.9942974227090036"></String>
          </TextLine>
          <TextLine ID="eSc_line_fc5375d7"
                    TAGREFS="LT33"
                    BASELINE="229 1230 308 1243 416 1248 1597 1272" 
                    HPOS="227"
                    VPOS="1197"
                    WIDTH="1370"
                    HEIGHT="94">
            <Shape><Polygon POINTS="227 1254 400 1268 401 1268 555 1262 602 1272 604 1272 704 1265 730 1275 732 1275 733 1275 734 1275 759 1268 866 1277 868 1277 869 1277 903 1269 932 1279 933 1279 935 1279 979 1272 997 1280 998 1280 1000 1280 1051 1273 1090 1281 1092 1281 1093 1281 1094 1281 1108 1273 1154 1280 1155 1280 1329 1277 1343 1284 1344 1284 1346 1284 1347 1284 1364 1279 1382 1287 1383 1287 1531 1291 1532 1291 1596 1283 1597 1272 1597 1238 1558 1230 1557 1230 1493 1234 1456 1225 1454 1225 1453 1225 1451 1225 1429 1233 1399 1220 1397 1220 1396 1220 1344 1230 1321 1219 1319 1219 1318 1219 1257 1229 1187 1219 1186 1219 1137 1227 1062 1215 1061 1215 975 1222 921 1211 919 1211 918 1211 882 1222 847 1211 846 1211 844 1211 843 1211 819 1220 790 1208 789 1208 787 1208 725 1218 694 1206 693 1206 691 1206 630 1213 601 1204 600 1204 598 1204 597 1204 561 1215 466 1215 423 1202 422 1202 420 1202 334 1211 290 1198 288 1198 230 1197 229 1230 227 1254"/></Shape>
            <String CONTENT="Lillen er (B. Ceraldus) der Kirchen Freyheit, und Auctoritaͤt ſo eyffe⸗"
                    HPOS="227"
                    VPOS="1197"
                    WIDTH="1370"
                    HEIGHT="94"
                    WC="0.9863867222423285"></String>
          </TextLine>
          <TextLine ID="eSc_line_f3f6b247"
                    TAGREFS="LT33"
                    BASELINE="229 1279 251 1284" 
                    HPOS="225"
                    VPOS="1238"
                    WIDTH="33"
                    HEIGHT="60">
            <Shape><Polygon POINTS="229 1279 225 1290 244 1298 251 1284 258 1250 238 1238 229 1279"/></Shape>
            <String CONTENT="6"
                    HPOS="225"
                    VPOS="1238"
                    WIDTH="33"
                    HEIGHT="60"
                    WC="0.9999068975448608"></String>
          </TextLine>
          <TextLine ID="eSc_line_84a9258e"
                    TAGREFS="LT33"
                    BASELINE="258 1286 316 1295 408 1300 1597 1325" 
                    HPOS="257"
                    VPOS="1251"
                    WIDTH="1340"
                    HEIGHT="93">
            <Shape><Polygon POINTS="257 1311 434 1320 436 1320 437 1320 464 1313 490 1320 491 1320 493 1320 676 1318 707 1326 708 1326 709 1326 743 1319 755 1327 757 1327 758 1327 759 1327 878 1322 890 1330 891 1330 893 1330 894 1330 922 1325 950 1331 951 1331 953 1331 1011 1325 1085 1334 1175 1336 1176 1336 1178 1336 1193 1329 1207 1337 1208 1337 1210 1337 1211 1337 1339 1331 1594 1344 1597 1325 1597 1287 1467 1276 1465 1276 1428 1283 1403 1276 1401 1276 1400 1276 1219 1279 1204 1270 1203 1270 1201 1270 1200 1270 1153 1277 1076 1268 1075 1268 1018 1275 951 1265 950 1265 783 1269 758 1261 757 1261 755 1261 629 1266 558 1256 557 1256 555 1256 536 1263 440 1263 259 1251 258 1286 257 1311"/></Shape>
            <String CONTENT="derfochte) zu Mayland hat in Gefaͤngnuß geſetzt, und viel Unbild"
                    HPOS="257"
                    VPOS="1251"
                    WIDTH="1340"
                    HEIGHT="93"
                    WC="0.9926292467862368"></String>
          </TextLine>
          <TextLine ID="eSc_line_aa353587"
                    TAGREFS="LT33"
                    BASELINE="208 1316 230 1322" 
                    HPOS="205"
                    VPOS="1279"
                    WIDTH="31"
                    HEIGHT="57">
            <Shape><Polygon POINTS="208 1316 205 1326 225 1336 230 1322 236 1286 216 1279 208 1316"/></Shape>
            <String CONTENT="u"
                    HPOS="205"
                    VPOS="1279"
                    WIDTH="31"
                    HEIGHT="57"
                    WC="0.9998329877853394"></String>
          </TextLine>
          <TextLine ID="eSc_line_cab73296"
                    TAGREFS="LT33"
                    BASELINE="243 1330 270 1340 386 1348 1594 1375" 
                    HPOS="241"
                    VPOS="1300"
                    WIDTH="1353"
                    HEIGHT="90">
            <Shape><Polygon POINTS="241 1356 359 1368 361 1368 501 1363 547 1372 548 1372 639 1366 665 1375 666 1375 668 1375 764 1369 818 1377 819 1377 897 1372 982 1381 983 1381 1093 1376 1199 1386 1200 1386 1260 1380 1285 1388 1286 1388 1592 1390 1594 1375 1594 1340 1454 1326 1453 1326 1408 1336 1283 1322 1282 1322 1280 1322 1253 1331 1200 1322 1199 1322 1061 1327 975 1315 973 1315 972 1315 951 1325 873 1325 854 1312 853 1312 851 1312 778 1311 776 1311 775 1311 744 1320 644 1308 643 1308 565 1316 509 1308 508 1308 507 1308 490 1315 358 1313 244 1300 243 1330 241 1356"/></Shape>
            <String CONTENT="grhan; wurde endlich entlaſſen. Wegen vieler Muͤhe, Arbeit,"
                    HPOS="241"
                    VPOS="1300"
                    WIDTH="1353"
                    HEIGHT="90"
                    WC="0.9878095019671876"></String>
          </TextLine>
          <TextLine ID="eSc_line_287133b4"
                    TAGREFS="LT33"
                    BASELINE="207 1366 254 1379" 
                    HPOS="202"
                    VPOS="1330"
                    WIDTH="59"
                    HEIGHT="63">
            <Shape><Polygon POINTS="207 1366 202 1379 247 1393 254 1379 261 1341 215 1330 207 1366"/></Shape>
            <String CONTENT="umnde"
                    HPOS="202"
                    VPOS="1330"
                    WIDTH="59"
                    HEIGHT="63"
                    WC="0.801960951089859"></String>
          </TextLine>
          <TextLine ID="eSc_line_65409fa6"
                    TAGREFS="LT33"
                    BASELINE="276 1390 625 1405 1594 1420" 
                    HPOS="275"
                    VPOS="1356"
                    WIDTH="1319"
                    HEIGHT="88">
            <Shape><Polygon POINTS="276 1390 275 1408 386 1420 387 1420 486 1413 641 1426 872 1430 873 1430 929 1422 1005 1422 1017 1431 1018 1431 1019 1431 1021 1431 1060 1425 1097 1434 1098 1434 1100 1434 1336 1430 1372 1440 1374 1440 1375 1440 1517 1433 1538 1443 1539 1443 1540 1444 1593 1444 1594 1420 1593 1388 1468 1377 1467 1377 1435 1384 1422 1376 1421 1376 1419 1376 1418 1376 1374 1384 1157 1381 1137 1370 1136 1370 1135 1370 1082 1379 958 1377 936 1366 935 1366 751 1363 750 1363 748 1363 718 1372 682 1365 680 1365 653 1370 623 1361 622 1361 621 1361 516 1368 470 1358 276 1356 276 1390"/></Shape>
            <String CONTENT="ausgeſtandenen Ungemach iſt er Anno 1077. cum nora lanctitatis"
                    HPOS="275"
                    VPOS="1356"
                    WIDTH="1319"
                    HEIGHT="88"
                    WC="0.994631709591035"></String>
          </TextLine>
          <TextLine ID="eSc_line_f9beedae"
                    TAGREFS="LT33"
                    BASELINE="209 1423 229 1425 282 1447 579 1451" 
                    HPOS="208"
                    VPOS="1388"
                    WIDTH="371"
                    HEIGHT="95">
            <Shape><Polygon POINTS="209 1423 208 1458 269 1461 313 1480 315 1480 316 1480 318 1480 372 1463 407 1483 408 1483 409 1483 577 1481 579 1451 579 1415 525 1405 523 1405 522 1405 521 1405 521 1406 508 1418 462 1411 461 1411 459 1411 441 1416 411 1404 409 1404 408 1404 407 1404 405 1404 394 1413 369 1400 368 1400 366 1400 311 1409 262 1390 261 1390 209 1388 209 1423"/></Shape>
            <String CONTENT="eis Leſtorden. (0)"
                    HPOS="208"
                    VPOS="1388"
                    WIDTH="371"
                    HEIGHT="95"
                    WC="0.929677708281411"></String>
          </TextLine>
        </TextBlock>
        <TextBlock HPOS="11"
                   VPOS="438"
                   WIDTH="93"
                   HEIGHT="360"
                   ID="eSc_textblock_7b919011"
                   TAGREFS="BT42">
          <Shape><Polygon POINTS="61 438 87 438 104 466 87 538 98 731 87 787 22 798 11 616 38 598 22 576 38 494 16 472 61 438"/></Shape>
          <TextLine ID="eSc_line_f33749e0"
                    TAGREFS="LT33"
                    BASELINE="38 483 86 481" 
                    HPOS="37"
                    VPOS="443"
                    WIDTH="49"
                    HEIGHT="54">
            <Shape><Polygon POINTS="37 454 38 483 38 497 86 495 86 481 81 443 50 444 37 454"/></Shape>
            <String CONTENT="oj⸗"
                    HPOS="37"
                    VPOS="443"
                    WIDTH="49"
                    HEIGHT="54"
                    WC="0.911296526590983"></String>
          </TextLine>
          <TextLine ID="eSc_line_88850670"
                    TAGREFS="LT33"
                    BASELINE="65 579 87 579" 
                    HPOS="65"
                    VPOS="534"
                    WIDTH="22"
                    HEIGHT="64">
            <Shape><Polygon POINTS="65 579 65 598 87 595 87 579 84 534 65 541 65 579"/></Shape>
            <String CONTENT="et"
                    HPOS="65"
                    VPOS="534"
                    WIDTH="22"
                    HEIGHT="64"
                    WC="0.9996331632137299"></String>
          </TextLine>
          <TextLine ID="eSc_line_bd161543"
                    TAGREFS="LT33"
                    BASELINE="54 630 84 630" 
                    HPOS="54"
                    VPOS="590"
                    WIDTH="30"
                    HEIGHT="58">
            <Shape><Polygon POINTS="54 630 54 648 84 645 84 630 83 590 54 594 54 630"/></Shape>
            <String CONTENT="r⸗"
                    HPOS="54"
                    VPOS="590"
                    WIDTH="30"
                    HEIGHT="58"
                    WC="0.9929625689983368"></String>
          </TextLine>
        </TextBlock>
        <TextBlock HPOS="16"
                   VPOS="800"
                   WIDTH="88"
                   HEIGHT="443"
                   ID="eSc_textblock_7b801439"
                   TAGREFS="BT42">
          <Shape><Polygon POINTS="59 800 98 816 104 861 76 1243 50 1237 44 1144 16 1137 16 1111 38 1109 16 1076 16 822 59 800"/></Shape>
          <TextLine ID="eSc_line_a7480635"
                    TAGREFS="LT33"
                    BASELINE="26 834 86 833" 
                    HPOS="26"
                    VPOS="804"
                    WIDTH="60"
                    HEIGHT="48">
            <Shape><Polygon POINTS="80 809 66 804 50 804 38 809 30 812 26 834 26 852 86 848 86 833 83 809 80 809"/></Shape>
            <String CONTENT="m⸗"
                    HPOS="26"
                    VPOS="804"
                    WIDTH="60"
                    HEIGHT="48"
                    WC="0.9999711513519287"></String>
          </TextLine>
          <TextLine ID="eSc_line_7724d8ed"
                    TAGREFS="LT33"
                    BASELINE="29 886 87 881" 
                    HPOS="26"
                    VPOS="840"
                    WIDTH="61"
                    HEIGHT="65">
            <Shape><Polygon POINTS="29 886 29 905 86 894 87 881 81 840 26 851 29 886"/></Shape>
            <String CONTENT="en,"
                    HPOS="26"
                    VPOS="840"
                    WIDTH="61"
                    HEIGHT="65"
                    WC="0.9999955495198568"></String>
          </TextLine>
          <TextLine ID="eSc_line_5c59a713"
                    TAGREFS="LT33"
                    BASELINE="27 933 91 929" 
                    HPOS="25"
                    VPOS="886"
                    WIDTH="66"
                    HEIGHT="73">
            <Shape><Polygon POINTS="27 933 29 959 91 945 91 929 84 886 58 898 25 897 27 933"/></Shape>
            <String CONTENT="voll"
                    HPOS="25"
                    VPOS="886"
                    WIDTH="66"
                    HEIGHT="73"
                    WC="0.9695147722959518"></String>
          </TextLine>
          <TextLine ID="eSc_line_168a6fe1"
                    TAGREFS="LT33"
                    BASELINE="31 983 86 980" 
                    HPOS="29"
                    VPOS="938"
                    WIDTH="57"
                    HEIGHT="66">
            <Shape><Polygon POINTS="31 983 31 1004 86 998 86 980 79 938 29 952 31 983"/></Shape>
            <String CONTENT="und"
                    HPOS="29"
                    VPOS="938"
                    WIDTH="57"
                    HEIGHT="66"
                    WC="0.9999622106552124"></String>
          </TextLine>
          <TextLine ID="eSc_line_d7f88ac6"
                    TAGREFS="LT33"
                    BASELINE="44 1033 79 1029" 
                    HPOS="38"
                    VPOS="988"
                    WIDTH="41"
                    HEIGHT="67">
            <Shape><Polygon POINTS="44 1033 47 1055 79 1038 79 1029 72 988 38 994 44 1033"/></Shape>
            <String CONTENT="de"
                    HPOS="38"
                    VPOS="988"
                    WIDTH="41"
                    HEIGHT="67"
                    WC="0.9999822378158569"></String>
          </TextLine>
          <TextLine ID="eSc_line_6f242821"
                    TAGREFS="LT33"
                    BASELINE="48 1083 80 1081" 
                    HPOS="45"
                    VPOS="1040"
                    WIDTH="35"
                    HEIGHT="58">
            <Shape><Polygon POINTS="48 1083 48 1097 79 1098 80 1081 75 1040 45 1047 48 1083"/></Shape>
            <String CONTENT="nt"
                    HPOS="45"
                    VPOS="1040"
                    WIDTH="35"
                    HEIGHT="58"
                    WC="0.9965163171291351"></String>
          </TextLine>
        </TextBlock>
        <TextBlock HPOS="11"
                   VPOS="1250"
                   WIDTH="93"
                   HEIGHT="681"
                   ID="eSc_textblock_0ccae20c"
                   TAGREFS="BT42">
          <Shape><Polygon POINTS="72 1250 93 1305 76 1448 104 1787 76 1931 55 1931 55 1900 11 1876 16 1555 44 1543 44 1266 72 1250"/></Shape>
          <TextLine ID="eSc_line_5f9e47b2"
                    TAGREFS="LT33"
                    BASELINE="56 1330 81 1327" 
                    HPOS="51"
                    VPOS="1288"
                    WIDTH="37"
                    HEIGHT="112">
            <Shape><Polygon POINTS="56 1330 65 1400 88 1393 81 1327 76 1288 51 1293 56 1330"/></Shape>
            <String CONTENT=","
                    HPOS="51"
                    VPOS="1288"
                    WIDTH="37"
                    HEIGHT="112"
                    WC="0.9997884631156921"></String>
          </TextLine>
          <TextLine ID="eSc_line_e782dd8e"
                    TAGREFS="LT33"
                    BASELINE="20 1631 80 1627" 
                    HPOS="18"
                    VPOS="1590"
                    WIDTH="62"
                    HEIGHT="62">
            <Shape><Polygon POINTS="20 1631 22 1652 80 1645 80 1627 75 1590 18 1601 20 1631"/></Shape>
            <String CONTENT="ent"
                    HPOS="18"
                    VPOS="1590"
                    WIDTH="62"
                    HEIGHT="62"
                    WC="0.9696422417958578"></String>
          </TextLine>
          <TextLine ID="eSc_line_ec7273bf"
                    TAGREFS="LT33"
                    BASELINE="40 1733 75 1730" 
                    HPOS="37"
                    VPOS="1688"
                    WIDTH="38"
                    HEIGHT="62">
            <Shape><Polygon POINTS="40 1733 41 1750 75 1750 75 1730 68 1688 37 1700 40 1733"/></Shape>
            <String CONTENT="a⸗"
                    HPOS="37"
                    VPOS="1688"
                    WIDTH="38"
                    HEIGHT="62"
                    WC="0.9999992847442627"></String>
          </TextLine>
          <TextLine ID="eSc_line_7be7e903"
                    TAGREFS="LT33"
                    BASELINE="29 1780 80 1777" 
                    HPOS="26"
                    VPOS="1738"
                    WIDTH="54"
                    HEIGHT="62">
            <Shape><Polygon POINTS="29 1780 29 1800 80 1794 80 1777 76 1738 26 1743 29 1780"/></Shape>
            <String CONTENT="dis"
                    HPOS="26"
                    VPOS="1738"
                    WIDTH="54"
                    HEIGHT="62"
                    WC="0.9999481836954752"></String>
          </TextLine>
          <TextLine ID="eSc_line_336be989"
                    TAGREFS="LT33"
                    BASELINE="43 1831 75 1831" 
                    HPOS="43"
                    VPOS="1786"
                    WIDTH="32"
                    HEIGHT="65">
            <Shape><Polygon POINTS="43 1831 43 1851 75 1848 75 1831 73 1786 43 1790 43 1831"/></Shape>
            <String CONTENT="r⸗"
                    HPOS="43"
                    VPOS="1786"
                    WIDTH="32"
                    HEIGHT="65"
                    WC="0.9999812841415405"></String>
          </TextLine>
        </TextBlock>
        <TextBlock HPOS="177"
                   VPOS="1533"
                   WIDTH="1426"
                   HEIGHT="554"
                   ID="eSc_textblock_38113236"
                   TAGREFS="BT42">
          <Shape><Polygon POINTS="789 1533 1036 1555 1080 1622 1075 1659 1025 1677 1043 1694 1586 1733 1603 1777 1597 2087 922 2081 793 2043 205 2026 177 1743 200 1650 276 1638 376 1655 400 1677 598 1683 616 1650 678 1643 705 1544 789 1533"/></Shape>
          <TextLine ID="eSc_line_0d0e998b"
                    TAGREFS="LT33"
                    BASELINE="716 1637 1055 1643" 
                    HPOS="715"
                    VPOS="1541"
                    WIDTH="340"
                    HEIGHT="131">
            <Shape><Polygon POINTS="1050 1580 1043 1569 1015 1563 1014 1563 1012 1563 1011 1563 1000 1570 940 1570 916 1550 916 1548 915 1548 914 1548 912 1548 911 1548 846 1566 826 1551 825 1551 823 1551 822 1551 805 1554 787 1543 786 1543 784 1543 716 1541 716 1637 715 1650 766 1659 768 1659 815 1654 828 1663 828 1665 829 1665 830 1665 832 1665 833 1665 835 1665 846 1658 885 1669 886 1669 887 1669 948 1655 976 1656 989 1669 989 1670 990 1670 992 1670 993 1672 1054 1672 1055 1643 1051 1583 1050 1580"/></Shape>
            <String CONTENT="Zu ſat."
                    HPOS="715"
                    VPOS="1541"
                    WIDTH="340"
                    HEIGHT="131"
                    WC="0.9675853252410889"></String>
          </TextLine>
          <TextLine ID="eSc_line_e4d09e43"
                    TAGREFS="LT33"
                    BASELINE="302 1733 611 1747 1068 1752 1589 1768" 
                    HPOS="301"
                    VPOS="1690"
                    WIDTH="1288"
                    HEIGHT="96">
            <Shape><Polygon POINTS="1582 1733 1451 1730 1376 1718 1372 1718 1364 1716 1332 1725 1262 1713 1125 1711 1123 1711 1122 1711 1105 1719 1086 1709 1085 1709 1083 1709 1082 1709 1046 1718 946 1706 944 1706 894 1715 828 1704 826 1704 825 1704 808 1712 722 1704 721 1704 686 1709 655 1698 654 1698 653 1698 572 1706 386 1695 384 1695 383 1695 368 1701 344 1690 343 1690 302 1690 302 1733 301 1750 1586 1786 1589 1768 1588 1744 1582 1733"/></Shape>
            <String CONTENT="Rter Reginbardo Noͤbten ledte zu F. Emmeram Orblonur, gebartig in dem"
                    HPOS="301"
                    VPOS="1690"
                    WIDTH="1288"
                    HEIGHT="96"
                    WC="0.9845352259235106"></String>
          </TextLine>
          <TextLine ID="eSc_line_ce20c9cf"
                    TAGREFS="LT33"
                    BASELINE="197 1783 248 1790" 
                    HPOS="194"
                    VPOS="1737"
                    WIDTH="58"
                    HEIGHT="67">
            <Shape><Polygon POINTS="197 1783 194 1793 245 1804 248 1790 252 1752 202 1737 197 1783"/></Shape>
            <String CONTENT="nen"
                    HPOS="194"
                    VPOS="1737"
                    WIDTH="58"
                    HEIGHT="67"
                    WC="0.9999879598617554"></String>
          </TextLine>
          <TextLine ID="eSc_line_d3179753"
                    TAGREFS="LT33"
                    BASELINE="327 1783 1586 1808" 
                    HPOS="326"
                    VPOS="1741"
                    WIDTH="1260"
                    HEIGHT="85">
            <Shape><Polygon POINTS="739 1750 737 1750 708 1759 698 1752 697 1752 696 1752 694 1752 618 1758 589 1747 587 1747 526 1745 525 1745 472 1755 327 1741 327 1783 326 1794 390 1795 401 1805 402 1805 404 1805 405 1805 515 1800 526 1806 527 1806 529 1806 530 1806 593 1802 627 1809 629 1809 811 1805 976 1816 978 1816 1022 1809 1135 1819 1136 1819 1319 1816 1407 1825 1408 1825 1446 1818 1583 1826 1586 1808 1585 1777 1404 1775 1367 1763 1365 1763 1364 1763 1362 1763 1329 1772 1315 1762 1314 1762 1312 1762 1311 1762 1239 1770 1194 1759 1193 1759 1028 1755 1026 1755 962 1763 819 1763 796 1751 794 1751 740 1750 739 1750"/></Shape>
            <String CONTENT="Freyuinger Biſtum, beylaͤuſig um das MXIII. Jahr, wie ſolches aus ſei⸗"
                    HPOS="326"
                    VPOS="1741"
                    WIDTH="1260"
                    HEIGHT="85"
                    WC="0.989636892080307"></String>
          </TextLine>
          <TextLine ID="eSc_line_e7993e47"
                    TAGREFS="LT33"
                    BASELINE="297 1811 357 1823 544 1831 1590 1854" 
                    HPOS="295"
                    VPOS="1786"
                    WIDTH="1295"
                    HEIGHT="86">
            <Shape><Polygon POINTS="295 1833 365 1843 366 1843 400 1837 430 1847 432 1847 433 1847 665 1843 708 1851 709 1851 755 1845 789 1855 790 1855 791 1855 973 1852 1123 1862 1125 1862 1126 1862 1128 1862 1137 1855 1169 1863 1171 1863 1172 1863 1212 1856 1224 1865 1225 1865 1226 1865 1228 1865 1229 1865 1258 1858 1404 1858 1588 1872 1590 1854 1589 1823 1532 1822 1521 1812 1519 1812 1518 1812 1517 1812 1347 1818 1282 1806 1280 1806 1224 1815 1187 1805 1186 1805 1185 1805 1098 1812 975 1811 947 1800 946 1800 944 1800 880 1806 826 1797 825 1797 823 1797 791 1805 772 1795 771 1795 666 1794 665 1794 664 1794 648 1801 298 1786 297 1811 295 1833"/></Shape>
            <String CONTENT="chrifften abzunehmen. Er befleißte ſich von zarter Ingend an, die Buͤcher"
                    HPOS="295"
                    VPOS="1786"
                    WIDTH="1295"
                    HEIGHT="86"
                    WC="0.9916818705323625"></String>
          </TextLine>
          <TextLine ID="eSc_line_9dd77086"
                    TAGREFS="LT33"
                    BASELINE="195 1829 258 1837" 
                    HPOS="193"
                    VPOS="1784"
                    WIDTH="68"
                    HEIGHT="71">
            <Shape><Polygon POINTS="195 1829 193 1841 254 1855 258 1837 261 1795 200 1784 195 1829"/></Shape>
            <String CONTENT="ſchoͤr"
                    HPOS="193"
                    VPOS="1784"
                    WIDTH="68"
                    HEIGHT="71"
                    WC="0.8972040067116419"></String>
          </TextLine>
          <TextLine ID="eSc_line_9dd5cd36"
                    TAGREFS="LT33"
                    BASELINE="282 1850 309 1854" 
                    HPOS="279"
                    VPOS="1812"
                    WIDTH="34"
                    HEIGHT="58">
            <Shape><Polygon POINTS="282 1850 279 1870 307 1869 309 1854 313 1825 287 1812 282 1850"/></Shape>
            <String CONTENT="u"
                    HPOS="279"
                    VPOS="1812"
                    WIDTH="34"
                    HEIGHT="58"
                    WC="0.9995412826538086"></String>
          </TextLine>
          <TextLine ID="eSc_line_aae7ad3a"
                    TAGREFS="LT33"
                    BASELINE="197 1866 230 1870" 
                    HPOS="194"
                    VPOS="1834"
                    WIDTH="38"
                    HEIGHT="50">
            <Shape><Polygon POINTS="197 1866 194 1877 227 1884 230 1870 232 1844 200 1834 197 1866"/></Shape>
            <String CONTENT="de"
                    HPOS="194"
                    VPOS="1834"
                    WIDTH="38"
                    HEIGHT="50"
                    WC="0.9976242482662201"></String>
          </TextLine>
          <TextLine ID="eSc_line_1ccc49ae"
                    TAGREFS="LT33"
                    BASELINE="326 1859 558 1876 1311 1884 1590 1898" 
                    HPOS="325"
                    VPOS="1827"
                    WIDTH="1265"
                    HEIGHT="84">
            <Shape><Polygon POINTS="1450 1851 1436 1851 1422 1851 1408 1851 1394 1851 1381 1850 1368 1850 1354 1850 1340 1850 1326 1848 1312 1848 1299 1848 1297 1848 1246 1858 1214 1847 1212 1847 1211 1847 1210 1847 1178 1856 1167 1847 1165 1847 1164 1847 1162 1847 1161 1847 1128 1855 1039 1855 982 1843 980 1843 979 1843 948 1851 936 1843 935 1843 933 1843 932 1843 876 1850 825 1840 823 1840 623 1845 594 1837 593 1837 591 1837 558 1844 543 1833 541 1833 540 1833 539 1833 484 1843 409 1829 408 1829 372 1834 326 1827 326 1859 325 1877 569 1883 580 1891 582 1891 583 1891 584 1891 793 1888 928 1898 929 1898 930 1898 957 1891 976 1898 978 1898 979 1898 1143 1895 1200 1904 1201 1904 1239 1897 1315 1906 1317 1906 1365 1900 1588 1911 1590 1898 1590 1866 1503 1863 1464 1852 1450 1851"/></Shape>
            <String CONTENT="ſchreiben. Er kame in das Cloſter S. Emmerami Anno MXXCXII, all-"
                    HPOS="325"
                    VPOS="1827"
                    WIDTH="1265"
                    HEIGHT="84"
                    WC="0.9938022308051586"></String>
          </TextLine>
          <TextLine ID="eSc_line_64e5fa9b"
                    TAGREFS="LT33"
                    BASELINE="286 1893 355 1905 604 1920 1222 1927 1588 1944" 
                    HPOS="284"
                    VPOS="1866"
                    WIDTH="1304"
                    HEIGHT="93">
            <Shape><Polygon POINTS="773 1879 772 1879 744 1887 569 1877 562 1877 552 1876 544 1876 543 1876 458 1880 287 1866 286 1893 284 1915 365 1925 366 1925 473 1922 569 1934 915 1943 916 1943 918 1943 919 1943 935 1933 1082 1944 1083 1944 1146 1938 1164 1947 1165 1947 1167 1947 1168 1947 1197 1940 1278 1948 1279 1948 1315 1943 1386 1955 1387 1955 1447 1947 1501 1958 1585 1959 1588 1944 1586 1911 1486 1908 1472 1897 1471 1897 1469 1897 1468 1897 1268 1901 993 1884 992 1884 850 1890 775 1879 773 1879"/></Shape>
            <String CONTENT="auch denen Schullern, ſo alda flrißig unterwieſen wurden, vorgejeter ware."
                    HPOS="284"
                    VPOS="1866"
                    WIDTH="1304"
                    HEIGHT="93"
                    WC="0.9857455347035382"></String>
          </TextLine>
          <TextLine ID="eSc_line_dae2a15f"
                    TAGREFS="LT33"
                    BASELINE="197 1911 233 1920" 
                    HPOS="193"
                    VPOS="1870"
                    WIDTH="48"
                    HEIGHT="63">
            <Shape><Polygon POINTS="197 1911 193 1923 227 1933 233 1920 241 1886 207 1870 197 1911"/></Shape>
            <String CONTENT="Un"
                    HPOS="193"
                    VPOS="1870"
                    WIDTH="48"
                    HEIGHT="63"
                    WC="0.9999889731407166"></String>
          </TextLine>
          <TextLine ID="eSc_line_0c234325"
                    TAGREFS="LT33"
                    BASELINE="259 1926 300 1933" 
                    HPOS="255"
                    VPOS="1890"
                    WIDTH="46"
                    HEIGHT="62">
            <Shape><Polygon POINTS="255 1943 294 1952 300 1933 301 1897 284 1901 266 1890 259 1926 255 1943"/></Shape>
            <String CONTENT="dal"
                    HPOS="255"
                    VPOS="1890"
                    WIDTH="46"
                    HEIGHT="62"
                    WC="0.9984604716300964"></String>
          </TextLine>
          <TextLine ID="eSc_line_11ceb22a"
                    TAGREFS="LT33"
                    BASELINE="326 1947 643 1963 1190 1969 1371 1977" 
                    HPOS="325"
                    VPOS="1911"
                    WIDTH="1046"
                    HEIGHT="80">
            <Shape><Polygon POINTS="743 1923 741 1923 716 1931 577 1930 511 1916 326 1911 326 1947 325 1966 491 1966 534 1975 536 1975 537 1975 561 1968 573 1976 575 1976 576 1976 882 1983 883 1983 922 1976 947 1984 948 1984 950 1984 1105 1980 1129 1988 1130 1988 1132 1988 1185 1981 1196 1990 1197 1990 1199 1990 1200 1990 1239 1984 1250 1991 1251 1991 1253 1991 1254 1991 1369 1984 1371 1977 1371 1943 1337 1934 1336 1934 1268 1933 1267 1933 1265 1933 1249 1943 1232 1931 1230 1931 1229 1931 1228 1931 1226 1931 1205 1941 1178 1931 1176 1931 1175 1931 1174 1931 1153 1937 1060 1929 1058 1929 1007 1937 979 1926 978 1926 976 1926 922 1936 865 1929 864 1929 829 1934 821 1927 819 1927 818 1927 816 1927 815 1927 791 1933 744 1923 743 1923"/></Shape>
            <String CONTENT="Jahr MLV. ware er Decanus unter Abbten Reginbardo."
                    HPOS="325"
                    VPOS="1911"
                    WIDTH="1046"
                    HEIGHT="80"
                    WC="0.995343132019043"></String>
          </TextLine>
          <TextLine ID="eSc_line_48214415"
                    TAGREFS="LT33"
                    BASELINE="225 1969 333 1994 587 2012 1586 2036" 
                    HPOS="223"
                    VPOS="1951"
                    WIDTH="1363"
                    HEIGHT="104">
            <Shape><Polygon POINTS="223 2008 284 2020 286 2020 326 2012 439 2023 440 2023 564 2022 577 2029 579 2029 580 2029 618 2023 875 2037 876 2037 878 2037 908 2029 953 2030 964 2040 965 2040 966 2040 1015 2041 1017 2041 1018 2041 1040 2033 1150 2045 1151 2045 1232 2038 1247 2048 1249 2048 1250 2048 1251 2048 1342 2041 1500 2055 1501 2055 1585 2052 1586 2036 1586 2006 1476 1995 1475 1995 1343 1998 1294 1981 1293 1981 1292 1981 1150 1991 1111 1979 1110 1979 1108 1979 1107 1979 1078 1987 1050 1979 1048 1979 1047 1979 1005 1984 957 1972 955 1972 954 1972 876 1983 825 1969 823 1969 822 1969 704 1979 682 1972 680 1972 679 1972 678 1972 676 1972 664 1979 544 1976 508 1959 507 1959 505 1959 504 1959 475 1966 464 1958 462 1958 461 1958 368 1955 366 1955 365 1955 341 1962 226 1951 225 1969 223 2008"/></Shape>
            <String CONTENT="zan nacher Hulden, und lehrer die Juͤnger in denen Schnlen: von dannen"
                    HPOS="223"
                    VPOS="1951"
                    WIDTH="1363"
                    HEIGHT="104"
                    WC="0.9712973603180477"></String>
          </TextLine>
          <TextLine ID="eSc_line_c3cccc25"
                    TAGREFS="LT33"
                    BASELINE="1403 1980 1589 1986" 
                    HPOS="1401"
                    VPOS="1941"
                    WIDTH="188"
                    HEIGHT="68">
            <Shape><Polygon POINTS="1403 1980 1401 1991 1496 2008 1497 2008 1499 2008 1521 1998 1544 2009 1546 2009 1547 2009 1588 2004 1589 1986 1589 1956 1540 1947 1539 1947 1467 1952 1451 1941 1450 1941 1449 1941 1447 1941 1403 1950 1403 1980"/></Shape>
            <String CONTENT="Er gienge"
                    HPOS="1401"
                    VPOS="1941"
                    WIDTH="188"
                    HEIGHT="68"
                    WC="0.9992072383562723"></String>
          </TextLine>
          <TextLine ID="eSc_line_18d5ac35"
                    TAGREFS="LT33"
                    BASELINE="897 2059 960 2062" 
                    HPOS="896"
                    VPOS="2020"
                    WIDTH="64"
                    HEIGHT="63">
            <Shape><Polygon POINTS="954 2022 940 2022 936 2020 914 2040 897 2040 897 2059 896 2076 937 2083 939 2083 940 2083 958 2075 960 2062 960 2022 954 2022"/></Shape>
            <String CONTENT="&amp; t"
                    HPOS="896"
                    VPOS="2020"
                    WIDTH="64"
                    HEIGHT="63"
                    WC="0.9999916156133016"></String>
          </TextLine>
          <TextLine ID="eSc_line_e410032c"
                    TAGREFS="LT33"
                    BASELINE="1546 2079 1583 2079" 
                    HPOS="1546"
                    VPOS="2043"
                    WIDTH="37"
                    HEIGHT="58">
            <Shape><Polygon POINTS="1546 2079 1546 2101 1583 2094 1583 2079 1582 2043 1546 2050 1546 2079"/></Shape>
            <String CONTENT="er"
                    HPOS="1546"
                    VPOS="2043"
                    WIDTH="37"
                    HEIGHT="58"
                    WC="0.9999971389770508"></String>
          </TextLine>
        </TextBlock>
        <TextBlock HPOS="205"
                   VPOS="2116"
                   WIDTH="1387"
                   HEIGHT="115"
                   ID="eSc_textblock_e40a5b53"
                   TAGREFS="BT42">
          <Shape><Polygon POINTS="489 2116 1075 2133 1014 2154 939 2154 972 2138 904 2131 789 2137 809 2148 771 2155 822 2172 1547 2177 1592 2188 1592 2231 305 2231 250 2226 205 2170 216 2122 489 2116"/></Shape>
          <TextLine ID="eSc_line_50b18794"
                    TAGREFS="LT33"
                    BASELINE="283 2175 395 2193 853 2216 1581 2225" 
                    HPOS="282"
                    VPOS="2154"
                    WIDTH="1299"
                    HEIGHT="107">
            <Shape><Polygon POINTS="283 2175 282 2208 469 2212 544 2225 546 2225 547 2225 565 2218 594 2227 596 2227 597 2227 625 2222 697 2241 698 2241 772 2243 773 2243 775 2243 796 2234 814 2244 815 2244 816 2245 866 2245 866 2244 868 2244 904 2230 979 2248 980 2248 1054 2241 1165 2252 1167 2252 1247 2236 1310 2251 1311 2251 1312 2251 1314 2251 1358 2237 1429 2255 1431 2255 1432 2255 1433 2255 1468 2247 1497 2261 1499 2261 1500 2261 1578 2256 1581 2225 1579 2188 1464 2195 1437 2183 1436 2183 1358 2180 1357 2180 1356 2180 1312 2193 1286 2179 1285 2179 1283 2179 1240 2180 1239 2180 1237 2180 1221 2190 1029 2187 987 2177 986 2177 985 2177 983 2177 973 2184 932 2176 930 2176 758 2179 697 2163 696 2163 694 2163 693 2163 646 2176 626 2162 625 2162 623 2162 622 2162 547 2173 473 2161 472 2161 470 2161 445 2169 408 2156 407 2156 283 2154 283 2175"/></Shape>
            <String CONTENT="Ze was obmn von Cerande, Cenldo Ccarnalm rr nꝛs. n. U. Cer NXV grmeldnt"
                    HPOS="282"
                    VPOS="2154"
                    WIDTH="1299"
                    HEIGHT="107"
                    WC="0.8785815759443901"></String>
          </TextLine>
          <TextLine ID="eSc_line_0ffc071a"
                    TAGREFS="LT33"
                    BASELINE="251 2204 354 2215" 
                    HPOS="248"
                    VPOS="2179"
                    WIDTH="106"
                    HEIGHT="57">
            <Shape><Polygon POINTS="251 2204 248 2223 275 2222 350 2236 354 2215 354 2190 252 2179 251 2204"/></Shape>
            <String CONTENT="worden"
                    HPOS="248"
                    VPOS="2179"
                    WIDTH="106"
                    HEIGHT="57"
                    WC="0.9983691573143005"></String>
          </TextLine>
        </TextBlock>
        <TextBlock HPOS="1526"
                   VPOS="2133"
                   WIDTH="43"
                   HEIGHT="4"
                   ID="eSc_textblock_df9f8f40"
                   TAGREFS="BT42">
          <Shape><Polygon POINTS="1532 2133 1569 2133 1569 2137 1526 2137 1532 2133"/></Shape>
        </TextBlock>
        <TextBlock HPOS="22"
                   VPOS="2133"
                   WIDTH="54"
                   HEIGHT="48"
                   ID="eSc_textblock_2f0d47d0"
                   TAGREFS="BT42">
          <Shape><Polygon POINTS="61 2133 76 2176 33 2181 22 2155 61 2133"/></Shape>
        </TextBlock>
        <TextBlock HPOS="38"
                   VPOS="1955"
                   WIDTH="38"
                   HEIGHT="76"
                   ID="eSc_textblock_986852a1"
                   TAGREFS="BT42">
          <Shape><Polygon POINTS="66 1955 76 2026 55 2031 38 2011 61 1994 38 1977 66 1955"/></Shape>
        </TextBlock>
        <TextBlock HPOS="216"
                   VPOS="2061"
                   WIDTH="21"
                   HEIGHT="20"
                   ID="eSc_textblock_7b02b1b5"
                   TAGREFS="BT42">
          <Shape><Polygon POINTS="222 2061 237 2066 237 2081 216 2076 222 2061"/></Shape>
        </TextBlock>
        <TextBlock HPOS="1504"
                   VPOS="2150"
                   WIDTH="65"
                   HEIGHT="9"
                   ID="eSc_textblock_eed00c46"
                   TAGREFS="BT42">
          <Shape><Polygon POINTS="1565 2150 1569 2159 1504 2159 1558 2155 1565 2150"/></Shape>
        </TextBlock>
        <TextBlock HPOS="22"
                   VPOS="1516"
                   WIDTH="4"
                   HEIGHT="4"
                   ID="eSc_textblock_b4a7d7f7"
                   TAGREFS="BT42">
          <Shape><Polygon POINTS="26 1516 26 1520 22 1520 22 1516 26 1516"/></Shape>
        </TextBlock>
      </PrintSpace>
    </Page>
  </Layout>
</alto>
