1935 2499
902 251 27 47 as

395 238 88 72 328

961 244 339 73 18 (0) Eoz-

386 291 1396 86 Piderich, und Foannes, ihr Lager war auf dem Burger⸗Verg zw⸗

388 352 1398 76 ſchen Priel und WVeinting; es gieng aber langſam her, und kunten

388 399 1392 79 ſich die Fuͤrſten in dem Modo die Stadt zu gewinnen nicht vergleichen

384 451 1394 77 Als ſich immittels etlich von dem Bayriſchen zu nahe der Gradt bege⸗

384 502 1395 79 ben, ſeynd die Burger den 12. Nobember bey dem Jacober⸗Fhor⸗

386 559 1387 74 gegen Dechberren, ausgefallen, mit ihrem Feind ein Scharmuͤtzelge

386 608 1385 76 wagt, den Sieg erhalten, viel erlegt und gefangen: worauf ein grol

383 660 1383 74 ſer Schroͤcken in das Lager deren Furſten kommen, die dann eylen⸗

380 710 1388 74 aufgebrochen, von der Stadt abgelaſſen, herentgegen aber Donau

383 759 1361 78 ſtauff eingenommen. Bey dieſem Gefecht haben ſich ritterlich an S

377 809 1385 79 then der Stadt gehalten Hanns und Parzifall die Zenger. Unter de

379 862 1372 77 nen, ſo dem Pfaltz⸗ Grafen geblieben, ſollen zo vom Adel gewel

380 914 1377 71 ſeyn, die man Vermoͤg alter Tradition in die Mitte unſer Kirchenb

379 962 1378 80 graden. Von dieſem Anlauff und Belaͤgerung iſt ſonſt nichts Den⸗

376 1016 1381 78 wuͤrdiges zu ſchreiben, als was ſich mit einer heiligen HHoſtien zugetr⸗

377 1067 1364 75 gen, wie folgt: Demnach der Oberhauſer, Gebruͤder⸗Diener, a

375 1116 1379 77 der Kirchen zu Sultzbach, neben anderen Kirchen⸗Schaͤtzen ein be

376 1168 1375 74 lige HHoſtien entfremdet, hat einer, Andreas mit Nahmen, die heil

375 1220 1348 73 ge Hoſtien z. Tag bey ſich in einen ſeidenen Beutel getragen, ale

375 1267 1382 78 aber einer gemeinen Fetl oder Frauen unflaͤtigen Dienſt nicht ander

372 1318 1374 78 als mit dem Beutel zu bezahlen haͤtte, wirfft der Boͤswicht die heill

376 1371 1329 77 Hoſtien in die naͤchſte Dornhoͤcken, und verkaufft den Beutel ui

372 1423 1349 75 Schilling; aber die billige Rach GOttes bliebe nicht aus, ma

370 1475 1337 74 gleich darauf der gottloſe Menſch an gantzen Leib mit unleydentli

372 1528 1303 75 Schmertzen angriffen, raſend im Lager herum lieffe, offentlick

370 1577 1280 76 Schandthat bekennet, und zwar die heilige Hoſtien wiederum

365 1624 1344 79 und aufheben wollte, waͤre aber nicht werth oder wuͤrdig einet

363 1675 1330 78 theuren Werth zu ergreiffen, ſonder die Schmertzen nammen mi

1714 1711 41 64 et

365 1728 1314 75 billigen Straff alſo zu, daß ihm der Kopf mit dem Angeſicht au

1705 1759 53 63 vie

362 1779 1310 74 Rucken umgerieben, alle Glieder am Leib verrencket, die Auge

1698 1806 61 72 pas

361 1829 1312 78 ein Fauſt aufgeſchwollen, die Naaſen⸗ Loͤcher alſo verweiteret,

1714 1861 41 60 en

361 1879 1328 77 man fuͤglich ein Ey hinein ſchieben kunte; und da er endlich an ga

1711 1913 35 63 ꝛl

359 1929 1298 82 Leib erſchwartzt, ſo entſetzlich zugericht, daß er mehr einen Teu,

359 1981 1300 77 Menſchen gleichte, hat er mit Verzweiflung ſein unſeelige See.

1665 1970 58 66 a.

361 2031 1330 77 geſchittet. Einer ſeiner bevorab in dieſer Bosheit Mit⸗Geſell, al

359 2082 1296 72 in der Donau die Pferd ſchwemmen wollte, wird er in das 2

366 2131 1293 82 geworffen, und damit er nicht ausſchwimmen kunte, ſchlagt das

1697 2158 51 77 de.
