1978 2546
933 230 23 45 -

984 220 347 72 2 (0) 22c-

424 271 1411 79 Lod ſein Son Aribertus nach dieſer Cron, und kunts Anlprandus⸗

417 325 1416 78 nicht verwehren. Ja er mußte nach zwey verlohrnen Schlachten,

417 376 1416 78 und in der letzten von dem Feind gefangen, und in einem Bad erwuͤrgt⸗

408 428 1422 76 Luirpertum ſein Pflegs⸗ Sohn die Flucht zu Theodebertum, Furſten

411 475 1418 73 in Bayrn nehmen, bey welchem er ſamt ſeinem Sohn Luirnrando

420 523 1406 85 (dene Ariberrus gleichwohl den fluͤchtigen Vatter nachzureiſen derwil⸗

413 577 559 80 liget) verblieb er 9. Jahr.

962 691 311 146 Suſas

400 823 1418 90 LHZus A5pellenie uicht Anno do, ſondern erſi Anno 708, ds diͤdr zns

475 886 1340 72 W Emmeram, beſiellet worden, erhellet aus der Vertanſchung ( Connnte-

400 926 1420 79 tione,) welche derſelde in Swerten Jahr Lndorici Regis mit Erchancrido ge⸗

401 978 1414 72 macht, wie wir zuvor vernommen. Mithin hat Appollonius die Echuelen Anno

400 1028 1412 71 697. oder in denen darauf folgenden Jahren nicht errichten koͤnnen. Addr Cœle-

400 1072 1413 72 ſtinus ſchreibet, daß in kurtzer Zeit, nach Appolloniun, welchen er Anno sor-

397 1125 1414 63 als Abbren zu S. Emmeram vorzeiget, unſer Cloſter gleichſam ein Univerſitaͤr wor-

394 1162 1418 68 den. Allernig, allbekannt iſt, was fuͤr Unwiſſenheit vor denen Zeiten Caroi Aagri.

393 1206 1416 68 in dieſen Landen eingewurtzlet habe, da Carolus ſich ſelbſten ſehr bemaͤhet har, duͤraͤ

393 1248 1415 68 Aufrichtung deren Schullen, ſolchem Unheyl abzuhelffen. Es kan alſo mit Grund

393 1292 1410 68 nicht geſagt werden, daß das Cloſter S. Emmerami in kurtzer Zeit ( nach 697.)

389 1330 1414 74 gleichſam zu einer Univerlitaͤt worden. Ich will aber dardurch nicht geſagi haden⸗

389 1377 1413 68 als waͤre damahls in Regenſpurg, und dey S. Emmeram gar kein Corg vor die

386 1422 1417 67 noͤrhige Wiſſenſchafft getragen worden, maſſen das Widerſpill aus dieſem'erhelel,

387 1472 1407 59 daß, ( wie dey Aventino tom. 3. Annal. pag. 280. und in Actis SS. Bollan-

386 1503 1412 75 uian. auf den 11. Tulii de S. Flidulfo &c. zu leſen) Erbardur (Arionardus)

382 1553 1412 72 und Mdulfus zu Regenſpurg in denen Wiſſenſchafften, ( nach den Gebraneh dieſet

384 1601 1407 69 Zeiten,) unterwieſen, und Hiduifar, als Clericus in Regenſpurg gewenhet wor-

380 1644 1411 70 den. Daß aber nach der Zeit die Schulen mit groͤſſerer Corg, ben S. Ememneran

379 1690 1405 68 angerichtet worden, erhellet ans denen Buͤchern und Manuſcriptis Arnorai, Orh-

377 1734 1408 69 loni, und B. Vilhelmi, welche in XL. Srcnlo, als Moͤnch zu S. Emmeran

377 1775 752 62 ledten, und denen Wiſſenſchafften obliegeten.

496 1821 1288 74 Es ſchreibet anch Arentinus tom. III. Annal. pag. 220. daß er ein Baͤch

373 1862 1405 78 lein ben S. Emmeram geiunden habe, weiches Fbisterdu. (WVicterpus) ein ar

372 1908 1403 75 ter Biſchon, in achren Seculo, mit eigenen Handen geſchrieben habe. Aus wet

372 1950 1410 76 chen mehrmuhlen zolger, daß um ſolche Zeiten, im VII. und VIIL. Fœculo, lans

369 1991 1406 83 nor Caroli M. Zenten, einige Sorg und Muͤhe vor die noͤrhige Wiſenſchatit, au

367 2043 1407 80 hier getragen worden. B. VVICTERPLS wird von anigen unter de Regen⸗

369 2093 1403 112 ſvnzgenſebe Bibs, bo n. do Anann der drunn bergeonr hrren 12,

1673 2145 106 84 ders.
