1978 2545
346 197 52 60 18

829 203 397 74 88 (0) 82g-

338 246 1412 101 uͤbrigen lebten ſie nach denen Gewohnheiten deren Koͤniglichen Eloͤſtern) Aiſo Ar-

339 303 157 54 noldus.

458 336 1292 95 Ehe ich dieſe Wort Arnoldi erklaͤre, ſo erachte ich untzlich znu ſeyn, etwas

339 383 1411 90 von dem Cloͤſterlichen Leben zu melden, welches von denen eitlen Welt⸗Kindern,

339 424 1409 92 und uͤbergelehrten Weiſen, als unnaͤtz und veraͤchtlich gehalten wird. Schier zwen

339 466 1411 93 hundert Fahr, vor S. Benedict, hat das Eloͤſterliche Leben in Occidente, oder

338 509 1413 93 Lateiniſchen Kirchen ihren Anfang genommen. S. Benedictus iſt ein Vermehrer

336 552 1409 89 und Ausbreiter der Cloͤſterlichen Diſciplin, nit aber deroſelden Urheber zu nennen.

338 595 1409 90 Marcella ein Adeliche Roͤmerin erlehrnete von Athanaſio Aexandriniſchen Bi⸗

338 637 1410 91 ſchoffen, welcher ans Orient im Jahr 310 nach Rom ankommen, die Lebens⸗

338 684 1410 90 Art des groſſen Antonii, Pachomii, und die Diſciplin deren Cloͤſtern, Jung⸗

336 726 1414 91 franen, und Matronen, welche in Thebaide wohneten. Zn Hieronymi und Au-

332 771 968 77 guſtini Zriten waren in Rom vile Cloͤſter anntreffen. (a,

455 815 1292 85 Von denen Maylaͤndiſchen Cloͤſtern unter Ambroſio und Martino, nach⸗

332 855 1413 88 mahligen Biſchonfen zu Tour in Franckreich, und anderen ꝛc. Ttem von denen Eis⸗

333 900 1410 85 ſtern in Atrica, ſo Auguſtinus erbanet ꝛc. iſt mehrers dey Mabillon (e) ꝛu

331 941 1413 95 leſen; aus welchem erhellet, daßt vor allen anderen in Welſchland ſchon in aten JTahr⸗

332 986 1413 92 hundert das Cloſter⸗Leden ſeinen Anfang gehabr, welches aber in dem daranf ſolgen⸗

332 1026 1412 95 den Sœculo, wegen Einfall deren Hunnen, Gothen, Wandalen ꝛc. ſehr abgenom⸗

331 1068 1427 95 men, biß Benedictus zu Anfang des ſechnten Jahrhundert das Cloſter⸗Leben wie⸗

328 1118 536 62 derum in den Flor gebracht hat

452 1162 1288 85 In Franckreich, Frrland, Spanien, Illyrien, Gothia waren verſchiedene

328 1200 1413 86 Cloͤſter vor S. Benedicti Zeiten anzutrenen. (1) Allein es ware noch keine gewiſſe

328 1245 1410 82 Negei denenſelben vorgeſchrieben. Caluianus ſchreibet, (O ltot vropemodum

329 1288 1409 91 trpi ac regulæ, quor cellœ & monaſteria.) daß ſchier ſo viele Sarzun⸗

325 1337 1416 91 gen oder Cloſter⸗Reglen, als Cloͤſter und Cellen deren THoͤnchen

321 1388 1419 93 anzutreffen waren. Er ſebſten lebte in fuͤnfften Sœculo in ſeinen von ihme

319 1440 1060 71 zn Marhilien erbanten Eloſter, und regierte bis 5000. Moͤnch.

442 1485 1296 78 In diſen erſteren Zeiten regierte bisweilen der Abbt ſein Eloſter nach guten

322 1524 1412 83 Grduncken. In anderen Cloͤſtern ledten die Moͤnch nach Arrh und Weis ihrer Vor⸗

321 1560 1415 87 fahrern. Eruichen Orthen waren gewiſſe Geſaͤtz vorgeſchriben. Bisweilen wurden

322 1603 1405 89 rerſchiedene Reglen in einem Cloſter zugleich derbachter, nachdeme der Orth und

322 1650 1409 80 Leit ſolches zulteſſe. Allein unter allen Moͤnchen ware die groͤßte Einigkeit, und

319 1688 1409 82 Gemeinſchafft, alſo zwar, daß ohne Unterſcheid deren Reglen, ein Moͤnch mit Vor-

321 1733 1406 93 wiſſen ſrines Oberen von diſem Orth zu einem anderen gehen, und allda in Cloſter,

316 1775 446 61 als Monch, leden koͤnnte.

1645 1843 88 77 Die

343 1962 1141 92 (O) Madll vrwirt in  cta 55. Ord. S. V. ꝛd. oa da udom I. rꝛ. w. s.

350 2006 153 59 (e) Lbid.

346 2054 328 64 (r) Mebitlon. ibu.

343 2103 295 72 E) Lid. ꝛ. inctir.
