1571 2270
644 110 48 66 ud

715 110 49 67 1

829 110 148 67 0) &

1439 105 87 55 7&2

148 155 1371 79 ber ſehr viele Leuch, auch etliche Bedienten unſeres Cloſters hinwei

143 206 1375 75 Henommen, als haben der damahlige Titl. HHerꝛ Praͤlat Foannes Bapti-

142 258 1376 66 ſta, und ſammentliches Capitulum ein Geluͤbd gemacht, zu Ehren der

140 305 1374 65 Allerheiligiſten Dreyfaltigkeit einen Altar aufzurichten, und alle Fahr

138 354 1372 64 an dieſem Feſt ( SS. Trinitatis) drey alte Maͤnner in dem Refecto-

138 401 1372 64 rio mit denen anderen Geiſtlichen auszuſpeiſen, nebſt Reichung drey

135 452 1375 61 Gulden Allmoſens. Item ſollte dem anderen Tag, als Montag, zu

132 493 1378 64 ewigen Zeiten, auf dieſen Altar von Venerab. P. Priore ein ſolennes

129 541 1377 70 Lob⸗ Amt zu Ehren der Allerheiligiſten Drenfaltigkeit geſungen wer⸗

128 590 1378 64 den, welches auch beſtaͤndig bishero beobachtet worden. GOtt har

127 636 1379 71 das buͤſſende Seufftzen erhoͤret, und iſt niemanden mehr, weder aus

124 693 1380 62 denen Geiſtlichen, weder aus denen, die zu Aufrichtung ſolches Altars

122 737 1383 65 etwas beygetragen, von der Kranckheit uͤberfallen worden, oder ge⸗

122 783 1387 65 ſtorben. Gelobt ſeye die Allerheiligiſte Dreyfaltigkeit. Es machte

121 828 1379 74 auch die Loͤbliche Burgerſchafft zu Stadt am Hof, und die Gemein⸗

117 876 1379 72 de in Steinweeg ein Geluͤbd, und erbaueten zu Ehren der Allerheili⸗

117 925 1377 76 giſten Dreyfaltigkeit auf den ſo genannten Oſterberg ein ſchoͤne Kir⸗

117 972 1380 74 chen, zu welcher den 18. Septembris 1772. der erſte Stein gelegt, An⸗

112 1022 1382 71 no 1775. aber den 28. ſulii deroſelben Einweyhung durch Tirl. Herrn

116 1071 1197 75 Grafen von Wartenberg, Suffraganeum verrichtet worden.

237 1119 1254 68 GOtt erhoͤrte das reumuͤthige Bitten deren Buͤfſenden, befreye⸗

107 1165 1381 74 te die Stadt Regenſpurg aus unendlicher Barmhertzigkeit von dieſem

107 1218 1380 62 Ubel, alſo, daß ſelbe Anno. 1772. den g. Maij wiederumen eroͤffner

105 1266 1378 69 worden. Vermoͤg der von der Reichs⸗Stadt Regenſpurg ſelbſten

103 1317 1378 62 heraus gegebenen Specification ſollen an dieſem Ubel allhier geſtorden

104 1358 1000 73 ſeyn, von 2. ſunii 1773. bis zu Ende Decembris.

237 1407 1238 65 Von Geythen deren Herren Lutheranern in der Stadt 2102.

99 1462 371 71 Im Lazareth s82.

235 1501 1235 80 Catholiſcher Seythe. In der Stadt 256S. Im Lazarerh aa27.

99 1551 1377 83 Zuſammen 7857. Perſohnen. Ob die Zahl richtig? kan ich nicht ſa⸗,

98 1600 1373 76 gen. GOrt bewahre uns hinfuͤhran von ſolchen ubel, und gebe die

99 1650 1367 72 Gnad, daß wir durch unſere Suͤnden zu ſolcher gerechten Straffe

97 1699 1366 71 ihne nicht mehr bewegen. Bald nach Eroͤffnung der Stadt kamen die

99 1747 1037 79 Hoche Geſandſchafften wiederumen nach Regenſpurg.

228 1793 1229 78 Damit die Syfar⸗ Kinder zu S. Rupert allhier bey S. Emme-

93 1843 1364 82 ram, ein groͤffere Andacht gegen ihren heiligen Pfar⸗ Patron bekom⸗

94 1894 1360 85 meten, und GOtt mehrers gelobet werde. So wurde mit Erlaub⸗

705 1952 197 75 Bb bb 2

1366 1939 86 76 nuß
