2007 2562
903 233 407 74 -128 (0) Eeß--

402 291 1412 80 Prophet weißgeſagt: ich wird den Hirten ſchlagen, und die Schaaf

398 345 1416 76 der HHeerden werden zerſtreuet. Die Diener Landberti, und deren nir

397 394 1417 79 wenig, falleten mit Gewalt den Biſchoff an, fuhren ihn in eine Scheurn,

397 445 1420 80 darein man Trayd zu legen pflegt, entbloͤſſen ſeinen Leib, und banden

398 495 1413 72 ihn mit Stricken an ein Laiter; er aber bettete mit Andacht und groͤ⸗

397 549 1414 78 ſter Innbrunſt zn dem HErrn: HErr ZEſu Chriſt, der du an dem

398 596 1411 74 Creutz deine Haͤnd ausgeſtreckt, und mich mit deinem Blut erloͤſet haſt,

398 647 1415 74 ich ſage dir groſſen Danck, daß du mich aus ſo vilen Laͤndern an diſe

397 703 1416 76 Stadt gefuͤhrt haſt, daß ich unſchuldiger an diſem Laſter um deinet⸗

397 748 1419 80 willen mein Blut vergieſſen ſoll. (d) Indeme er alſo bettete, wurden

397 799 1417 83 fuͤnff Maͤnner verordnet, die ihme ſeine Glieder abhauen ſolten; aus

394 854 1420 81 diſen widerſetzten ſich zween ſolche grauſame That zu vollziehen, erbli⸗

394 903 1419 83 chen an dem Angeſicht, und ſagten von Grund ihres Hertzens alſo:

398 950 1419 87 HHErr JEſu Chriſt erheiſche nit das Blut diſes Menſchen von unſern

391 1007 1425 71 Haͤnden, dann du weiſt, daß wir ſolches nit eignen Willens, ſondern

392 1056 1419 82 aus Heiffung und Befehl thun muͤſſen. Wie der heilige Mann diſes

394 1107 1417 84 gehoͤrt, ſprach er: HHErr verleyhe ihnen Gnad nach ihren Begehren,

390 1158 1424 83 aber die anderen drey Henckers⸗ Knecht erzeigten ihr Unbarmhertzigkert

394 1211 1420 72 offentlich, und ſagten: wolten wir einen ſolchen nit aufs grauſamiſt

394 1266 1420 71 angreiffen, der ſo unverſchamter Weiß ſeinen Willen mit einer ſo groſ⸗

394 1312 1425 81 ſen Fuͤrſtens Tochter vollbracht har? Aiſo daß er maͤnniglich zu einem

395 1364 1425 80 Erempel, und Lehr ſeye, daß einem jeden die HHaͤnd abgehaut werden

392 1414 1427 76 ſollen, welcher dergeſtalt wider Billichkeit und Recht ſich an einen

395 1467 1421 85 Frauen⸗Bild vergeſſen thut. Bald ſie diſes geſagt, haben ſie ihme die

397 1517 1417 79 Finger Gliedweiß abgeſchnitten: Darnach aus des grimmigen Fuͤr⸗

392 1565 1422 77 ſtens Befehl auch die Augen ausgeſtochen, und der Naſen und Ohren

392 1616 1422 79 beraubt. In ſolcher groſſer Peyn, wiewohl der heilige Martyrer mit

392 1669 1421 76 Blut haͤuffig gleich als ein klarer Bronnen geſloſſen, hat er doch ſein

392 1722 1422 81 Gebett nicht unterlaſſen, ſondern allzeit Pſalmen und Lobgeſaͤnger

394 1773 1422 74 GOtt dem Herrn aufgeopfferet; dahero in einem ſo unmenſchlichen

394 1827 1415 77 Kamyf er aus Goͤttlicher Krafft geſtaͤrcket worden, daß nit ein eintzi⸗

397 1881 1177 74 ger Seuffzer von ihme durch die Umſtehende gehoͤrt wurde.

543 1928 1271 76 (e) Es waren aber die Blut⸗ Duͤrſtige ab ſo viel Peynen nicht

391 1977 1415 91 erſaͤttiget; hacketen ihm deyde Fuß ſamt beyden Haͤnden ab, deren Fin⸗

1737 2029 76 76 ger

431 2191 327 50 (a) Paz. 98. cap. 12.

429 2223 326 75 l) Eꝛs M. er 1ꝛ.
