1978 2546
352 256 100 63 101

928 254 39 68 3

343 305 1421 78 hernach aber Gedhardum den Biſchoff zu ſich beruffen, ihme vor St.

345 363 1422 65 Emmerams⸗Altar mit ernſthafften Worten verbotten, GOttes⸗ nnd

346 413 1422 69 St. Emmerami Dienern im mindiſten nicht verdrußlich und ſchaͤdlich

345 463 1423 68 zu ſeyn, noch andern ſolches zu geſtatten, ſich mit ſeinen Einkommen

345 513 1419 69 begnuͤgen, und das Erbtheil S. Emmerami deſſen Dienern laſſen. (r)

343 562 1421 74 Alsdann Ramroldi und der Seinigen Gebett ſich befohlen, den Ab⸗

345 615 1420 71 ſchied genommen, und in Italien verreiſt, und nach ſtabilirten Papſt

346 667 1418 71 Gregorium, wider den von Creſcentio Roͤmiſchen Burgermeiſter in-

342 715 1420 74 trudirten ſoannem XVII iſt er wieder nacher Regenſpurg kommen,

339 768 1389 72 nnd vom Biſchoff Gebhardo mit groſſen Ehren empfangen worden.

468 817 1299 71 Da nun der ſeelige Ramvroldus ſeine Taͤg wohl erlebt, und das

336 875 1425 62 hunderteſte Jahr erreicht, hat ihn ein Fieber ergriffen, 1a. Tag (s)

338 920 1430 72 Beth⸗ ligerig gemacht: und als er merckte daß ſein Wanderſchafft

339 970 1423 72 ein End wollte nehmen; hat er ſeine Bruͤder zu ſich beruffen, vaͤtter⸗

336 1019 1429 71 lich und innbruͤnſtig ihnen zugeſprochen, zur Lrebe GOttes, Haltung

335 1073 1426 74 der Cloſter⸗ Zucht, Frommkeit, und allen Tugenden ermahnet, ja

336 1125 1431 70 auch die zukuͤnfftige Verfolgung des Cloſters vorgeſagt, alsdann ſich

336 1175 1432 73 in SS. Benedicti und Riliani- Capellen tragen laſſen, ſein Gewiſſen

335 1226 1423 72 durch die heilige Beicht voͤllig gereiniget, und nach empfangenem -H-

335 1277 1427 70 Sacramenten in dem Gebett ſein Geiſt aufgeben den 18. Funii. Zu-

332 1323 1421 73 deſſen Abſchied zween Aebbt, als Gorrhardus von Altaich, und Al-

331 1374 1423 78 berrus von Seon kommen, die GOrt ſein Seel mit vielen Zaͤhern

331 1427 335 73 anbefohlen. (1)

472 1480 1282 74 Heinrich Fuͤrſt in Bayern, und Kanſer, erfuhre auch dieſes ſee⸗

328 1530 1427 69 kigen Vatters Tod, und zu Bezeugung ſemer zu ihm getragenen Lieb⸗

328 1579 1426 67 und geneigten Gemuͤths, hat er ſelbſten der Leich⸗ Begaͤngnuß, ſamt;

329 1630 1418 72 Gebhardo Biſchoffen, mit der gantzen geiſtlichen und weltlichen Ver⸗

329 1680 1419 73 ſammlung beywohnen, ja ſogar den koͤſtlichen Laſt des Leichnams aut

331 1734 1414 70 ſeine Achſel nehmen, und zum Grab tragen wollen: er war auch mit

328 1785 1419 70 dieſer unerhoͤrten Demut nicht begnugt, ſondern ſtiege in das ſchon

328 1833 1417 79 langſt zubereite Grab, empfieng den heiligen Leichnam, richtete die

329 1884 1414 79 Baar oder Truhen, die er mit rothem Leder uberziehen laſſen, in das

328 1936 1412 88 Grad, beſchloſſe ſie wohl, und namm den Schluͤſſel zu ſich, mit wel⸗

1634 1987 107 72 chem

365 2149 213 49 (r) Pag. 136.

360 2185 217 55 &) Paz. 198.

362 2227 205 65 iO) Eer 129.

1904 1629 55 68 les

1905 1676 43 65 igt

1925 284 33 86 n

1924 507 46 60 un

1919 1118 33 70 e

1934 1393 15 55 .
