2111 2572
766 234 395 73 -&8 (0) Eeg-

1609 245 58 65 17

397 278 1265 87 Die zerſtreute Roͤmer wurden aus dem Land ausgeſchlagen,

265 328 1402 87 die Fluͤchtigen kamen auf Regenſpurg, Hertzog Dierh eyiete ihnen

265 380 1401 87 nach, belaͤgerte die Stadt, und je mehr der Innwohner waren, je

264 428 1401 86 groͤſſer ware der Schrocken und Noth, die alsdann am groͤßten wa⸗

262 480 1403 80 re, da der Hertzog die Stadt mit ſtuͤrmender HHand eingenommen:

262 524 1405 87 dann er ſo viel Chriſtliches Blut (der Roͤmer und Fuden zu geſchwei⸗

260 575 1406 88 gen) vergoſſen, daß er und die Seinige des Metzgen ſelbſt mud wur⸗

261 625 1406 92 den. Die Stadt wurde zerriſſen und verderbt, die Kirchen und Got⸗

260 678 721 72 tes⸗ Haͤuſer zerſtoͤrrt und verdrennt.

388 723 1281 94 Nach diſer Haupt⸗Stadt (die er, wie cay. r. gemeldt wor⸗

260 768 1407 93 den, von ſeiner Gemahlin Reginopyrgam genannt) ergaben ſich die

262 818 1400 99 uͤbrige Staͤdt, und zwar gleich mit Willen. Der Hertzog Dierh,

261 871 1408 96 oder Theodo aber bliebe allhier, und trachtete das Gewonnene zu er⸗

260 918 1409 96 halten. Er ware auch ſeinem vermeinten Gott Herculi nicht undanck⸗

260 964 1399 104 dar, ſondern weyhete denſelben zu Ehren den Wald gegen Abach,

258 1015 1411 99 von gedachten Gott Hercule das Argle, oder Ergle vulgo genannt

260 1063 1407 107 (unſerm Cloſter ſchon von etlich hundert Fahren her gehoͤrig) allwo

257 1117 446 64 er ſein Opfer ablegte.

390 1163 1279 94 Es ſeynd zwar etliche der Meinung, daß der allguͤtige GOtt

257 1213 1412 98 diſe Stadt nicht allein denediciren wollen mit groſſen Alter, vorneb⸗

260 1264 1409 94 men Herkommen, und zeitlichen Guͤteren, ſondern vielmehr mit dem

260 1313 1412 95 Liecht des Chriſtlichen Glaubens, und vermeinen, es ſeve ſolches de⸗

258 1367 1409 86 nen Regenſpurgern ſchon zu Zeiten des Heil. Apoſtels Pauli aufgan⸗

262 1410 1403 91 gen, durch ſeinen geſandten Fuͤnger Lucium, andere nennen Marcum

261 1453 1405 103 (aber nicht den Evangeliſten) die aber den Grund deſſer geſucht, fin⸗

258 1506 1407 101 den Lucium Koͤnig in Engelland, der Anno 182. oder 187. ſein Cron

258 1557 1407 101 abgelegt, das Reich quirirt, nach langer Reis allhero kommen, den

261 1607 1404 100 Chriſtlichen Glauben geprediget, und viel bekehrt, ſo die Roͤmer ſon⸗

260 1656 1403 102 ders nicht gehindert; ſonderbar wann ihnen die reiche Fuͤrſten Geld

258 1708 1402 98 ſpendiret haben. Nachdeme aber dieſe das Land raumen muͤſſen, in

260 1754 1403 103 mit denenſelden auch der Catholiſche Glaub verfolgt, und wo nicht

260 1808 1402 95 gar ausgereut, doch alſo unterdrucket worden, daß ſolches Liecht wie⸗

257 1856 1405 103 derum bey neu⸗ eingefuͤhrten haydniſchen Abgoͤttereyen nichts moͤgen

255 1903 652 83 Hlantzen, noch fuͤr ſich kommen.

403 1954 1256 100 Ich lieſe zwar daß Paolinus nach Chriſti Geburt a0. oder a22.

255 2003 1402 98 ein Diſcipul S. Sevirini, Biſchofs zum Ravenna, allhier Biſchof ge⸗

254 2053 1401 106 weſen; wie lang aber, oder was er guts geſchafft, ſinde ich nicht dar⸗

881 2120 108 69 B 2

1566 2134 91 73 bey.
