1940 2440
329 187 89 62 176

680 372 720 78 LANL  L P..T 11.

435 478 1292 81 Lerorymas Furi, vom Marckt Grleningen aus dem Waͤrtender⸗

332 540 1395 65 1 A aer⸗Land kam in dieſes Cloſter Anno 1592. den S. November⸗

455 588 1272 70 Nachdem er ſich jederzeit wohl verhalten, und treſlich geſtudirele

329 634 1394 76 iſt er ſeines Antecelloris Hieronymi (der Alters und Unpaͤßlichten

329 687 1392 69 halber nicht mehr vorſtehen koͤnnen) den 19. May Anno .soy Coad-

332 736 1393 70 iutor erwaͤhlet, von Pabſt Paulo V. den z. December conſirmiret,

325 782 1395 78 Anno 1609. aber nach Ableiben erſt⸗ gedachtes ſeines Vorfahrei

328 832 1389 77 voͤllig Praͤlat worden, in der Zahl der f2ſte, hat die Regalia vob

326 889 1386 69 Kayſer Audolph zu Prag emrfangen, den 17. Martii 1609. (a) un

326 939 1384 66 von Ferdinando II. (b) Conkirmationem Privilegiorum erhalten Ann

328 985 1389 75 1620. den 19. May. Wegen ſeiner guten Qualitaͤten war er allerO

322 1032 1392 79 then beliebt, und dekam von hochen Fuͤrſten ſo viel ſchoͤne Angedei⸗

329 1088 1381 69 cken, daß er von denenſelben zu End des Lebens ein ziemlich ſchwaͤre.

329 1135 1377 72 Kelch vom puren Gold machen lieſſe. Die Kirch hat er durchgehel

325 1184 1385 75 mit einem ſchoͤnen Tabulat gezieret, ſo aber Anno 1622. mit andere.

328 1234 1380 76 Sachen verbronnen, gleichwohl Anno 16S1. guten Theils wieder?

325 1286 1322 76 ſetzt worden. Nachdem er nun das Cloſter nutz⸗ und ruͤhmlich

1662 1287 52 59 16

330 1336 1378 76 Jahr, F. Monath, und 22. Taͤg regieret, iſt er in GOtt ſeelig ves

328 1389 869 70 ſchleden den . November Anno 1622. (,

883 184 205 74 28 (0.

1129 188 45 72 2i

364 1720 1336 77 O) Drigimle in Archuiro. Itan ven Mlꝛrthis tem RavEer Ann ꝛEr, Orig inele in arebiro

364 1763 254 58 (H) In Archivo.

366 1811 1228 61 (o) Da Heronynus Feyri, als Coadjutor erwahlet werdens erſchlene dey de oadi

1607 1792 113 69 r. Tit-

394 1854 1208 61 uolfgangu 0iſchoff zu Regenſourg, als Delegatus Pontificius, z welchen 26

1607 1839 109 58 aber der⸗

398 1895 1245 58 ſelde von dem Convent zn S. Emmeram emgeladen worden; dann vorhero niemahlen de,

1667 1874 46 50 iner

395 1927 1239 60 Wahl emn Diſchoff als Delegatus des Pabſtens zugegen ware / ſondern dleſede wurde von

1656 1908 60 53 enent

395 1961 1244 64 Religioſen unter uch gantz alleimn vorgenommen: weilen aber dieſer Hochwurdigike Diſchs

1681 1946 31 43 rit

394 2004 1216 52 beſonderer Goͤnner des Cloſters ware, wurde er (mit Dworhalt des Cloſters Gerechtfami

1655 1983 49 51 ar⸗

395 2036 1197 58 geladen. Aliſo die Originalia in Archivo. Und dreſe Einladung wirs noch beſtandig

1607 2022 101 57 obſerv.

391 2069 1280 66 ret. Das Reznen Erutnlurn yn S. Enmeren, beſummet den Tas zur Webl: alszan

397 2114 312 75 Huedat d Ehiat es.

1813 486 42 56 ,

1870 448 65 60 N.

1813 536 70 68 en,

1812 585 62 76 erf

1815 642 115 69 en na⸗

1820 687 82 74 drar

1817 738 105 72 Drunt

1811 786 50 66 nit

1819 845 108 63 einen

1813 887 114 70 rto ur

1812 938 118 69 Proteſt

1816 985 80 70 hen,

1815 1035 76 71 ntſt,

1815 1083 91 80 nher

1813 1173 102 83 enne

1820 1234 105 74 Seyſte

1820 1286 79 72 ema

1820 1342 98 56 rntzo,

1817 1386 114 67 enrhei

1815 1431 82 70 Nbn

1812 1478 65 74 cho

1819 1534 110 70 painri

1816 1581 94 70 toph

1811 1632 116 66 ein Br

1809 1679 120 71 uus B

1815 1771 116 75 Geiſtli

1815 1828 115 68 Fuͤrſte

1826 1874 101 72 ſchen

1815 1919 73 72 uder

1822 1969 105 73 Lriede

1826 2022 74 119 o

1588 1504 121 94 Inci
