2127 2583
1146 264 316 76 8 (O) Loͤß

539 328 1430 115 in Anno 1360. Hertzog Stephan dem Fuͤn⸗

549 424 1425 112 gern 1576. Albrechten des obigen Sohn.

543 516 1430 109 1388. Hertzog Hainrichen. 1128. Alberto

538 602 1436 121 Pio 1222. deſſelben beeden Sohnen Johann

536 698 1431 109 und Sigmund. 1262. Guilielmo Conſtan-

541 793 1428 108 te und ſeinen Brudern Ludovico mit die⸗

553 883 1414 115 ſer ſpecial Claulul, nemlichen dem Cloſter

561 974 1403 115 Schutz, Schirm und Handhabung zu thuen,

539 1073 1424 110 als ware es ohne Mittel im Land gelegen,

531 1168 1429 99 nicht weniger von Alberto Magnanimo,

528 1252 1435 109 deſſen Sohn Guilielmo, und hinnach Wey⸗

531 1343 1436 113 land Sr. Sr. in GOtt ruhenden Churfuͤrſtl.

531 1439 1435 105 Churfuͤrſtl. Durchleuchten Mazimiliano

529 1534 1435 96 Dero Anherꝛn, und Ferdinando Maria dem

575 1617 1382 115 ermn Vattern alle Hoͤchſtſeel. und Glor⸗

526 1720 1427 106 wurdigiſten Angedenckens abgebenen Brief⸗

536 1815 1423 110 fen m dem gnaͤdigiſten Schutz, und Prote-

531 1901 1429 120 ction genommen worden, und gleichwie ich

526 1996 1431 112 in Beſchreibung dieſes mir anvertranten

528 2085 1425 142 Cloſters Jahrs⸗Geſchichten, ſonderbar in

1726 2201 220 107 denen⸗
