1978 2546
386 248 100 57 122

981 254 34 72 3

379 304 1416 80 nig da Anno 1752, die Kirchen S. Emmerami gantz erneneret wurde, ſennd auch

1047 256 215 74 0) Ehl

377 355 1414 76 obige Figuren hinweg geraumt worden, bis etwas zierlichers an deren ſtatt aufge⸗

377 390 1415 86 richtet werdc. Gleich in Eingang zu S. Ramvoldi- Grufft, von Seythen S. Geor-

382 437 1412 82 gii- Capellen iſt uͤncker Hand ein tieffes Loch in die Mauer hinein gemacht, allwo

379 476 1129 77 ein Stein zu ſehen, der die Grabſtatt Arnu lphi Kanſers anzeiget.

380 567 887 79 und wiederumen dahin kommen maͤſſen, lanten alſo⸗

499 521 1295 88 Die Vers welche vorhin bey der Grabſtatt dieſes Kayſers zu leſen waren⸗

580 654 976 84 Hac Arnulpbus humo eſt Ceſar Romanus bumatus

619 715 831 78 Ouem Galli Regem, Boii habuere Ducem.

584 772 938 80 Hic ⸗dem Emmerame tuam defendit, S aurit

631 837 806 79 Predia ſunt teſtes, ſplendidus atque liber

575 891 869 82 Ad noſtram Cineres Dionyſi tranſtulit urbem

619 951 793 84 Einibus à Gallis, quos, pia furta, tulit,

571 1011 891 85 Poſtquam nongentos vitam compleverat annos

631 1070 667 82 Ceſar perſolvit debita jura necis.

374 1210 1408 88 Monath Novemdris in unſer Suͤfft⸗Kirchen der Fahr⸗Tas nit gantzer Vigil,

492 1164 1294 87 Von dem Tod Arnulphi an, bis jetzo beſtaͤndig, wird alle Jahr zu Ende des

373 1254 1313 99 und ſolennen Orficio de Regniein vor dieſen verſtordenen Eayſer gehalten.

700 1442 777 145 CAPUTXXIII

452 1591 1320 95 Udoricus von B. Adalderone, gebohrnen Grafen von Diun⸗

486 1649 1288 87 gen, Freyherꝛn zu Vahingen und Anhalm aus einem moͤnch

478 1698 1292 94 und Abbten, Biſchoffen zu Augſpurg getaufft, und in Fradiit

357 1752 1415 89 unterwieſen, hernach Roͤmiſcher Koͤnig, Kayſers Arnolphi Gohn⸗

356 1811 1404 78 wurde Anno 900. mit 7. Jahren von denen geſamten Staͤnden 5

360 1854 1398 89 Forchhaim Roͤmiſcher Koͤnig lalutiret, und auf den Thron geſetzt. Val

373 1916 31 45 1.

547 1909 1224 85 hoff zu Freyſing war ſein HHoffmeiſter; Hatto, Ero⸗Biſchost

357 1951 1404 97 zu Mayntz, und Orto, Hertzog in Sachſen ſeine Vormunder, Theo-

356 2011 1402 86 domarus, Ertz⸗Biſchoff zu Saltzburg ſein Cantzler; und Land⸗HHoff

356 2063 1399 84 meiſter in Bayrn Luitpaldus, ein vortreffuͤcher Fuͤrſt. Hat ſein B.

357 2111 1396 99 graͤbnuß in der Mitte unſers Chors, deſſen herliches Grab ander.

1665 2161 97 83 gleid
