1938 2500
31 250 89 63 , (e

56 300 59 55 vol

36 347 68 59 rſol

29 393 89 63 nichtt

23 447 89 76 uſan

696 211 150 73 828

219 259 1389 84 gienlis, Silenenlis, Cervienlis, Commaculenlis, Ferrarienlis, Adi-

868 211 101 69 0)

994 211 116 69 8ez-

1519 227 91 60 219

219 313 1386 82 kenlis, Aquileianenſis, Tarviſenlis, Cenodenlis, Cremonenſis,

222 363 1386 82 Novarienſis, Portienlis, Artenlis, Taurinenlis, Equenſis, Bello-

218 412 1389 85 fenlis, Trigeltini, Tridentini, Verenenlis, Cumani, Vincentini,

223 466 1385 79 armenlis, Concordienlis, Badenenlis, Mantuani, Gradenlis, Me-

219 516 1391 79 diolanenlis, Vercellenſis, Landenlis, Pergamenlis, Papienſis, Al-

223 548 31 54 i

269 569 1338 75 genenſis, Remenlis, Pictarienſis, Turonenſis, Pariſienlis, Are-

218 616 1383 81 atenlis, Viennenlis, Lngdunenſis, Genovenlis, Lavſolœnenlis,

216 668 1392 77 Hoguntini, Magdeburgenlis, Vormatienſis, Conſtantienlis, Vur-

227 720 1376 77 purgenlis, Rubilerenlis, Augultenlis, Halderſtarenlis, Spirentis.

222 769 1383 81 urienſis, Colonienlis, Leodicenlis, Trajectenlis, Mindenlis, Ho-

215 818 1389 83 endruckenlis, Trevirenſis, Merenlis, Ciricenlis, Verdonenlis,

222 869 1383 82 ullenlis, luravienlis, Patavienlis, Frilingenſis, Brixinenlis, Pra-

216 920 1385 78 grnlis, Michaelis Ratisdonenſis. Worauf dann Michael Adalrvino

215 950 85 72 pleick

337 977 1271 68 wider welche loͤbliche Diſpoſition ſich D. Laurentius Hochvvart

258 1008 67 73 tig

336 1027 1267 75 beklaat,) St. Emmeram und deſſen Cloſter guͤnſtig worden,

266 1073 1333 81 us dem genugſam erſcheint, (h) daß er zu Behaupt⸗und Beſchuͤtzung

261 1126 1343 78 mmerami Guter gar einen Krieg wider Berrholdum Marggrafen

216 1151 50 64 vor

302 1179 1298 71 Lohburg gefuͤhrt, und kam die Each ſo weit, daß Berrhold 12.

218 1223 1385 85 deuche Maͤnner vorſchlug mit dieſen zu bezeugen, daß ſein Anforde⸗

220 1254 50 61 an

301 1281 1299 73 in St. Emmerams Cloſter nit unbillig waͤre; als ſie aber ihren

220 1305 27 50 ,

272 1313 66 74 hen

216 1348 104 85 SOtr

363 1333 1240 72 Ayd ober St. Emmerams⸗ Altar ablegten, ſeynd ſie von

215 1425 1388 79 derzahrner Betrohung alſo erſchroͤckt worden, dab er von ſeinen Be⸗

326 1381 1274 74 mit traurigen Zufaͤllen geſtrafft, Berthold aber desgleichen mit

205 1454 117 83 Annen

341 1481 1258 74 nit allein abgelaſſen, ſonder entgegen S. Emmeram ſein Gut

211 1525 1386 83 Klins vor der Stadr verehrt. Dieſer Biſchoff war auch dey der bln⸗

209 1554 81 71 wgen

319 1580 1280 78 Schlacht, die wider die HHunnen bey Augſpurg zu St. Ulrichs

205 1597 107 80 Zeiter

205 1648 136 93 werden

333 1634 1264 79 geſchehen, was ihme dabey widerfahren, wird gleich erzehlt

209 1722 825 89 Alter nhmen, und nit verſchweigen ſollen.

382 1687 1212 68 So gedachter Doctor HHochwarth billich in Conſideration

315 1787 1279 79 Meginhardus O) ein alter Filtoricus und Probſt zu Magde⸗

871 1844 127 58 Ee 2

1465 1848 121 78 burg,

83 590 25 61 e

61 643 51 61 uni

38 697 60 71 tas

37 1105 54 56 no

44 1198 53 64 pel

38 1288 56 68 go

38 1650 31 56 a

248 1980 831 79 J Arnoldus bey Basnage. tom. II. pag. 112 cap. 17.,

308 2027 1282 81 Meginfredus vns nche Meginbardur. Es hat ſch aber Abt Cœleſtinur gerrur: dana

255 2065 1337 78 nlefinkr aus hat nur das Duch dr Vita & Morte S. Enmerami beſchrieben, das andere hat

255 2101 1332 89 eazer Arnoldor in Ld. 1. de Niracalis S. Enwerami zſammen geirogen mo enehur, wo

257 2133 861 89 feſts v leſen, vide Hornage ton. HI. ret. 216. eor. 17.
