1935 2499
366 261 95 59 332

875 261 401 63 mt2& (O) Lag-,

365 310 1399 80 hinaus geben. Dem Haus Oeſterreich aber wegen verruckter Adro

366 365 413 65 catia aco. fl. erlegt.

504 416 1257 74 In jetzt angezogenen 1527. Jahr iſt Allerhoͤchſt⸗ermeldter Kar

362 467 1400 73 ſer Ludwig Hertzog, in Ob⸗ und Niedern Bayrn, ꝛc. nach viel aus

363 520 1395 68 geſtandenem Unmuth ꝛc. von einer Jagt nach Haus reiſend, vom Ge

365 567 1393 74 walt GOttes getroffen, Tods verblichen, und zu Huͤnchen in unſe

359 617 1392 75 lieben Frauen Kirchen begraben; dahin demeſelben ein anſehnlich kunſt

359 671 1389 71 reich und recht Kayſerlich Mauſolzum, von Weyland Chur⸗Furſt M⸗

358 720 1390 76 Ximilian HHoͤchſtſeeliger Gedaͤchtnuß, mit dieſer lalcription aufgeric

356 777 1394 67 worden: Ludovico Ouarto, Imnperatori Auguſto, Mazimilianus Bavar

358 824 1389 70 Dur Sac. Rom. Imperii Elector, fubentibus Alberto Ouinto Avo, & O

356 873 1377 72 lielmo Ouinto Parentibus, poſuit Anno 1622. Dieſer Rayſer hat

358 923 1390 71 waͤhrend ſeiner Regierung nicht allein das beruͤhmte Benedictinel

355 973 1392 75 Cloſter Erral in Ober⸗Bayrn geſtifft, und reichlich begabt, ſonde

352 1024 1399 72 auch in dem Nuͤrnberger⸗Wald das Cloſter Bildenreur tundiret,

352 1078 1385 68 und dem gleich nahend hieſiger Stadt liegenden Cloſter Adlesbers

355 1130 1359 69 ſo vorhero zu Detendorff geſtanden, und daſelbſten abgedrunnen,

354 1175 1385 74 dann um beſſerer Commoditaͤt willen auf beſagten Adlesberg verſe⸗

354 1228 1339 71 worden iſt, erſt⸗gemeldten Orth Adlesberg auch gewiſſe Zehe.

352 1277 1384 72 und Einkuͤnfften geſchenckt, und daſſelbe dahin gebaut, welches dene

354 1330 1357 70 Cloſter⸗ Frauen S. Dominici artribuiret, und Biͤdenreur mit &

352 1378 1119 74 ſter⸗Frauen der Regul S. Auguſtini zugethan, beſett.

484 1431 1174 76 Anno 1528. den 25. Januarni gabs aller Orth ſo ſtarckee

350 1477 1323 77 dem, daß nicht allein kein Menſch gedenckte, ſonder gar nicht ge

350 1534 1282 72 wurde. In einem kleinen Gezirck wurden 20. Schloͤſſer und,

350 1582 1301 74 uber ein Hauffen geworffen. Vornehme Staͤdt wurden denen

351 1632 1335 74 fern gleich. In Teutſchland glaubte man nicht, daß was Erbaͤrmlio

348 1682 1325 72 kunte erfahren werden, als wann der Himmel einſiele, darau

352 1731 1382 76 folgte ein ſolcher Sterd, der den dritten Theil der Menſchen hinwe

345 1786 107 88 riſſe-

482 1827 1247 81 Es iſt auch billich aus danckbarem Gemuͤrh von der Geiſtuchten

345 1888 1380 75 wegen zu ruͤhmen, welcher Geſtalt allerhoͤchſternannt Kayſer Anowis

343 1936 1282 75 der in ſemnem hieruber 1322. ausgefertigten Kayſerlichen Brietf

348 1989 1234 72 genannter Dfaffheir, in ſeinen Landen zu Bayrn inhalb der

1671 1964 62 64 ail

350 2039 1319 71 und hindishalb unter andern die Freyheit errheilt, daß die welt

341 2088 1325 72 Oorigkeit in gedacht ſeinen Landen (darzu dazumahlen auch die ai

344 2138 1299 87 genannte Zungerdder Pfals FLeuburg gehoͤris geweſen, wie dann d

1626 2171 77 73 ane
