<?xml version="1.0" encoding="UTF-8"?>
<alto xmlns:xsi="http://www.w3.org/2001/XMLSchema-instance"
      xmlns="http://www.loc.gov/standards/alto/ns-v4#"
      xsi:schemaLocation="http://www.loc.gov/standards/alto/ns-v4# http://www.loc.gov/standards/alto/v4/alto-4-2.xsd">
  <Description>
    <MeasurementUnit>pixel</MeasurementUnit>
    <sourceImageInformation>
      <fileName>image234.jpg</fileName>
      <fileIdentifier>https://archiv.ub.uni-marburg.de/eb/2010/0168</fileIdentifier>
    </sourceImageInformation>
  </Description>
  <Tags>
    <OtherTag ID="BT1" LABEL="Title" DESCRIPTION="block type Title"/><OtherTag ID="BT2" LABEL="Main" DESCRIPTION="block type Main"/><OtherTag ID="BT3" LABEL="Commentary" DESCRIPTION="block type Commentary"/><OtherTag ID="BT4" LABEL="Illustration" DESCRIPTION="block type Illustration"/><OtherTag ID="BT42" LABEL="text" DESCRIPTION="block type text"/>
    <OtherTag ID="LT33" LABEL="default" DESCRIPTION="line type default"/>
  </Tags>
  <Layout>
    <Page WIDTH="1918"
          HEIGHT="2545"
          PHYSICAL_IMG_NR="234"
          ID="eSc_dummypage_">
      <PrintSpace HPOS="0"
                  VPOS="0"
                  WIDTH="1918"
                  HEIGHT="2545">
        <TextBlock HPOS="350"
                   VPOS="271"
                   WIDTH="1447"
                   HEIGHT="1916"
                   ID="eSc_textblock_bf5e8637"
                   TAGREFS="BT42">
          <Shape><Polygon POINTS="946 271 1265 277 1340 339 1797 350 1786 2028 1769 2164 741 2159 401 2187 356 2147 350 305 367 282 445 282 497 328 773 328 946 271"/></Shape>
          <TextLine ID="eSc_line_e8980b09"
                    TAGREFS="LT33"
                    BASELINE="356 326 458 322" 
                    HPOS="355"
                    VPOS="282"
                    WIDTH="103"
                    HEIGHT="60">
            <Shape><Polygon POINTS="452 291 445 287 431 282 424 282 410 282 408 282 357 294 355 298 356 326 356 342 422 342 422 340 424 340 458 329 458 322 456 294 452 291"/></Shape>
            <String CONTENT="206"
                    HPOS="355"
                    VPOS="282"
                    WIDTH="103"
                    HEIGHT="60"
                    WC="0.9999338587125143"></String>
          </TextLine>
          <TextLine ID="eSc_line_077cb550"
                    TAGREFS="LT33"
                    BASELINE="879 313 970 322 1162 322 1284 312" 
                    HPOS="879"
                    VPOS="271"
                    WIDTH="405"
                    HEIGHT="75">
            <Shape><Polygon POINTS="1274 285 1260 275 1246 275 1231 275 1217 275 1203 275 1189 275 1175 274 1164 274 1155 277 1149 274 1147 274 1132 274 1127 274 1123 278 1063 278 1049 272 1048 272 1033 272 1031 271 1015 278 1007 271 1005 271 991 271 977 271 963 271 949 271 934 274 920 278 906 282 892 287 884 289 879 313 879 333 933 344 934 346 985 346 985 344 987 344 1011 333 1031 343 1032 343 1033 343 1035 343 1073 332 1114 343 1116 343 1117 343 1118 343 1140 332 1169 343 1171 343 1172 343 1282 336 1284 312 1277 287 1274 285"/></Shape>
            <String CONTENT="&amp;S (0) 229-"
                    HPOS="879"
                    VPOS="271"
                    WIDTH="405"
                    HEIGHT="75"
                    WC="0.9403918927366083"></String>
          </TextLine>
          <TextLine ID="eSc_line_f787df29"
                    TAGREFS="LT33"
                    BASELINE="357 393 715 384 1656 383 1783 373" 
                    HPOS="356"
                    VPOS="328"
                    WIDTH="1427"
                    HEIGHT="82">
            <Shape><Polygon POINTS="1770 349 1756 349 1742 349 1728 347 1714 347 1700 347 1686 347 1671 346 1657 346 1643 346 1629 346 1615 344 1601 344 1587 344 1572 344 1558 343 1544 343 1530 343 1516 343 1502 342 1488 342 1473 342 1459 342 1445 340 1438 340 1431 340 1417 340 1403 340 1388 339 1387 339 1381 343 1343 343 1305 328 1304 328 1246 328 1244 328 1195 339 1084 329 1083 329 1082 329 1043 343 956 330 954 330 902 342 844 330 843 330 841 330 818 339 804 330 803 330 801 330 800 330 608 333 606 333 577 344 544 332 543 332 435 332 434 332 432 332 394 346 356 342 357 393 357 410 652 398 1032 405 1033 405 1134 395 1243 395 1258 404 1260 404 1261 404 1424 395 1609 402 1611 402 1782 391 1783 373 1779 349 1770 349"/></Shape>
            <String CONTENT="ſtaͤndig in allen Sachen, gnadig und mild gegen denen Armen, wie"
                    HPOS="356"
                    VPOS="328"
                    WIDTH="1427"
                    HEIGHT="82"
                    WC="0.9907385893166065"></String>
          </TextLine>
          <TextLine ID="eSc_line_18cb9aa8"
                    TAGREFS="LT33"
                    BASELINE="359 442 751 434 1635 434 1783 419" 
                    HPOS="357"
                    VPOS="385"
                    WIDTH="1426"
                    HEIGHT="74">
            <Shape><Polygon POINTS="359 442 359 452 400 459 401 459 403 459 420 451 458 459 459 459 461 459 482 451 548 458 550 458 551 458 585 448 787 448 826 458 827 458 828 458 916 446 964 456 966 456 1014 446 1035 455 1036 455 1038 456 1161 456 1161 455 1162 455 1176 448 1298 455 1299 455 1497 445 1512 453 1513 453 1514 453 1516 455 1601 455 1601 453 1783 441 1783 419 1779 385 1599 397 1345 388 1343 388 1342 388 1321 398 1104 388 1103 388 1101 388 1074 400 874 400 858 390 857 390 855 390 854 390 762 401 724 391 722 391 608 391 606 391 507 402 437 397 435 397 357 404 359 442"/></Shape>
            <String CONTENT="er dann ſeine Liberalitaͤt denen nothleydenden Chriſten ſogar in Alia"
                    HPOS="357"
                    VPOS="385"
                    WIDTH="1426"
                    HEIGHT="74"
                    WC="0.9953965587892394"></String>
          </TextLine>
          <TextLine ID="eSc_line_d09fd764"
                    TAGREFS="LT33"
                    BASELINE="360 493 637 486 1776 479" 
                    HPOS="359"
                    VPOS="434"
                    WIDTH="1417"
                    HEIGHT="75">
            <Shape><Polygon POINTS="360 493 360 501 629 500 745 509 746 509 794 499 810 506 811 506 813 506 867 500 933 507 934 507 998 497 1046 504 1048 504 1158 496 1198 504 1199 504 1200 504 1226 497 1251 504 1253 504 1254 504 1374 494 1401 503 1403 503 1404 504 1520 504 1520 503 1521 503 1523 503 1537 493 1557 501 1558 501 1560 503 1700 503 1700 501 1775 490 1776 479 1773 438 1744 434 1742 434 1741 434 1721 442 1697 435 1695 435 1694 435 1693 435 1664 448 1335 448 1315 438 1314 438 1312 438 1246 441 1244 441 1243 441 1229 449 1141 443 1140 443 1138 443 1124 451 1046 443 1045 443 1012 451 975 441 974 441 973 441 971 441 937 452 895 441 893 441 892 441 783 448 753 441 752 441 751 441 472 443 471 443 455 451 410 443 408 443 407 443 359 456 360 493"/></Shape>
            <String CONTENT="und Atrica reichlich erwieſe, ſo war er auch liberal gegen denen Gerſt⸗"
                    HPOS="359"
                    VPOS="434"
                    WIDTH="1417"
                    HEIGHT="75"
                    WC="0.9889543996730321"></String>
          </TextLine>
          <TextLine ID="eSc_line_77077cde"
                    TAGREFS="LT33"
                    BASELINE="359 541 1681 535 1782 527" 
                    HPOS="357"
                    VPOS="487"
                    WIDTH="1425"
                    HEIGHT="72">
            <Shape><Polygon POINTS="359 541 359 551 377 559 379 559 380 559 451 552 626 559 628 559 732 551 917 558 919 558 998 550 1028 557 1029 557 1031 557 1073 550 1250 557 1251 557 1422 548 1449 555 1451 555 1452 555 1727 554 1780 545 1782 527 1777 487 1701 496 1671 487 1670 487 1669 487 1570 489 1568 489 1548 497 1490 490 1489 490 1488 490 1472 497 1256 492 1254 492 1213 499 1045 490 1043 490 1042 490 1016 499 906 492 905 492 903 492 886 500 864 492 862 492 861 492 803 501 742 501 724 492 722 492 721 492 605 499 530 493 529 493 527 493 526 493 510 503 446 503 424 493 422 493 421 493 357 497 359 541"/></Shape>
            <String CONTENT="lichen und GOttes⸗ HHaͤuſern, ſpecialiter iſt ihme unſer Cloſter um"
                    HPOS="357"
                    VPOS="487"
                    WIDTH="1425"
                    HEIGHT="72"
                    WC="0.9822932339426297"></String>
          </TextLine>
          <TextLine ID="eSc_line_071be392"
                    TAGREFS="LT33"
                    BASELINE="366 593 1666 588 1776 582" 
                    HPOS="364"
                    VPOS="538"
                    WIDTH="1412"
                    HEIGHT="75">
            <Shape><Polygon POINTS="366 593 366 613 411 605 458 612 459 612 461 612 485 603 650 612 652 612 712 602 881 610 882 610 884 610 908 602 1015 607 1016 607 1056 600 1118 609 1120 609 1171 600 1268 609 1270 609 1271 609 1309 599 1364 607 1366 607 1367 607 1369 607 1381 600 1550 607 1551 607 1775 596 1776 582 1772 538 1721 545 1364 540 1363 540 1267 548 1073 541 1072 541 1036 548 995 541 994 541 992 541 964 550 700 542 698 542 364 550 366 593"/></Shape>
            <String CONTENT="groſſe Koͤnigliche Gnaden einen unſterblichen Danck ſchuldig. Et"
                    HPOS="364"
                    VPOS="538"
                    WIDTH="1412"
                    HEIGHT="75"
                    WC="0.999741024337709"></String>
          </TextLine>
          <TextLine ID="eSc_line_b13d163e"
                    TAGREFS="LT33"
                    BASELINE="360 646 789 639 1560 639 1775 630" 
                    HPOS="359"
                    VPOS="591"
                    WIDTH="1416"
                    HEIGHT="67">
            <Shape><Polygon POINTS="360 646 360 658 1773 647 1775 630 1770 591 1268 599 1127 593 1125 593 1045 600 598 596 596 596 538 603 466 598 465 598 359 605 360 646"/></Shape>
            <String CONTENT="lehrnete ſeiner Miniſtrorum und Redienten Begierlichkeit wohl ken⸗"
                    HPOS="359"
                    VPOS="591"
                    WIDTH="1416"
                    HEIGHT="67"
                    WC="0.9814043243726095"></String>
          </TextLine>
          <TextLine ID="eSc_line_8cf14631"
                    TAGREFS="LT33"
                    BASELINE="360 699 1609 689 1779 681" 
                    HPOS="359"
                    VPOS="637"
                    WIDTH="1420"
                    HEIGHT="74">
            <Shape><Polygon POINTS="360 699 360 711 1495 708 1611 699 1642 706 1643 706 1645 706 1779 697 1779 681 1775 637 1725 647 1620 641 1619 641 1568 648 1541 641 1540 641 1538 641 1387 650 1339 641 1338 641 1240 651 1226 643 1224 643 1223 643 1222 643 1179 650 1117 643 1116 643 1114 643 1084 653 1056 646 1055 646 1053 646 1007 656 961 656 936 644 934 644 933 644 932 644 909 651 523 647 521 647 458 658 381 653 380 653 379 653 359 660 360 699"/></Shape>
            <String CONTENT="nen, dero Geitz, Eigennutzig⸗ und Vortheiligkeiten ſtraffete er hart⸗"
                    HPOS="359"
                    VPOS="637"
                    WIDTH="1420"
                    HEIGHT="74"
                    WC="0.9927851885989092"></String>
          </TextLine>
          <TextLine ID="eSc_line_25f9823b"
                    TAGREFS="LT33"
                    BASELINE="504 749 1772 733" 
                    HPOS="503"
                    VPOS="692"
                    WIDTH="1269"
                    HEIGHT="78">
            <Shape><Polygon POINTS="1148 694 1147 694 1070 705 981 695 980 695 978 695 944 706 901 697 899 697 817 698 816 698 814 698 800 706 755 698 753 698 698 709 657 699 656 699 654 699 503 704 504 749 504 770 619 760 714 766 715 766 755 759 804 767 806 767 859 757 1096 763 1097 763 1216 753 1306 762 1308 762 1379 753 1394 760 1396 760 1397 760 1469 759 1471 759 1472 759 1485 750 1500 759 1502 759 1503 759 1770 750 1772 733 1768 694 1468 699 1444 692 1442 692 1441 692 1439 692 1421 702 1366 702 1331 694 1329 694 1328 694 1308 702 1209 695 1207 695 1206 695 1179 704 1149 694 1148 694"/></Shape>
            <String CONTENT="Su Erlangung Geiſt⸗ und weltlicher Aemter leſſe er kein Schan⸗"
                    HPOS="503"
                    VPOS="692"
                    WIDTH="1269"
                    HEIGHT="78"
                    WC="0.9946447130172483"></String>
          </TextLine>
          <TextLine ID="eSc_line_f753b4f3"
                    TAGREFS="LT33"
                    BASELINE="362 800 1571 793 1773 780" 
                    HPOS="360"
                    VPOS="742"
                    WIDTH="1413"
                    HEIGHT="78">
            <Shape><Polygon POINTS="362 800 362 811 432 811 455 820 456 820 458 820 459 820 487 812 550 820 551 820 756 808 837 817 838 818 923 818 923 817 925 817 926 817 937 808 953 815 954 815 956 817 1065 817 1065 815 1159 805 1195 814 1196 814 1198 814 1422 804 1445 812 1446 812 1448 812 1519 804 1678 811 1680 811 1681 811 1707 801 1772 801 1773 780 1769 742 1680 753 1567 753 1548 745 1547 745 1545 745 1495 755 1302 755 1185 746 1183 746 1120 756 1050 747 1049 747 818 750 817 750 800 757 742 749 741 749 686 759 595 750 594 750 512 760 383 752 381 752 380 752 360 760 362 800"/></Shape>
            <String CONTENT="ckung angehen; bediente ſich ſchlechter Kleydung; er war ein Herꝛ vot"
                    HPOS="360"
                    VPOS="742"
                    WIDTH="1413"
                    HEIGHT="78"
                    WC="0.9952548448590265"></String>
          </TextLine>
          <TextLine ID="eSc_line_3b4f3385"
                    TAGREFS="LT33"
                    BASELINE="359 852 671 845 1553 844 1775 835" 
                    HPOS="357"
                    VPOS="797"
                    WIDTH="1418"
                    HEIGHT="71">
            <Shape><Polygon POINTS="359 852 359 861 496 868 497 868 790 859 840 866 841 866 843 866 865 858 997 865 998 865 1145 856 1308 863 1309 863 1394 855 1578 862 1579 862 1581 862 1601 853 1652 861 1653 861 1773 852 1775 835 1770 797 1565 805 1369 798 1367 798 1315 807 1151 800 1149 800 1148 800 1147 800 1134 808 357 808 359 852"/></Shape>
            <String CONTENT="allen guten Oualitaͤten, der fremde Reich nicht afkectirte; mit de⸗"
                    HPOS="357"
                    VPOS="797"
                    WIDTH="1418"
                    HEIGHT="71"
                    WC="0.9900048090450799"></String>
          </TextLine>
          <TextLine ID="eSc_line_bd654dc9"
                    TAGREFS="LT33"
                    BASELINE="359 900 1441 896 1770 885" 
                    HPOS="357"
                    VPOS="844"
                    WIDTH="1413"
                    HEIGHT="76">
            <Shape><Polygon POINTS="359 900 359 910 405 919 407 919 445 911 476 920 478 920 479 920 664 910 760 919 762 919 861 909 910 917 912 917 1009 907 1069 916 1070 916 1418 914 1420 914 1446 904 1661 913 1663 913 1770 902 1770 885 1766 844 1435 856 1302 856 1273 846 1271 846 1270 846 1268 846 1251 855 1082 848 1080 848 855 858 792 849 790 849 656 859 606 851 605 851 357 862 359 900"/></Shape>
            <String CONTENT="nen benachbarten Fuͤrſten gute Verſtaͤndnuß haͤtte; den Paͤpſtlchet"
                    HPOS="357"
                    VPOS="844"
                    WIDTH="1413"
                    HEIGHT="76"
                    WC="0.9909647640897267"></String>
          </TextLine>
          <TextLine ID="eSc_line_189e03e8"
                    TAGREFS="LT33"
                    BASELINE="360 952 707 945 1492 947 1768 938" 
                    HPOS="359"
                    VPOS="897"
                    WIDTH="1409"
                    HEIGHT="71">
            <Shape><Polygon POINTS="360 952 360 961 584 968 585 968 586 968 618 960 851 960 930 967 932 967 933 967 950 960 1043 965 1045 965 1046 965 1074 958 1282 965 1284 965 1285 965 1287 965 1298 958 1386 964 1387 964 1444 957 1461 964 1462 964 1463 965 1608 965 1608 964 1766 954 1768 938 1763 897 1657 904 1608 899 1606 899 1605 899 1584 906 1454 899 1452 899 1451 899 1435 907 1048 907 1021 900 1019 900 1018 900 1016 900 981 909 797 902 796 902 744 909 421 903 420 903 359 910 360 952"/></Shape>
            <String CONTENT="Stuhl hoͤchſtens venerirte; nachdem er Bayrn ;1. Jahr loͤtlich re"
                    HPOS="359"
                    VPOS="897"
                    WIDTH="1409"
                    HEIGHT="71"
                    WC="0.9820750071452214"></String>
          </TextLine>
          <TextLine ID="eSc_line_04f7850d"
                    TAGREFS="LT33"
                    BASELINE="359 1001 1570 998 1769 991" 
                    HPOS="357"
                    VPOS="948"
                    WIDTH="1412"
                    HEIGHT="72">
            <Shape><Polygon POINTS="411 952 357 961 359 1001 359 1019 834 1010 884 1019 885 1020 990 1020 990 1019 991 1019 1009 1010 1087 1010 1110 1019 1111 1019 1113 1020 1185 1020 1185 1019 1186 1019 1188 1019 1202 1010 1254 1018 1256 1019 1611 1019 1611 1018 1768 1006 1769 991 1765 948 1690 957 1619 951 1618 951 1616 951 1615 951 1602 958 1439 951 1438 951 1437 951 1435 951 1424 960 1360 960 1329 951 1328 951 1326 951 1325 951 1305 960 1055 960 1008 951 1007 951 943 958 799 951 797 951 680 952 678 952 659 961 623 952 622 952 620 952 482 961 413 952 411 952"/></Shape>
            <String CONTENT="gieret, ſtard er den 28. Auguſti Anno 876. zu Franckfurt, und begra⸗"
                    HPOS="357"
                    VPOS="948"
                    WIDTH="1412"
                    HEIGHT="72"
                    WC="0.9880383049740511"></String>
          </TextLine>
          <TextLine ID="eSc_line_e919ef16"
                    TAGREFS="LT33"
                    BASELINE="356 1056 837 1049" 
                    HPOS="355"
                    VPOS="1001"
                    WIDTH="482"
                    HEIGHT="67">
            <Shape><Polygon POINTS="727 1001 725 1001 702 1010 684 1001 683 1001 680 1001 666 1001 652 1001 642 1001 640 1001 586 1012 471 1003 469 1003 468 1003 444 1015 410 1005 408 1005 407 1005 355 1013 356 1056 356 1068 837 1068 837 1049 834 1009 728 1001 727 1001"/></Shape>
            <String CONTENT="den zu Lauriſchhaimb."
                    HPOS="355"
                    VPOS="1001"
                    WIDTH="482"
                    HEIGHT="67"
                    WC="0.9999254203978039"></String>
          </TextLine>
          <TextLine ID="eSc_line_d6b3c50f"
                    TAGREFS="LT33"
                    BASELINE="499 1105 1571 1098 1773 1085" 
                    HPOS="497"
                    VPOS="1046"
                    WIDTH="1276"
                    HEIGHT="80">
            <Shape><Polygon POINTS="499 1105 499 1126 567 1116 630 1125 632 1125 633 1125 667 1115 705 1115 725 1125 727 1125 728 1125 729 1125 756 1115 779 1124 780 1124 782 1124 824 1115 841 1124 843 1124 844 1124 896 1114 981 1124 983 1124 1089 1115 1152 1122 1154 1122 1155 1122 1176 1114 1186 1121 1188 1121 1189 1121 1190 1122 1288 1122 1288 1121 1374 1109 1413 1119 1414 1119 1415 1119 1622 1118 1772 1105 1773 1085 1768 1046 1742 1056 1647 1056 1503 1049 1502 1049 1454 1057 1301 1050 1299 1050 1193 1059 1000 1051 998 1051 997 1051 959 1061 885 1053 884 1053 769 1063 742 1054 741 1054 739 1054 673 1063 649 1056 647 1056 646 1056 644 1056 622 1064 497 1061 499 1105"/></Shape>
            <String CONTENT="In dieſen Jahr hat auch ſein Gemahlin die Gotrſeeliae Hemmi"
                    HPOS="497"
                    VPOS="1046"
                    WIDTH="1276"
                    HEIGHT="80"
                    WC="0.9899521227610313"></String>
          </TextLine>
          <TextLine ID="eSc_line_669fa49d"
                    TAGREFS="LT33"
                    BASELINE="359 1156 1430 1152 1766 1142" 
                    HPOS="357"
                    VPOS="1101"
                    WIDTH="1409"
                    HEIGHT="75">
            <Shape><Polygon POINTS="359 1156 359 1174 548 1169 582 1176 584 1176 663 1167 753 1174 755 1174 816 1166 1260 1172 1261 1172 1360 1163 1376 1170 1377 1170 1379 1172 1486 1172 1486 1170 1765 1159 1766 1142 1762 1101 1683 1112 1414 1112 1394 1104 1393 1104 1391 1104 1328 1112 1305 1107 1304 1107 1302 1107 1243 1114 1219 1105 1217 1105 1216 1105 1215 1105 1190 1112 1046 1108 1045 1108 983 1115 956 1107 954 1107 953 1107 951 1107 932 1115 775 1109 773 1109 732 1116 659 1108 657 1108 512 1118 497 1109 496 1109 495 1109 493 1109 357 1109 359 1156"/></Shape>
            <String CONTENT="ihr Leben geendet, (r) wie oden in zwaintzigſten Capitel gemeldt wol"
                    HPOS="357"
                    VPOS="1101"
                    WIDTH="1409"
                    HEIGHT="75"
                    WC="0.9763404130935669"></String>
          </TextLine>
          <TextLine ID="eSc_line_8cd55da9"
                    TAGREFS="LT33"
                    BASELINE="360 1208 1608 1201 1766 1190" 
                    HPOS="359"
                    VPOS="1152"
                    WIDTH="1407"
                    HEIGHT="68">
            <Shape><Polygon POINTS="360 1208 360 1220 1608 1220 1608 1218 1765 1208 1766 1190 1762 1152 1584 1165 1510 1157 1509 1157 1507 1157 1506 1157 1495 1165 1312 1159 1311 1159 1183 1167 1134 1157 1132 1157 1072 1167 1007 1157 1005 1157 923 1169 898 1159 896 1159 780 1157 779 1157 732 1165 707 1159 705 1159 704 1159 702 1159 673 1170 595 1159 594 1159 592 1159 577 1166 510 1160 509 1160 507 1160 506 1160 486 1173 421 1173 359 1165 360 1208"/></Shape>
            <String CONTENT="den. Nach Ludovici Tod regierte Carolus Calvus gern allein, mi"
                    HPOS="359"
                    VPOS="1152"
                    WIDTH="1407"
                    HEIGHT="68"
                    WC="0.9957387043583777"></String>
          </TextLine>
          <TextLine ID="eSc_line_30894976"
                    TAGREFS="LT33"
                    BASELINE="359 1259 1363 1254 1762 1242" 
                    HPOS="357"
                    VPOS="1204"
                    WIDTH="1405"
                    HEIGHT="76">
            <Shape><Polygon POINTS="1090 1206 1089 1206 1002 1217 915 1207 913 1207 867 1217 847 1207 845 1207 844 1207 794 1215 775 1208 773 1208 772 1208 654 1210 653 1210 630 1220 581 1210 579 1210 357 1217 359 1259 359 1280 499 1280 499 1279 500 1279 529 1271 635 1278 636 1278 721 1269 985 1275 987 1275 1760 1259 1762 1242 1758 1204 1628 1211 1500 1206 1499 1206 1497 1206 1496 1206 1486 1213 1171 1206 1169 1206 1114 1215 1091 1206 1090 1206"/></Shape>
            <String CONTENT="Ausſchlieffung der dreyen Soͤhnen Ludovici, als Carolomanni, L"
                    HPOS="357"
                    VPOS="1204"
                    WIDTH="1405"
                    HEIGHT="76"
                    WC="0.9897543711047019"></String>
          </TextLine>
          <TextLine ID="eSc_line_3e4a2be6"
                    TAGREFS="LT33"
                    BASELINE="360 1305 1297 1305 1770 1295" 
                    HPOS="360"
                    VPOS="1256"
                    WIDTH="1410"
                    HEIGHT="70">
            <Shape><Polygon POINTS="360 1317 544 1317 584 1326 585 1326 586 1326 616 1316 756 1316 790 1324 792 1324 793 1324 902 1317 926 1324 927 1324 929 1324 980 1316 1022 1324 1024 1324 1137 1316 1339 1323 1340 1323 1503 1313 1657 1321 1659 1321 1769 1310 1770 1295 1768 1256 1698 1256 1697 1256 1695 1256 1677 1266 1622 1258 1620 1258 1504 1266 1434 1258 1432 1258 1386 1266 1367 1258 1366 1258 1364 1258 1363 1258 1332 1268 1254 1261 1253 1261 1251 1261 1233 1268 1188 1261 1186 1261 1185 1261 1154 1268 1060 1261 1059 1261 959 1262 957 1262 956 1262 944 1269 899 1261 898 1261 896 1261 862 1269 807 1261 806 1261 804 1261 782 1269 752 1261 751 1261 749 1261 660 1262 659 1262 635 1271 606 1264 605 1264 603 1264 602 1264 586 1271 360 1266 360 1305 360 1317"/></Shape>
            <String CONTENT="dovici, und Caroli Craſli; dieſes zu erhalten, verſahe er ſich mit ei"
                    HPOS="360"
                    VPOS="1256"
                    WIDTH="1410"
                    HEIGHT="70"
                    WC="0.989814415358115"></String>
          </TextLine>
          <TextLine ID="eSc_line_25c31ac9"
                    TAGREFS="LT33"
                    BASELINE="360 1358 1769 1348" 
                    HPOS="359"
                    VPOS="1303"
                    WIDTH="1410"
                    HEIGHT="68">
            <Shape><Polygon POINTS="360 1358 360 1371 1768 1361 1769 1348 1765 1309 1645 1312 1608 1303 1606 1303 1605 1303 1603 1303 1564 1313 1185 1309 1183 1309 959 1317 909 1309 908 1309 541 1317 386 1312 384 1312 383 1312 359 1320 360 1358"/></Shape>
            <String CONTENT="ner Armee von ;0000. Mann, begabe ſich nahend Coͤlln DHenen i."
                    HPOS="359"
                    VPOS="1303"
                    WIDTH="1410"
                    HEIGHT="68"
                    WC="0.9874666362039505"></String>
          </TextLine>
          <TextLine ID="eSc_line_dc2bbb0d"
                    TAGREFS="LT33"
                    BASELINE="360 1411 739 1403 1637 1403 1753 1395" 
                    HPOS="359"
                    VPOS="1354"
                    WIDTH="1394"
                    HEIGHT="66">
            <Shape><Polygon POINTS="360 1411 360 1419 1691 1420 1693 1420 1752 1412 1753 1395 1748 1354 1715 1362 1577 1355 1575 1355 1521 1362 1495 1355 1493 1355 1492 1355 1490 1355 1469 1364 1424 1355 1422 1355 1084 1365 1011 1358 1009 1358 968 1364 957 1357 956 1357 954 1357 790 1357 789 1357 728 1367 646 1358 644 1358 643 1358 616 1367 359 1361 360 1411"/></Shape>
            <String CONTENT="Bruͤdern wollte es nicht gefallen, verglichen ſich ſoweit, daß Car⸗"
                    HPOS="359"
                    VPOS="1354"
                    WIDTH="1394"
                    HEIGHT="66"
                    WC="0.999806515316465"></String>
          </TextLine>
          <TextLine ID="eSc_line_c69952bc"
                    TAGREFS="LT33"
                    BASELINE="360 1460 1622 1456 1691 1453 1760 1437" 
                    HPOS="359"
                    VPOS="1405"
                    WIDTH="1401"
                    HEIGHT="73">
            <Shape><Polygon POINTS="360 1460 360 1471 475 1471 500 1478 502 1478 503 1478 579 1470 596 1478 598 1478 599 1478 652 1471 688 1478 690 1478 868 1469 895 1477 896 1477 898 1478 983 1478 983 1477 1200 1467 1234 1476 1236 1476 1237 1476 1294 1467 1314 1476 1315 1476 1316 1476 1650 1469 1681 1474 1683 1474 1759 1463 1760 1437 1755 1405 1659 1406 1657 1406 1633 1418 1557 1418 1541 1408 1540 1408 1538 1408 1537 1408 1462 1416 1417 1406 1415 1406 1414 1406 1376 1418 1291 1408 1289 1408 1288 1408 1264 1418 1107 1411 1106 1411 1024 1419 949 1409 947 1409 946 1409 916 1419 889 1412 888 1412 886 1412 834 1419 787 1409 704 1409 702 1409 578 1411 534 1420 359 1420 360 1460"/></Shape>
            <String CONTENT="lomannus die Ftaltaͤner in Zaum, Carolus das Teutſchland in de"
                    HPOS="359"
                    VPOS="1405"
                    WIDTH="1401"
                    HEIGHT="73"
                    WC="0.9897029947850012"></String>
          </TextLine>
          <TextLine ID="eSc_line_c323c5a3"
                    TAGREFS="LT33"
                    BASELINE="362 1515 1608 1508 1700 1504 1753 1494" 
                    HPOS="360"
                    VPOS="1457"
                    WIDTH="1393"
                    HEIGHT="75">
            <Shape><Polygon POINTS="362 1515 362 1525 482 1532 483 1532 960 1522 988 1529 990 1529 991 1529 1045 1521 1265 1528 1267 1528 1340 1519 1352 1527 1353 1527 1355 1527 1356 1528 1495 1528 1495 1527 1752 1515 1753 1494 1748 1457 1461 1469 1350 1460 1349 1460 1265 1470 1050 1461 1049 1461 951 1471 886 1463 885 1463 884 1463 857 1471 742 1464 741 1464 649 1473 613 1464 612 1464 611 1464 609 1464 582 1474 463 1466 462 1466 413 1474 386 1466 384 1466 383 1466 381 1466 360 1474 362 1515"/></Shape>
            <String CONTENT="Hut hielte, Ludoricns aber mit einer geringen Armee ſernes Varret"
                    HPOS="360"
                    VPOS="1457"
                    WIDTH="1393"
                    HEIGHT="75"
                    WC="0.9903377294540405"></String>
          </TextLine>
          <TextLine ID="eSc_line_310dbacd"
                    TAGREFS="LT33"
                    BASELINE="359 1565 1493 1562 1687 1555 1732 1546" 
                    HPOS="357"
                    VPOS="1514"
                    WIDTH="1375"
                    HEIGHT="72">
            <Shape><Polygon POINTS="359 1565 359 1586 444 1577 734 1584 735 1584 785 1575 827 1583 828 1583 947 1575 1029 1583 1031 1583 1032 1583 1033 1583 1045 1576 1145 1580 1147 1580 1210 1573 1260 1582 1261 1583 1465 1583 1465 1582 1731 1570 1732 1546 1727 1514 1486 1522 1164 1522 1148 1514 1147 1514 1145 1514 1106 1522 1062 1515 1060 1515 917 1524 872 1515 871 1515 632 1525 565 1517 564 1517 562 1517 529 1525 357 1522 359 1565"/></Shape>
            <String CONTENT="Bruder ſich entgegen ſetzte. Mit welcher er, nach eyfferig von Cart"
                    HPOS="357"
                    VPOS="1514"
                    WIDTH="1375"
                    HEIGHT="72"
                    WC="0.9940214495160686"></String>
          </TextLine>
          <TextLine ID="eSc_line_9288d297"
                    TAGREFS="LT33"
                    BASELINE="369 1610 1584 1610 1683 1607 1762 1587" 
                    HPOS="369"
                    VPOS="1563"
                    WIDTH="1393"
                    HEIGHT="68">
            <Shape><Polygon POINTS="637 1565 636 1565 635 1565 529 1576 480 1568 479 1568 478 1568 456 1576 369 1569 369 1610 369 1625 1380 1631 1381 1631 1762 1618 1762 1587 1758 1563 1701 1563 1700 1563 1698 1563 1674 1573 1636 1563 1635 1563 1633 1563 1572 1575 1554 1566 1553 1566 1551 1566 1449 1576 1377 1568 1376 1568 1374 1568 1347 1576 1234 1568 1233 1568 1231 1568 1210 1576 1175 1569 1173 1569 1106 1576 1074 1566 1073 1566 1072 1566 1070 1566 1043 1577 991 1577 951 1565 950 1565 949 1565 838 1573 780 1566 779 1566 725 1576 656 1576 639 1565 637 1565"/></Shape>
            <String CONTENT="Calvo geſuchten, aber keinesweegs erhaltenen Frieden denzelben be"
                    HPOS="369"
                    VPOS="1563"
                    WIDTH="1393"
                    HEIGHT="68"
                    WC="0.9948638164080106"></String>
          </TextLine>
          <TextLine ID="eSc_line_58bbe1a2"
                    TAGREFS="LT33"
                    BASELINE="363 1662 1596 1661 1676 1658 1759 1640" 
                    HPOS="362"
                    VPOS="1613"
                    WIDTH="1397"
                    HEIGHT="70">
            <Shape><Polygon POINTS="363 1662 363 1672 410 1682 411 1682 454 1674 561 1681 562 1681 625 1674 646 1682 647 1682 649 1682 731 1674 864 1682 865 1682 867 1682 899 1674 912 1682 913 1682 915 1682 916 1683 967 1683 967 1682 1060 1681 1062 1681 1084 1672 1111 1679 1113 1679 1114 1679 1152 1672 1186 1681 1188 1681 1189 1682 1584 1682 1584 1681 1759 1669 1759 1640 1753 1613 1585 1623 1231 1614 1230 1614 1029 1623 980 1614 978 1614 977 1614 942 1625 871 1625 844 1616 843 1616 841 1616 735 1624 669 1616 667 1616 622 1624 362 1618 363 1662"/></Shape>
            <String CONTENT="Andernach auf das HHaupt geſchlagen, viel koſtbaren Raub dekommen"
                    HPOS="362"
                    VPOS="1613"
                    WIDTH="1397"
                    HEIGHT="70"
                    WC="0.9874881845254164"></String>
          </TextLine>
          <TextLine ID="eSc_line_908cad7b"
                    TAGREFS="LT33"
                    BASELINE="362 1716 606 1710 1700 1709" 
                    HPOS="360"
                    VPOS="1665"
                    WIDTH="1340"
                    HEIGHT="67">
            <Shape><Polygon POINTS="362 1716 362 1727 551 1724 585 1732 586 1732 633 1724 698 1732 700 1732 745 1724 766 1732 768 1732 769 1732 864 1724 933 1732 934 1732 936 1732 967 1723 995 1730 997 1730 998 1730 1131 1723 1158 1730 1159 1730 1161 1732 1572 1732 1572 1730 1698 1720 1700 1709 1695 1665 1376 1672 1282 1665 1281 1665 1224 1672 1169 1665 1168 1665 1127 1672 1070 1665 1069 1665 1028 1672 1005 1665 1004 1665 1002 1665 959 1674 906 1666 905 1666 759 1674 712 1666 711 1666 710 1666 678 1674 360 1668 362 1716"/></Shape>
            <String CONTENT="die in Copia gefangene Edel⸗Leuth nicht nach Verdienſt, ſonder"
                    HPOS="360"
                    VPOS="1665"
                    WIDTH="1340"
                    HEIGHT="67"
                    WC="0.9964546465104626"></String>
          </TextLine>
          <TextLine ID="eSc_line_cbd7d5a5"
                    TAGREFS="LT33"
                    BASELINE="1734 1689 1759 1688" 
                    HPOS="1731"
                    VPOS="1651"
                    WIDTH="28"
                    HEIGHT="56">
            <Shape><Polygon POINTS="1734 1689 1735 1707 1759 1702 1759 1688 1753 1651 1731 1657 1734 1689"/></Shape>
            <String CONTENT="2"
                    HPOS="1731"
                    VPOS="1651"
                    WIDTH="28"
                    HEIGHT="56"
                    WC="0.9998773336410522"></String>
          </TextLine>
          <TextLine ID="eSc_line_f052b2a5"
                    TAGREFS="LT33"
                    BASELINE="360 1770 748 1761 1517 1765 1697 1757" 
                    HPOS="359"
                    VPOS="1713"
                    WIDTH="1338"
                    HEIGHT="74">
            <Shape><Polygon POINTS="458 1715 444 1715 429 1715 415 1716 414 1716 359 1723 360 1770 360 1787 567 1784 568 1784 570 1784 581 1777 801 1785 803 1785 804 1785 806 1785 820 1777 898 1784 899 1784 1090 1775 1669 1784 1670 1784 1671 1784 1697 1774 1697 1757 1694 1713 1659 1713 1657 1713 1656 1713 1654 1713 1636 1726 1376 1726 1316 1715 1315 1715 1268 1726 1226 1726 1206 1715 1205 1715 1203 1715 1202 1715 1176 1722 1142 1716 1141 1716 1140 1716 1138 1716 1125 1724 1087 1715 1086 1715 1084 1715 1018 1724 988 1715 987 1715 985 1715 902 1722 790 1715 789 1715 787 1715 742 1726 653 1724 639 1715 637 1715 636 1715 635 1715 524 1722 513 1715 512 1715 510 1715 472 1715 458 1715"/></Shape>
            <String CONTENT="gnaͤdig gehalten, und bald wieder dimitiret. Hierauf vergtichen ſic"
                    HPOS="359"
                    VPOS="1713"
                    WIDTH="1338"
                    HEIGHT="74"
                    WC="0.9886373566157782"></String>
          </TextLine>
          <TextLine ID="eSc_line_a31a3f05"
                    TAGREFS="LT33"
                    BASELINE="360 1821 848 1814 1592 1814 1684 1809 1724 1801" 
                    HPOS="359"
                    VPOS="1764"
                    WIDTH="1365"
                    HEIGHT="72">
            <Shape><Polygon POINTS="360 1821 360 1828 376 1836 377 1836 379 1836 561 1829 623 1836 625 1836 666 1828 777 1835 779 1835 780 1835 782 1835 794 1826 901 1826 1171 1833 1172 1833 1173 1833 1175 1833 1185 1825 1206 1832 1207 1832 1209 1833 1397 1833 1397 1832 1724 1821 1724 1801 1718 1764 1620 1775 1353 1775 1311 1768 1309 1768 1308 1768 1280 1775 1230 1767 1229 1767 1086 1777 1072 1768 1070 1768 1069 1768 1067 1768 951 1775 908 1768 906 1768 793 1778 630 1770 629 1770 565 1780 490 1773 489 1773 359 1780 360 1821"/></Shape>
            <String CONTENT="drey Herren Bruͤder, und vertheilten die Laͤnder, Carolus wurde K."
                    HPOS="359"
                    VPOS="1764"
                    WIDTH="1365"
                    HEIGHT="72"
                    WC="0.9950090475154646"></String>
          </TextLine>
          <TextLine ID="eSc_line_47019605"
                    TAGREFS="LT33"
                    BASELINE="362 1873 753 1864 1613 1866 1707 1859" 
                    HPOS="360"
                    VPOS="1818"
                    WIDTH="1347"
                    HEIGHT="70">
            <Shape><Polygon POINTS="362 1873 362 1888 478 1880 543 1886 544 1886 852 1879 913 1886 915 1886 1041 1879 1164 1886 1165 1886 1166 1886 1192 1879 1250 1886 1251 1886 1253 1886 1287 1877 1323 1884 1325 1886 1410 1886 1410 1884 1411 1884 1413 1884 1424 1877 1458 1884 1459 1886 1646 1886 1646 1884 1705 1876 1707 1859 1703 1818 1645 1826 1609 1818 1608 1818 1606 1818 1605 1818 1579 1828 1483 1828 1401 1818 1400 1818 1398 1818 1372 1826 1323 1818 1322 1818 1241 1828 970 1819 968 1819 893 1828 874 1819 872 1819 871 1819 813 1829 738 1821 615 1821 613 1821 612 1821 582 1829 541 1821 540 1821 495 1829 360 1822 362 1873"/></Shape>
            <String CONTENT="ſer, Carolomannus ware und behielte den Titul eines Koͤnigi"
                    HPOS="360"
                    VPOS="1818"
                    WIDTH="1347"
                    HEIGHT="70"
                    WC="0.9894739702596502"></String>
          </TextLine>
          <TextLine ID="eSc_line_b661f9ea"
                    TAGREFS="LT33"
                    BASELINE="1749 1838 1759 1836" 
                    HPOS="1742"
                    VPOS="1795"
                    WIDTH="18"
                    HEIGHT="62">
            <Shape><Polygon POINTS="1749 1838 1753 1857 1760 1855 1759 1836 1751 1795 1742 1795 1749 1838"/></Shape>
            <String CONTENT=""
                    HPOS="1742"
                    VPOS="1795"
                    WIDTH="18"
                    HEIGHT="62"
                    WC="0.9992356300354004"></String>
          </TextLine>
          <TextLine ID="eSc_line_139c730b"
                    TAGREFS="LT33"
                    BASELINE="367 1921 1570 1920 1693 1912" 
                    HPOS="366"
                    VPOS="1870"
                    WIDTH="1327"
                    HEIGHT="68">
            <Shape><Polygon POINTS="367 1921 367 1935 1690 1938 1693 1912 1687 1870 1663 1877 1182 1870 1181 1870 1079 1879 1058 1871 1056 1871 1055 1871 895 1879 796 1871 794 1871 793 1871 766 1879 717 1871 715 1871 714 1871 695 1879 657 1871 656 1871 654 1871 636 1879 564 1871 562 1871 366 1880 367 1921"/></Shape>
            <String CONTENT="Bayrn, wie ſolches ein kundations⸗Brieff in unſerm Cloſter zei"
                    HPOS="366"
                    VPOS="1870"
                    WIDTH="1327"
                    HEIGHT="68"
                    WC="0.9827726492958684"></String>
          </TextLine>
          <TextLine ID="eSc_line_ab4c4570"
                    TAGREFS="LT33"
                    BASELINE="362 1970 1568 1969 1661 1963 1715 1952" 
                    HPOS="360"
                    VPOS="1927"
                    WIDTH="1355"
                    HEIGHT="65">
            <Shape><Polygon POINTS="362 1970 362 1983 1039 1992 1041 1992 1094 1983 1396 1990 1397 1990 1398 1990 1400 1990 1414 1982 1571 1990 1572 1990 1574 1990 1592 1982 1714 1982 1715 1952 1711 1927 1618 1927 1616 1927 1615 1927 1592 1935 1461 1927 1459 1927 1405 1937 1233 1937 1213 1927 1212 1927 1210 1927 1209 1927 1188 1934 1154 1927 1152 1927 1108 1935 1090 1927 1089 1927 1087 1927 1031 1937 360 1929 362 1970"/></Shape>
            <String CONTENT="der alſo anfangt: Carolomannus divinà ſavente gratià Reꝛ &amp;c.,"
                    HPOS="360"
                    VPOS="1927"
                    WIDTH="1355"
                    HEIGHT="65"
                    WC="0.994642044677109"></String>
          </TextLine>
          <TextLine ID="eSc_line_532d1944"
                    TAGREFS="LT33"
                    BASELINE="362 2024 1540 2020 1628 2017 1719 2000" 
                    HPOS="360"
                    VPOS="1972"
                    WIDTH="1359"
                    HEIGHT="72">
            <Shape><Polygon POINTS="362 2024 362 2041 437 2036 478 2044 479 2044 480 2044 526 2033 663 2033 678 2043 680 2043 681 2043 683 2043 684 2043 707 2034 874 2040 875 2040 985 2031 1097 2040 1099 2040 1231 2037 1233 2037 1250 2030 1294 2040 1295 2041 1413 2041 1413 2040 1469 2030 1524 2038 1526 2038 1718 2026 1719 2000 1714 1972 1519 1986 1441 1986 1418 1973 1417 1973 1415 1973 1414 1973 1386 1987 1309 1987 1282 1975 1281 1975 1280 1975 1200 1989 1045 1989 1022 1976 1021 1976 1019 1976 1018 1976 998 1985 823 1978 821 1978 820 1978 801 1986 777 1976 776 1976 775 1976 773 1976 722 1989 568 1978 567 1978 530 1985 360 1979 362 2024"/></Shape>
            <String CONTENT="ſchliett: XII. Calend. Octobris Anno tertio Regni Carolomanni Se"
                    HPOS="360"
                    VPOS="1972"
                    WIDTH="1359"
                    HEIGHT="72"
                    WC="0.9836206967011094"></String>
          </TextLine>
          <TextLine ID="eSc_line_4817a6fe"
                    TAGREFS="LT33"
                    BASELINE="362 2071 1503 2075 1632 2071 1724 2052" 
                    HPOS="362"
                    VPOS="2027"
                    WIDTH="1362"
                    HEIGHT="71">
            <Shape><Polygon POINTS="362 2071 362 2088 513 2084 574 2095 575 2095 577 2095 608 2084 686 2084 906 2095 908 2095 1011 2088 1103 2096 1104 2098 1594 2098 1594 2096 1595 2096 1639 2085 1722 2085 1724 2052 1719 2028 1509 2040 1441 2031 1439 2031 1390 2044 997 2044 957 2033 956 2033 954 2033 953 2033 926 2041 814 2034 813 2034 727 2041 670 2027 669 2027 510 2027 509 2027 507 2027 475 2036 435 2027 434 2027 362 2041 362 2071"/></Shape>
            <String CONTENT="nittimi Regis in Bavaria. Lndovico wurde zugeeignet Francken, Sa"
                    HPOS="362"
                    VPOS="2027"
                    WIDTH="1362"
                    HEIGHT="71"
                    WC="0.9974493980407715"></String>
          </TextLine>
          <TextLine ID="eSc_line_cbe586e6"
                    TAGREFS="LT33"
                    BASELINE="364 2130 571 2125 1575 2129" 
                    HPOS="364"
                    VPOS="2078"
                    WIDTH="1211"
                    HEIGHT="73">
            <Shape><Polygon POINTS="364 2130 364 2147 611 2139 728 2139 753 2149 755 2149 756 2149 758 2149 785 2140 816 2149 817 2149 818 2149 898 2140 925 2149 926 2149 927 2149 1114 2142 1140 2150 1141 2150 1142 2150 1277 2142 1312 2149 1314 2149 1315 2149 1338 2142 1381 2150 1383 2151 1502 2151 1502 2150 1574 2140 1575 2129 1572 2081 1502 2089 1360 2082 1359 2082 1357 2082 1340 2091 1231 2091 1212 2081 1210 2081 1134 2081 1132 2081 1131 2081 1096 2089 1082 2082 1080 2082 1079 2082 1039 2088 1028 2079 1026 2079 1025 2079 1024 2079 971 2089 833 2089 710 2079 708 2079 707 2079 680 2088 666 2079 664 2079 663 2079 661 2079 615 2085 605 2078 603 2078 602 2078 487 2078 486 2078 439 2086 417 2078 415 2078 414 2078 364 2078 364 2130"/></Shape>
            <String CONTENT="ſen, Friesland, Tuͤringen, und ein Theil von Lorhringen."
                    HPOS="364"
                    VPOS="2078"
                    WIDTH="1211"
                    HEIGHT="73"
                    WC="0.9968792104295322"></String>
          </TextLine>
          <TextLine ID="eSc_line_56af3bfd"
                    TAGREFS="LT33"
                    BASELINE="1650 2156 1752 2147" 
                    HPOS="1646"
                    VPOS="2106"
                    WIDTH="106"
                    HEIGHT="77">
            <Shape><Polygon POINTS="1650 2156 1652 2175 1683 2183 1684 2183 1686 2183 1752 2160 1752 2147 1746 2106 1646 2119 1650 2156"/></Shape>
            <String CONTENT="Ludo"
                    HPOS="1646"
                    VPOS="2106"
                    WIDTH="106"
                    HEIGHT="77"
                    WC="0.999836727976799"></String>
          </TextLine>
        </TextBlock>
        <TextBlock HPOS="362"
                   VPOS="2200"
                   WIDTH="881"
                   HEIGHT="106"
                   ID="eSc_textblock_14938840"
                   TAGREFS="BT42">
          <Shape><Polygon POINTS="408 2200 1000 2211 1243 2260 1220 2300 396 2306 362 2233 408 2200"/></Shape>
          <TextLine ID="eSc_line_07b00073"
                    TAGREFS="LT33"
                    BASELINE="391 2287 809 2277 1224 2280" 
                    HPOS="390"
                    VPOS="2232"
                    WIDTH="834"
                    HEIGHT="83">
            <Shape><Polygon POINTS="1210 2253 1196 2250 1182 2248 1175 2246 1138 2246 1121 2235 1111 2233 1108 2232 1089 2239 1067 2232 1066 2232 1065 2232 997 2239 944 2233 943 2233 942 2233 886 2248 843 2236 841 2236 768 2235 766 2235 765 2235 763 2235 763 2236 751 2248 719 2250 678 2250 656 2236 654 2236 653 2236 652 2236 650 2236 649 2236 649 2238 636 2249 577 2238 575 2238 574 2238 544 2250 514 2239 513 2239 512 2239 510 2239 509 2239 495 2250 473 2243 472 2243 471 2243 469 2243 468 2243 456 2250 422 2238 421 2238 420 2238 418 2238 390 2250 391 2287 391 2304 476 2315 478 2315 680 2314 738 2301 763 2310 765 2310 766 2310 768 2310 786 2300 902 2300 1223 2308 1224 2280 1217 2255 1210 2253"/></Shape>
            <String CONTENT="O eut. Lceurd. ron. II. Frmri⸗ Orimnt. vꝛr. s.,"
                    HPOS="390"
                    VPOS="2232"
                    WIDTH="834"
                    HEIGHT="83"
                    WC="0.9037999764401862"></String>
          </TextLine>
        </TextBlock>
      </PrintSpace>
    </Page>
  </Layout>
</alto>
