1991 2551
31 355 85 50 nꝛen,

59 443 54 72 zen

46 496 61 63 uf

31 596 78 65 wel⸗

63 650 37 68 ne

36 796 73 72 wvas

843 294 291 77 (0) 25z.

1566 321 83 60 125

248 345 1402 94 nehmen in Bedacht ziehen, weilen man in denſelben findet Nachſtel⸗

248 398 1399 99 lungen, Dienſtbarkeiten, Aengſt⸗ und Unerſaͤttigkeit, diß betrachte,

249 450 1391 97 und fuͤhre es zu Gemoͤth, gedencke meiner, den du noch ein wenig,

251 501 1399 92 aͤber bald nit mehr lebendig ſehen wirſt, iſt hierauf den z. Octob. ge⸗

249 552 1401 94 ſtorden, und in unſer Cloſter⸗Kirchen unter dem lincker Seits ſtehen⸗

256 602 1386 91 en Neben⸗Gewoͤlb naͤchſt St. Stephans⸗Altar begraben worden.

249 647 1391 109 hat auf alte Weiß ſeinen Grabſtein, worauf ſein Bildnuß Lebens gros

246 704 650 89 gehauen, mit dieſer Uberſchrifft.

365 793 942 91 neinrieus Regir 7177) Pater S defenſo legis,

365 854 912 81 Bavarie Cultus, Pius eſt bic Durque ſepultus.

374 912 1217 95 Hainrich, des Koͤnigs Hainrichs Varter und ein Schild,

360 966 1107 88 Der Rechr in Bayrn Fuͤrſt, ligr hie begraben mild.

364 1048 1279 97 Gegen dieſem Grab uber, naͤchſt dem Chor, zeigt ſich ein ande⸗

258 1079 38 70 er

319 1104 1328 90 Hrab⸗ Stein, nemlich Arnoldi HHertzog in Bayrn, dem St. ul⸗

344 1155 1299 92 Siſchoff zu Augſpurg, als der ihne aus der Tauff gehebt, zu

277 1206 1367 82 eſſerung des Lebens offt ermahnet, und angehalten. Weilen er

258 1251 1388 95 der gute Lehr, Bedeutung des baͤlderen Ends ſeines Lebens, und Be⸗

260 1302 1382 99 ohung des ſcharffen Gerichts GOttes ausgeſchlagen, iſt er ungluͤck⸗

246 1356 1397 93 celig geſtorden, und von GOtt in dieſem heiligen Orth zu ruhen nie

241 1403 1229 99 Adultet worden. Von deme mehr hernach an ſeinem Orth.

43 987 56 41 T7.

28 1074 76 72 ſach

70 1234 17 57 1

41 1329 51 69 ſet

41 1374 48 70 ch

39 1546 51 45 n,

52 1584 33 58 u

53 1679 27 62 zͤ

625 1574 683 140 ATUTAAV

323 1704 1231 129 Con Warmundo Grafen, Ottone

578 1814 715 102 Landgrafen, und andern.

384 1910 1256 101 RMUNDUS ein Graf von Hall, Lindburn, und waſſer.

283 1972 1359 87 7 burg, Sriffter des Cloſters Aetel und Gurthaͤter des Cloſters

392 2022 1251 96 Norr, wolte ihme auch dey St. Emmeram ein Verdienſt

903 2090 109 71 O 3

321 2168 1322 88 ) Henrieur der Andertr ꝛn Vonur, l Doga Puꝛr.J HENRACT REOIS, Mu non⸗

1535 2100 102 65 ſcho⸗

351 2200 131 51 Kaylers.

347 2229 310 81 Ciriwlo XXXn.

41 2036 32 41 11

26 2063 54 51 om.
