1566 2270
648 95 348 67 123 (.0) Lbͤza-

140 100 60 58 7A

114 145 1388 75 Druck gekommene Predig⸗Buͤcher, nnter dem FTitul: CALLU

113 194 1389 80 CANTANS: Item VENATIO SACRA: Nach Abſterden ſeines

116 248 1374 76 Herrn Bruders, geweſten Abbtens zu Frauenzell, wurde zwar R.P

113 292 1372 82 Ignatius zu einen Praͤlaten alldahin poſtuliret, aber von ſeinen Mil

111 339 1370 83 Bruͤdern nit entlaſſen. Da er auf eine Zeit in den Eyſtettiſchen B

112 387 1382 87 ſtumd die Pfarr Ulchwang verſahe, ſchickte ihne Seine Biſchoͤfflich.

113 440 1288 80 Gnaden (damahliger Biſchoff zu Eyſtaͤtt) an verſchiedene Ortl

112 491 1379 79 nige Pfarren dieſes Biſtumbs zu viſitiren, nach welchen R. P. Ignatn,

113 539 1374 77 auf Begehren Tirl. Titl. des Biſchoffens zu Eoſtett, Anno 1690. ar.

112 587 1279 80 Adminiſtrator zu Planckſtetten Ord. S. Benedicti eingeſetzt

1425 588 71 56 von

116 639 1307 74 dannen aber widerum zu einen Abbten des Reichs⸗Stiffts erw

1451 634 31 55 e

112 686 1368 78 worden, doch muſte derſelde die Adminiſtration des Cloſters Hlansk

112 733 1312 81 ſtetten biß auf 1692. beybehalten, welches Jahr auch das letzte ſe

112 784 1324 77 Lebens ware. Ignatius hatte auch die Adminiſtration des unter 2

113 831 1299 77 Cœleſtino dem heiligen Orden widerumen zugegebenen Cloſters

114 877 1372 82 chendach. Unter dieſen Herrn Praͤlaten wurde, das, von Zeiten de

118 930 1329 70 Schweden⸗ Kriegs, noch nit voͤllig eingerichtete Archivum in g

116 979 1313 72 Ordnung gebracht, und gantz neue Kaͤſten darzu verfertiget.,

118 1025 1333 77 ſehr baufaͤllige Caſten⸗HHauß zu Aufhauſen ſieſſe Abbt Ignatius,

116 1073 1355 78 derumen aufbauen, bemuͤhete ſich auch noch mehrers nutziiches heti

117 1121 1220 79 ſtellen, aber der Todt machte ein End. Auf Ignatium folgte

148 1210 1337 86 Oannes Baptiſta Hemm, der zyſte Abbt, in Regenſpurg gebuͤrtl

1436 1264 44 55 de.

151 1271 1250 67 wird erwaͤhlet den 16. Novembris 1692 Conſirmir

118 1316 1300 77 29. Novembris. Empfanget die Regalien von Kayſer Leopolde

116 1362 1294 75 no 1605. Von ſoſepho L. Anno 1706. und von Carolo VI.

114 1406 1300 84 no 1712. Mazimilian Emmanuel Churfuͤrſt und HHertzog in X

1430 1461 21 48 ⸗

114 1456 1291 81 beſtaͤttiget den 26. Octobris 1776. dem Cloſter S. Emmerami

1442 1498 36 55 de

116 1503 1294 84 Bayriſche Privilegia. Dieſer Abbt ware ein gelehrter, zugleie

114 1556 1328 74 muͤthiger Herr. Er lehrete die Philoſophiam auf der Univerſitet

118 1604 1371 78 Saltburg. Wurde als Beicht⸗Vatter des Stiffts Cloſter Sotzen

1398 1638 88 69 692

113 1653 1258 72 naͤchſt Donauwoͤrth beſtellet, allwo er von Anao rdor. bit

1425 1681 67 63 en

116 1705 1186 75 verblieben. Waͤhrend ſeiner Regierung zahlete derſelbe die

1415 1726 74 69 lder

114 1746 1192 83 langen Krieg und erlittener Feuers⸗Vrunſt) noch ubrige

1438 1779 51 59 ber

117 1795 1244 84 voͤllig ab. Er liebte ſeine Mit⸗Bruͤder von Hertzen, lieſſe den

1438 1832 47 55 ert

119 1846 1300 78 einen ſchoͤnen Garten (wo zuvor Hopfen gebauet worden,) ann

114 1894 1371 77 Verſchaffete ihnen die Oeffen in ibren Wohn⸗Zellen. Beevfferte ſu

114 1945 1323 79 ſehr vor Erhaltung der Cloͤſterlichen Dilciplin. Er kauffte Anno 10

1437 1971 57 79 dir
