1566 2270
141 116 86 55 531.

632 114 21 43 .

666 110 357 74 628 (0) Etg-

546 218 565 122 Geirere Incidentia.

150 327 1359 109 ndeme Abbr Cœlelnus in dieſem roſten Capitel ein ſo anders,

140 388 1351 91 C) welches ſich bey Schluͤſfung ſeiner Hiſtorie zugetragen, und ob

129 443 1361 86 ne das in deren damahls Lebenden noch friſcher Gedaͤchtnuß ware,15

128 493 1299 88 erzehlen nicht noͤrhig erachtet, ſo habe ich doch dergleichen Begebe

135 544 1345 89 ten (nach alidereits verſloſſenen gantzen Jahr hundert) anjetzo ans

128 588 504 77 mercken nuhlich erachtet.

256 635 1197 87 Anno 1628. den 2. ſulii vermaͤhlte ſich Ferdinandas nl.

127 679 1351 94 miſcher Kayſer mit Maria Leopoldina, Ertz⸗Hertzogs Leopolch be

129 735 1343 87 Inſprugg Tochter, welche aber den 19. Auguſti 16a9. verſtorbe

127 785 1327 86 Dahero Kayſer Eerdinand mit Eleonora Hertzogens Caroli L.,

126 831 1316 98 Mancua Tochter den 20. Mers Anno 165 1. das dritte Beplager.

128 877 60 89 te-

257 902 1181 123 vransle Nnbeiwur Ditthot hielte Anno icro enen s,

126 974 541 80 durn alhier in Reaenſpurg.

261 1030 1219 83 Den 27. Septembris Anno 1651. verlieſſe dieſes Zeitliche,

127 1068 1327 93 Ingolſtatt Marimilianus L Chur⸗Fuͤrſt und Hertzog in Bayrn in

1462 1085 24 50 9

131 1123 1292 86 Jahr ſeines Alters, an dem Feſt SS. Colma & Damiani, deren

131 1171 1331 87 ge Leiber er aus Bremen nach Munchen uͤberbracht. Er ware gebo

122 1222 1346 83 ren zu Landshut den 17. April 1573. Ein andaͤchtig⸗ groſſer Vere⸗

127 1269 1333 84 rer der Allerſeeligiſten Mutter GOttes, Dero zu Ehren Anno 162

126 1319 1302 84 (nach der Prager⸗ Schlacht der Hoch⸗Altar in der Stiffts⸗Kir

124 1369 1299 82 zu Muͤnchen, und Anno 1638. die koſtbare Saulen auf den Plat

128 1412 1330 87 Mariwiliano aufgefuͤhret worden. Sein jaͤhrliches Allmoſen bede

124 1464 1296 82 ſich auf 20000. Gulden. Ferdinandus Maria folgte ihme in der

122 1510 1354 79 gierung, unter welcher die RR. PP. Minimi, oder Religioſi S. Fral

123 1556 1344 84 ciſci de Paula, von Neuburg am Wald nach Amberg uͤberſetzet wo

122 1612 92 61 den.

253 1650 1136 86 Als Ferdinandus III. Roͤmiſcher Kayſer mit ſeinem Gobr

1407 1657 75 58 Fer-

128 1701 1258 87 dinando IV. auf den nach Regenſpurg von ihme ſelbſt ausgeſe

121 1751 1287 82 nen Reichs⸗ Tag Anno 1652. angekommen, wurde derſelbe mit

1388 1699 88 66 niebe

1418 1749 53 61 all

121 1799 1263 82 moͤglichen Ehren⸗Gepraͤng empfangen. Bald darauf namme zu

1393 1804 78 56 Aug

119 1850 1271 75 ſpurg die Roͤmiſche Koͤnigs⸗ Wahl ihren Anfang, und nachdemi

117 1895 1286 91 dinandus IV. Mu einen Roͤmiſchen Kbvig ollda erwaͤhlet worden,

1422 1891 43 58 Pe

109 1944 196 80 2 iir.-

1404 1939 79 67 met
