1554 2270
614 112 33 53 ar

663 110 242 74 2 C&).

927 110 69 66 La

1415 110 84 58 123

129 156 1369 81 and ſeynd alſo hoch geachtet worden, dab ſie bald einige vacirende

129 209 1144 79 Raths⸗Stellen, ja gar Stadt⸗ Cammerer Ambt erlangt.

127 350 1371 64 ſchoͤne Vicori gegen dem General von Wansfelo, ad pontem Teſla-

252 297 1245 75 In Majo dieſes Jahrs erhielte der Hertzog von Friedland ein

131 397 1367 65 rienlem. Der Graf Tillius unweit Calenberg ſchluge den Koͤnig in

129 443 1368 69 Dennemarck, und da er ſich wieder was erhollete den S. September

127 491 924 71 das andermahl bey Lautern in Braunſchweig.

244 572 1251 71 Anno 1627. den 12. September hat unſers Cloſters Abbt Jo⸗

118 625 1377 58 hann, die Heil. Creutz⸗Favenl und Altar zu Haindling durch Herꝛn

121 673 1373 71 Orto Hainrich Pachmayr, Biſchoffen zu Altnier, und Suftraganeum

121 718 518 71 alhie conlecriren laſſen.

238 798 1257 78 LEodem Anno ſcheinete, der Koͤnig aus Dennemarck, nach faſt

118 852 1375 73 all verlohrnen Voͤlckern, und ſchier eignen Leben, werde ſich zur Ru⸗

118 897 1375 77 he begeben. Man war in dem gantzen Roͤmiſchen Reich des Kriegs

118 944 1374 80 mud, dahero man Anfangs zu Colmar, hernach zu Wuͤhlhauſen

118 995 1367 75 ſtarck vom Frieden conferiret. So gieng die Reformation in Boͤhm⸗

122 1041 1366 82 And der oberen Pfaltz gluͤcklich fort. Zu Einfuͤhrung der Catholiſchen

122 1093 1362 77 Religion in gedachter obern Pfalt, gaben die Biſchoͤff Bamberg,

121 1137 1364 86 und Regenſpurg Pfarrer her, und als ſolche nicht erkleckten, haben

121 1182 1362 90 Ze Cloͤſter die beſte, und gelehrtiſte Religioſen denenſelben adjungiret.

116 1233 1366 88 Hu Inkormirung der Zugend hat der Chure Fuͤrſt Mazinilian die Latres

121 1293 715 75 zocietaris nacher Amberg verordnet.

227 1344 1255 105 Aano, wie vorgemelde, 1rs27. hat der Magiſtrat und gemeine

118 1413 1361 80 Stadt allhie ( wie man ſagt) aus Kayſerlicher Bewilligung den c.

116 1460 1363 86 Inlii zu der neuen vorhabenden Kirchen, unterm Titul der heiligſten

126 1505 1352 91 Hreyfaltigkeit, den erſten Stein mit ſonderbaren, in der Chriſtlichen

118 1557 1357 86 Circhen nicht gewoͤhnlichen Ceremonien gelegt, an jenem Platz, wo

128 1601 1347 88 orhero die Fecht⸗Schull gehalten worden. Stadt⸗Cammerer wa⸗

116 1650 1361 89 en dazumahl die Herren Hieronrmus Derger, Hanns Jacob Ai⸗

124 1702 1349 81 binger, Barrholome Reitrer, Deter Porrner, VDolfgang Schilrl,

117 1751 1356 78 ins Cobias Grienewalo. In die FEundsmental-Stein wurden ein⸗

112 1797 1356 90 leſchloſſen 2. ſilberne und vergoldte Schaalen, und a. groſſe Flaſchen

111 1853 59 61 mut

184 1847 1280 85 rothen und weiſſen Wein, und ein Taͤfelein, neben einer auf

113 1892 1350 110 bewament gemachten Schriffi, bevreiffend damablise Eamwerer,

763 1958 167 86 An2.2

1333 1929 127 86 Nach⸗
