1568 2261
541 85 52 72 3

821 99 57 55 ;

26 136 1359 78 ohenſtraub, und Heinrich Rarbgeb von Gotta. Dieſe aber ließ

61 193 1324 68 hoff Albrechr alſobald bey dem Kopff nehmen, degradiren, und

55 244 1330 71 ſrennen. Man bauete auch Anno 1218. geſchwind ein Ketzer⸗

47 295 1340 71 aͤrn fuͤr die Hußiten. Der Religions⸗ Eyffer nahm um dieſe Zeit

46 347 1342 72 ſie mercklich ab, und mit der Religion der Stadt aufnehmen. Und

49 398 1335 76 eich und deruͤhmt ſie vorhero geweſen, je ſchlechter war ſie wor⸗

100 502 1288 69 Anno 1a17. unterſrunden ſich etliche verdordene von Adel, zu

64 551 1323 72 hen und zu rauden, machten die Straſſen unficher, griffen die

67 599 1318 75 ger, und Kauff⸗Leuth an. Herr Hannß Srauff gab ihnen Un⸗

60 654 1328 74 pleiff. Deßwegen die allhieſige Burger in den Oſter⸗Feyrtaͤgen

61 707 1324 69 lefallen, ſein Schloß Ehrenfels belaͤgert, den dritten Tag mit

66 759 1309 67 gender Hand eingenommen; ſein Vettern Dierrich von Srauft

80 808 1307 71 gen, und allhero gebracht. Man verglich ſich endlich durch Com-

72 861 1312 67 rios, die Regenſpurger aber muͤſten das verwuſte Schlot wider

98 909 1291 72 ten. Es iſt auch damahls ein gefaͤhrlicher Krieg zwiſchen dem

70 957 1318 76 ten und Adel entſtanden, der verurſachte viel Rauben, Brennen

79 1012 931 70 MRord, ſo auch die Benachbarte arm gemacht.

114 1062 1276 64 Anno 1218. kam Biſchoff Albrecht, von dem Conſtantziſchen

67 1112 1322 72 Mio wider nach Hauß, hielt ein Svnodum, reſormirte die Geiſt⸗

114 1170 1276 66 Promulgirte die Galtzburgiſche Kirchen⸗Ordnung, gebotte, daß

116 1215 1272 71 eytag die Chriſten durch gewiſſe Glocken⸗Schall der Schudung

76 1257 32 59 s

129 1264 1261 67 Erloͤſers erinnert, und zu einem heiligen Danck⸗Gebett ſollen

91 1315 1298 73 ſut werden. Welches noch wochentlich und am Freytag Vor⸗

95 1365 28 60 9

126 1370 1008 70 ſleißig bey dieſer Cloſter⸗Kirchen geſchehen thut.

128 1419 1265 70 lnno 1219. macht ein reicher Burger allhie Stephan Nothanaſt

126 1473 1269 68 Frung auf 12. arme Burger. Herr Hannß Kaſtenmair des

128 1522 1267 72 Raths allhie vermehrt Anno 1227. ſolche mit 12. andern Maͤn⸗

20 1537 35 54 ꝛe

121 1575 1273 70 gab ihnen ſein Behauſung gegen der Auguſtiner Kirchen uͤber,

16 1578 56 73 et

106 1622 1289 76 Eerrn Albrecht Vortner, geweſten Stadt⸗Cammerer und anjetzo

100 1669 47 63 e

164 1675 1233 73 Reichs⸗Hoffrath geboͤrig. Gedachter Raſtenmair ſtarb in

96 1717 42 62 er

165 1724 1233 70 Jahr, und wurd auf unſern Kirch⸗HHof unter andere vorneh⸗

136 1776 1261 71 iger und Geſchlechter begraben, deſſen Grabſtein noch zu ſehen.

90 1826 1310 70 urden aber Anno 1225. dieſe Bruͤder, oder arme Maͤnner in ein

18 1837 27 54 9

106 1877 1293 74 Sauß, nahe bey unſerm Cloſter, zu naͤchſt der Roß⸗Schwemm

84 1930 1315 73 lerirt, und wird das Bruder⸗ Hauß genannt. Sie deſuchten

101 1978 1302 82 ztholiſch unſerr GOttes⸗Dienſt und Predig in S. Ruperri Pfarꝛ⸗

1212 2029 187 72 Kirchen,
