1935 2499
373 227 96 57 222

882 227 384 65 2&8 (O Lig-

372 276 1393 76 gen getrieben, Fridericum zu erweichen, war aber umſonſt. Er mußt

372 334 1387 68 ins Elend, wurde doch nach etlich Jahren wieder vardoniret, un

370 387 1385 66 ihme Braunſchweig zugeeignet, allwo er ſich erhollet, und nachmal

369 438 1392 70 len dem Kayſer noch diel zu ſchaffen geben, bis er endlich Anno 1126

369 491 1384 67 zu Braunſchweig geſtorben, und alldorten in F. Blaſii-Kirchen bi

369 541 1384 67 graben worden. Kan nicht umgehen hiebey mit wenigen zu avert

373 590 1375 69 ren, was maſſen, eben als ich dieſe unſers Cloſters beſchriebene Hiſti

368 642 1376 67 ſtorias zu dem Druck revidirte, in voriger Edition jetzt⸗ gedad

373 692 1374 71 Stadt Braunſchweig ſich denen HHertzogen aus Braunſchweig (wi

366 744 1341 70 che ſammentlich ſie wenig Taͤg belaͤgeret gehalten) ergeben, und

372 794 1340 68 leß, was dieſelbige begehrt, eingangen; auch zetzt HHoͤchſt⸗gedar

370 844 1324 69 Hertzogen mit derjenigen zuſammen gebrachter Armee bemeldte G

368 896 1325 67 bezwungen, ſo dieſelde fuͤr die Corbeiſche Stadt Hoͤrter, wider

370 945 1369 69 Hochfuͤrſtliche Gnaden Hermn Bernharden, Biſchoff zu Muͤnſte

368 999 1376 60 als Adminiſtratoren dieſes Benedictineriſchen Stiffts Corbev s

370 1048 1380 66 braucht, dahin auch den Vernehmen nach beſagte Stadt Braunſchwel

365 1096 1378 71 an Volck und Geſchuͤtz nicht ein geringes hoͤchſtermeldten Hert

366 1150 1317 70 gen zu Dienſten geſchicket, hiedurch bedeute Stadt Hoͤrter bey

375 1200 1325 64 Freyheit zu erhalten. Da hingegen ſie, die Stadt Braunſchn

365 1250 1343 67 ihr eigene Libertaͤt verlohren, und alſo, indem dieſelbe dem Loͤblii

368 1299 1297 71 Stifft und Abbtey Corbei wegen der Stadt Foͤrter, dem &

1714 1296 19 52 e

368 1350 1335 73 Wort nach, ein Gruben machen helffen wollen, iſt ſie ſelbſten aue

368 1402 1325 76 Freyheit in die Gruben der Dienſtbarkeit und Subjection gefallen.

502 1495 1228 72 Anno 1772. war ein groſſer Reichs⸗Tag allhie, es kamen-

365 1547 1315 69 Friderico L. allhero Geſandten von dem Gultan aus Babilonia

369 1600 1314 68 Egypten. Item vom Kayſer aus Griechen⸗Land, und wurde der

373 1646 1320 79 Biſchoff zu Saltburg, und andere Biſchoͤff, ſo mit Papſt Ale-

368 1702 637 69 dro hielten, undillich abgeſetzt.

644 1843 114 84 -ꝛ2

818 1845 196 70 za-P Pas

801 1850 19 52 e,

1107 1845 289 80 b-P. 7asàͤs

1414 1850 79 72 29

1483 1870 25 37 ,

794 1900 114 82 tc

994 1910 45 50 ..

1104 1900 251 71 -125 298-

933 1951 92 87 22)

1041 1957 180 118 E

1862 641 54 75 hat

1869 784 17 26 .

1866 916 30 47 2.

1858 956 40 61 te

1864 1009 55 55 Leh

1865 1062 60 61 Fut

1866 1103 49 63 che

1866 1152 30 60 N

1868 1293 21 67 e

1869 1352 35 62 u

1861 1403 47 56 no

1864 1453 37 67 ꝛ0

1861 1556 42 85 a

1861 1636 47 68 2)

1858 1692 58 107 2

1650 2093 50 108 .

1866 705 31 55 ꝛe
