1959 2500
16 288 75 57 dein

18 333 70 57 mit

33 380 46 70 ei⸗

22 437 59 60 aͤu⸗

29 476 52 69 en)

45 538 31 53 et

25 583 56 73 ns

19 638 61 66 en

38 686 38 59 8

58 740 14 51 .

721 236 330 75 8 (0) Esg-

465 355 814 115 SAPUTXXAV.

265 501 1300 80 Nter offt ernannten Biſchoffs Gebbardi Regierung ſuccedirte

304 558 1260 75 Ramvoldo in der Abbtey, der Sechſte Abbt Uolframus, regierte

305 611 1251 72 nur funff Fahr, 1. Monath, 1. Tag. Wurde unbillich ſeiner

184 655 1376 79 Huͤrde entſetzt. (a) und folgte ihme immediatè Anno r0o0S. Richol-

182 681 51 64 us

179 730 93 81 arh,

297 711 1256 73 ) der ſiebende Abbt; er behielte den Stab 22. Jahr, 1. Mo⸗

293 765 1263 68 22. Taͤg. Haͤtte darum traurige Zeiten, alldieweilen er die letz⸗

229 812 1334 72 zahr blind war. Unter dieſen Prœlaten iſt die Probſtey Dogtereurb

177 826 42 65 u

234 847 74 69 em

182 883 81 68 icn-

316 866 1242 70 Inn zu unſern Cloſter voͤllig kommen, welche der heilige Hein-

268 913 1290 80 imperat, Anno 1o21. conkirmirt, wie oben im 21. Capitel ver⸗

191 958 921 85 en worden. (c) Er iſt geſtorden Anno to28,

684 1081 341 84 Incidentia.

276 1197 1288 83 no roor. iſt geſtorben Gorbertus, Abbt zu Tegernſee, unſers

269 1252 1292 85 Cloſters Prokellus, welcher 20. Jahr demſelben Cloſter loͤblich

222 1300 797 80 deſtanden, ware von Edlem Geſchlecht.

290 1356 1273 75 Anno 1002. hat dieſe Stadt ein ſchwaͤre Brunſt ausgeſtanden⸗

251 1406 1310 73 n dieſen Jahr als der Kayſer Orro ein Reis nacher Rom vornem⸗

184 1429 63 62 av

262 1454 1299 76 oollte, hat ihme der ſeelige (77) Ramvoldus ſolche widerrathen, und

176 1470 51 63 ꝛo⸗

272 1506 1291 75 agt, daß es ſein Leben koſten werde, und nicht mehr auf Raven-

177 1519 35 58 ꝛe

244 1556 1316 80 mmen, rathe ihm vielmehr, daß er das Kayſerthum ablegen,

225 1581 43 64 ꝛ

172 1619 69 69 Ade,

293 1611 1282 73 Lloſter gehen, und ſich zur Ewigkeit dilponiren wolle. Orto.

284 1661 1276 76 igte nicht, dahero nach Hoͤchſt⸗ ausgeſtandener Gefahr zu Rom

259 1711 1297 76 per er mit der Flucht entgehen mußte) hat ihm Creſcentii hin⸗

184 1754 1376 90 euuene Wirtib ſoanne, durch ein vergiffte paar Handſchub indei-

880 1822 127 61 6 g 2

1464 1825 90 70 ret,

250 1897 1310 90 Arnoldus bey Ranage tom. IIL. paz. 122. ſager nicht, daß Wolkramus ſetner Wurdr ent⸗

287 1940 118 54 worden.

258 1981 1296 64 Liendaldus (alſo nemet ihn Arnoldur,) wart erwaͤbler von dmen Mnchen zu S. Ewmeran.

236 1988 75 68 es ſer

227 2026 43 51 kof

344 2023 1207 81 ſedr viels Tradiriones unter Reſemn Riehdaldo Abbuen geſaehen nelcht ton I. Anes,

344 2050 364 70 Perii. varte ;. zn leſen.

276 2073 47 50 ie

336 2083 139 55 Diploma.

257 2104 59 51 ODere

327 2116 631 81 warr zu Korn Anno ro01. Annaliſta Sꝛro.

209 2148 619 92 Arſ onſtat Fanvoldur, Nomunldrr.

51 806 21 41 1

30 1030 45 65 nit

44 1088 25 57 u

36 1130 30 67 2

1475 251 88 71 227
