<?xml version="1.0" encoding="UTF-8"?>
<alto xmlns:xsi="http://www.w3.org/2001/XMLSchema-instance"
      xmlns="http://www.loc.gov/standards/alto/ns-v4#"
      xsi:schemaLocation="http://www.loc.gov/standards/alto/ns-v4# http://www.loc.gov/standards/alto/v4/alto-4-2.xsd">
  <Description>
    <MeasurementUnit>pixel</MeasurementUnit>
    <sourceImageInformation>
      <fileName>image248.jpg</fileName>
      <fileIdentifier>https://archiv.ub.uni-marburg.de/eb/2010/0168</fileIdentifier>
    </sourceImageInformation>
  </Description>
  <Tags>
    <OtherTag ID="BT1" LABEL="Title" DESCRIPTION="block type Title"/><OtherTag ID="BT2" LABEL="Main" DESCRIPTION="block type Main"/><OtherTag ID="BT3" LABEL="Commentary" DESCRIPTION="block type Commentary"/><OtherTag ID="BT4" LABEL="Illustration" DESCRIPTION="block type Illustration"/><OtherTag ID="BT42" LABEL="text" DESCRIPTION="block type text"/>
    <OtherTag ID="LT33" LABEL="default" DESCRIPTION="line type default"/>
  </Tags>
  <Layout>
    <Page WIDTH="1955"
          HEIGHT="2499"
          PHYSICAL_IMG_NR="248"
          ID="eSc_dummypage_">
      <PrintSpace HPOS="0"
                  VPOS="0"
                  WIDTH="1955"
                  HEIGHT="2499">
        <TextBlock HPOS="316"
                   VPOS="172"
                   WIDTH="1448"
                   HEIGHT="1764"
                   ID="eSc_textblock_26e8167a"
                   TAGREFS="BT42">
          <Shape><Polygon POINTS="359 172 448 177 488 222 549 227 798 222 871 188 965 183 1237 194 1276 211 1277 238 1338 249 1764 266 1742 1836 1714 1854 1725 1936 1649 1936 1638 1877 1655 1860 1620 1853 316 1858 338 316 359 172"/></Shape>
          <TextLine ID="eSc_line_68dd31bd"
                    TAGREFS="LT33"
                    BASELINE="351 206 449 209" 
                    HPOS="349"
                    VPOS="172"
                    WIDTH="100"
                    HEIGHT="54">
            <Shape><Polygon POINTS="448 180 434 176 433 174 420 174 406 174 392 173 379 172 376 172 351 174 351 206 349 226 448 223 449 209 449 181 448 180"/></Shape>
            <String CONTENT="220"
                    HPOS="349"
                    VPOS="172"
                    WIDTH="100"
                    HEIGHT="54"
                    WC="0.9999937216440836"></String>
          </TextLine>
          <TextLine ID="eSc_line_9bac7b5c"
                    TAGREFS="LT33"
                    BASELINE="923 233 1259 230" 
                    HPOS="921"
                    VPOS="183"
                    WIDTH="338"
                    HEIGHT="73">
            <Shape><Polygon POINTS="1255 202 1241 197 1235 195 1209 195 1203 191 1199 191 1185 191 1171 191 1158 190 1152 190 1134 192 1117 188 1116 188 1102 188 1088 187 1080 187 1071 195 1030 195 1016 184 1014 184 1013 184 1012 184 1010 184 1009 184 996 194 984 184 984 183 983 183 981 183 980 183 940 183 935 184 921 184 923 233 923 256 974 247 1010 256 1012 256 1013 256 1014 256 1045 247 1084 256 1085 256 1087 256 1088 256 1089 256 1103 245 1135 255 1137 255 1138 256 1214 256 1214 255 1216 255 1217 255 1217 254 1228 245 1256 249 1259 230 1256 202 1255 202"/></Shape>
            <String CONTENT="i2 c0) Etz-"
                    HPOS="921"
                    VPOS="183"
                    WIDTH="338"
                    HEIGHT="73"
                    WC="0.9778430190953341"></String>
          </TextLine>
          <TextLine ID="eSc_line_d8096fc6"
                    TAGREFS="LT33"
                    BASELINE="351 273 784 283 1349 304 1757 299" 
                    HPOS="349"
                    VPOS="226"
                    WIDTH="1408"
                    HEIGHT="100">
            <Shape><Polygon POINTS="1739 265 1725 263 1712 263 1698 263 1684 262 1677 262 1660 265 1496 263 1396 251 1392 251 1378 251 1364 249 1351 249 1337 249 1335 248 1262 256 1106 255 1033 240 1031 240 1030 240 991 251 980 244 978 244 977 244 976 244 933 249 899 238 898 238 896 238 859 245 838 236 837 236 835 236 784 247 751 234 749 234 748 234 747 234 723 241 642 231 641 231 640 231 609 241 530 230 529 230 466 240 419 227 417 227 351 226 351 273 349 290 452 298 454 298 455 298 476 291 519 302 520 302 522 302 523 302 545 294 628 294 648 304 649 304 651 304 652 304 674 295 812 305 813 305 815 305 838 298 903 306 905 306 969 301 1024 312 1026 312 1095 306 1109 315 1110 315 1112 315 1113 315 1159 309 1178 316 1180 316 1181 316 1182 316 1201 308 1245 317 1630 326 1631 326 1756 316 1757 299 1756 267 1749 265 1739 265"/></Shape>
            <String CONTENT="burg, ſo vor ſechshundert und etlich und dreybig Jahren c) gelebt,"
                    HPOS="349"
                    VPOS="226"
                    WIDTH="1408"
                    HEIGHT="100"
                    WC="0.9894271700671224"></String>
          </TextLine>
          <TextLine ID="eSc_line_a1d1d23c"
                    TAGREFS="LT33"
                    BASELINE="351 324 1166 342 1392 354 1750 352" 
                    HPOS="349"
                    VPOS="281"
                    WIDTH="1401"
                    HEIGHT="92">
            <Shape><Polygon POINTS="351 324 349 337 429 349 430 349 431 349 467 340 698 342 722 352 723 352 724 352 769 345 846 356 848 356 921 349 983 360 984 360 1028 352 1610 373 1612 373 1749 363 1750 352 1748 309 1541 317 1499 310 1124 310 1099 297 1098 297 1096 297 983 306 898 305 840 291 838 291 685 297 559 287 558 287 510 295 473 284 472 284 351 281 351 324"/></Shape>
            <String CONTENT="erzehlt unter den Miracklen von S. Emmeram, daß obgedachter Bo⸗"
                    HPOS="349"
                    VPOS="281"
                    WIDTH="1401"
                    HEIGHT="92"
                    WC="0.9896002790284535"></String>
          </TextLine>
          <TextLine ID="eSc_line_f9b30a8c"
                    TAGREFS="LT33"
                    BASELINE="351 377 579 377 1362 402 1748 397" 
                    HPOS="351"
                    VPOS="330"
                    WIDTH="1397"
                    HEIGHT="94">
            <Shape><Polygon POINTS="351 377 351 395 497 391 527 401 529 401 530 401 645 394 1099 413 1101 413 1159 405 1618 424 1620 424 1746 416 1748 397 1745 359 1684 370 1618 370 1549 359 1548 359 1546 359 1532 366 1360 365 1334 354 1332 354 1331 354 1330 354 1307 362 1231 362 1185 351 1184 351 1182 351 1166 359 1123 352 1121 352 1120 352 1101 358 1024 344 1023 344 974 355 937 348 935 348 934 348 909 354 824 340 758 338 756 338 755 338 728 348 698 337 697 337 695 337 649 344 630 335 628 335 445 331 444 331 442 331 419 338 351 330 351 377"/></Shape>
            <String CONTENT="ſchoff Michael einen Vettern dem Kayſer Orroni ſo weit wollen recom-"
                    HPOS="351"
                    VPOS="330"
                    WIDTH="1397"
                    HEIGHT="94"
                    WC="0.992229584385367"></String>
          </TextLine>
          <TextLine ID="eSc_line_4b334c5b"
                    TAGREFS="LT33"
                    BASELINE="349 419 1137 449 1746 455" 
                    HPOS="348"
                    VPOS="381"
                    WIDTH="1398"
                    HEIGHT="99">
            <Shape><Polygon POINTS="349 419 348 434 523 438 541 448 542 448 544 448 590 441 641 453 642 453 644 453 678 447 863 459 865 459 866 459 890 451 962 462 1195 469 1196 469 1198 469 1231 460 1309 472 1310 472 1312 472 1342 462 1392 474 1394 474 1395 474 1467 469 1513 477 1514 477 1516 477 1539 470 1562 478 1563 478 1641 480 1642 480 1745 472 1746 455 1746 416 1602 413 1600 413 1559 422 1437 408 1435 408 1348 416 1307 405 1306 405 1305 405 1246 413 1128 399 1127 399 1126 399 1096 406 1071 398 1070 398 1069 398 946 405 895 392 894 392 892 392 845 402 796 402 774 390 773 390 772 390 695 398 674 387 673 387 602 385 601 385 599 385 576 394 492 381 491 381 349 387 349 419"/></Shape>
            <String CONTENT="mendiren, daß er ihne zu einem Biſchoff wolle machen, und zu Er⸗"
                    HPOS="348"
                    VPOS="381"
                    WIDTH="1398"
                    HEIGHT="99"
                    WC="0.9906856510788202"></String>
          </TextLine>
          <TextLine ID="eSc_line_a21ba891"
                    TAGREFS="LT33"
                    BASELINE="349 470 1134 501 1396 506 1746 502" 
                    HPOS="348"
                    VPOS="430"
                    WIDTH="1398"
                    HEIGHT="98">
            <Shape><Polygon POINTS="349 470 348 484 434 485 484 499 485 499 487 499 488 499 526 490 581 502 583 502 584 502 613 495 840 509 841 509 842 509 876 501 909 512 910 512 912 512 948 506 998 515 999 515 1035 509 1326 524 1327 524 1398 516 1477 528 1478 528 1745 524 1746 502 1743 467 1653 476 1588 465 1587 465 1585 465 1563 472 1544 462 1542 462 1541 462 1507 467 1453 459 1452 459 1450 459 1420 469 1385 469 1370 458 1369 458 1367 458 1366 458 1285 465 1230 452 1228 452 1138 460 998 448 996 448 933 453 901 444 899 444 898 444 765 449 670 435 669 435 667 435 640 445 592 434 523 431 522 431 520 431 492 440 477 430 476 430 474 430 473 430 349 430 349 470"/></Shape>
            <String CONTENT="haltung dieſes ſchon ſeine Verehrung gerichtet hab. Iſt ihme von e-"
                    HPOS="348"
                    VPOS="430"
                    WIDTH="1398"
                    HEIGHT="98"
                    WC="0.992974014424566"></String>
          </TextLine>
          <TextLine ID="eSc_line_4fac0feb"
                    TAGREFS="LT33"
                    BASELINE="349 523 1287 555 1616 558 1742 551" 
                    HPOS="348"
                    VPOS="478"
                    WIDTH="1394"
                    HEIGHT="99">
            <Shape><Polygon POINTS="348 534 395 547 397 547 477 540 492 549 494 549 495 549 558 551 559 551 560 551 580 542 608 552 609 552 610 552 845 551 859 560 860 560 862 560 863 560 1091 560 1184 570 1185 570 1256 563 1277 573 1278 573 1280 573 1349 569 1367 576 1369 576 1370 577 1739 577 1742 551 1739 519 1649 527 1520 513 1519 513 1423 520 1377 520 1363 510 1362 510 1360 510 1359 510 1219 513 1163 503 1162 503 1001 508 971 498 970 498 969 498 924 505 840 503 812 492 810 492 809 492 808 492 780 501 722 501 517 483 516 483 448 491 415 480 413 480 351 478 349 523 348 534"/></Shape>
            <String CONTENT="nigen (die ihr Intereſle und eigenen Nutzen darbey auch ſuchren, un"
                    HPOS="348"
                    VPOS="478"
                    WIDTH="1394"
                    HEIGHT="99"
                    WC="0.988503669624898"></String>
          </TextLine>
          <TextLine ID="eSc_line_8d17d974"
                    TAGREFS="LT33"
                    BASELINE="347 576 1253 605 1741 603" 
                    HPOS="345"
                    VPOS="533"
                    WIDTH="1396"
                    HEIGHT="97">
            <Shape><Polygon POINTS="347 576 345 591 1570 630 1571 630 1739 624 1741 603 1739 567 1645 576 1623 565 1621 565 1620 565 1618 565 1599 574 1549 565 1548 565 1546 565 1530 573 1459 563 1457 563 1341 569 1220 555 1219 555 1113 563 1089 551 1088 551 1087 551 1055 556 1016 549 1014 549 1013 549 992 559 862 548 860 548 772 555 712 541 567 538 566 538 565 538 563 538 549 547 527 537 526 537 524 537 434 541 347 533 347 576"/></Shape>
            <String CONTENT="ihnen kein Gewiſſen nahmen geiſtliche Aembter zu verkauffen) gera⸗"
                    HPOS="345"
                    VPOS="533"
                    WIDTH="1396"
                    HEIGHT="97"
                    WC="0.989698094852043"></String>
          </TextLine>
          <TextLine ID="eSc_line_535b03e3"
                    TAGREFS="LT33"
                    BASELINE="345 627 1475 660 1739 652" 
                    HPOS="344"
                    VPOS="585"
                    WIDTH="1395"
                    HEIGHT="98">
            <Shape><Polygon POINTS="345 627 344 638 372 646 373 646 374 646 462 644 487 652 488 652 490 652 663 648 680 658 681 658 683 658 684 658 760 651 823 662 824 662 888 655 915 665 916 665 917 665 998 660 1053 669 1055 669 1169 666 1370 677 1371 677 1473 669 1499 680 1500 680 1502 680 1537 674 1580 683 1581 683 1738 674 1739 652 1738 620 1682 619 1681 619 1680 619 1635 630 1605 617 1603 617 1602 617 1563 624 1523 615 1521 615 1520 615 1519 615 1475 626 1396 624 1370 612 1369 612 1367 612 1264 620 1108 617 1053 602 1052 602 1051 602 1049 602 1008 613 996 606 995 606 994 606 992 606 905 610 895 603 894 603 892 603 891 603 844 609 790 595 788 595 787 595 744 601 672 592 670 592 669 592 630 603 555 590 554 590 440 598 399 585 398 585 397 585 345 587 345 627"/></Shape>
            <String CONTENT="then worden, St. Emmerams Schatz anzugreiffen. Dieſen folgle"
                    HPOS="344"
                    VPOS="585"
                    WIDTH="1395"
                    HEIGHT="98"
                    WC="0.9942158609628677"></String>
          </TextLine>
          <TextLine ID="eSc_line_ab8b1e97"
                    TAGREFS="LT33"
                    BASELINE="349 677 1288 708 1737 709" 
                    HPOS="348"
                    VPOS="631"
                    WIDTH="1389"
                    HEIGHT="96">
            <Shape><Polygon POINTS="349 677 348 690 495 694 510 703 512 703 513 703 515 703 556 696 615 706 616 706 651 699 1017 717 1734 727 1737 709 1737 669 1670 667 1668 667 1667 667 1643 677 1632 669 1631 669 1630 669 1628 669 1627 669 1602 677 1571 666 1570 666 1568 666 1527 674 1407 666 1406 666 1378 671 1253 659 1252 659 1251 659 1226 667 1171 653 1170 653 1169 653 1167 653 1121 665 998 649 996 649 952 659 895 646 894 646 720 653 640 640 638 640 559 649 510 638 349 631 349 677"/></Shape>
            <String CONTENT="Michael, und um das heilige Weyhnacht⸗ Feſt wolte er auf dem Be"
                    HPOS="348"
                    VPOS="631"
                    WIDTH="1389"
                    HEIGHT="96"
                    WC="0.9745360418917641"></String>
          </TextLine>
          <TextLine ID="eSc_line_9a4b2e89"
                    TAGREFS="LT33"
                    BASELINE="345 730 1194 756 1738 760" 
                    HPOS="344"
                    VPOS="684"
                    WIDTH="1394"
                    HEIGHT="99">
            <Shape><Polygon POINTS="345 730 344 746 386 752 387 752 388 752 416 745 427 753 429 753 430 753 497 756 498 756 645 751 697 759 698 759 758 753 784 763 785 763 787 763 906 758 934 767 935 767 937 767 1085 762 1109 771 1110 771 1166 773 1167 773 1169 773 1181 767 1242 774 1244 774 1245 774 1277 766 1309 776 1310 776 1566 783 1567 783 1737 776 1738 760 1735 717 1625 727 1539 719 1538 719 1360 720 1338 710 1337 710 1335 710 1291 719 1152 706 1151 706 1058 713 1042 703 1041 703 1039 703 1038 703 1037 703 1020 712 959 702 958 702 898 709 865 698 863 698 862 698 860 698 840 706 813 695 812 695 810 695 747 705 709 692 708 692 648 691 647 691 645 691 624 699 580 690 579 690 577 690 542 701 508 688 506 688 505 688 504 688 485 694 345 684 345 730"/></Shape>
            <String CONTENT="ſchoͤfflichen Gut Bernhards⸗ Hauſen (Berets⸗Hauſen jetzt genannt,,"
                    HPOS="344"
                    VPOS="684"
                    WIDTH="1394"
                    HEIGHT="99"
                    WC="0.9925940975998387"></String>
          </TextLine>
          <TextLine ID="eSc_line_2c78d661"
                    TAGREFS="LT33"
                    BASELINE="342 778 1162 806 1732 808" 
                    HPOS="341"
                    VPOS="737"
                    WIDTH="1391"
                    HEIGHT="94">
            <Shape><Polygon POINTS="1083 753 1081 753 1014 763 984 752 983 752 981 752 909 762 846 748 845 748 791 759 612 742 610 742 444 751 423 738 422 738 420 738 342 737 342 778 341 794 1564 831 1566 831 1731 826 1732 808 1732 769 1638 767 1637 767 1557 777 1532 767 1531 767 1530 767 1528 767 1495 776 1263 771 1234 762 1232 762 1231 762 1230 762 1201 769 1119 766 1084 753 1083 753"/></Shape>
            <String CONTENT="ihme gute Freund machen. Es geſchah aber, da er zu dem Wers"
                    HPOS="341"
                    VPOS="737"
                    WIDTH="1391"
                    HEIGHT="94"
                    WC="0.980876106831987"></String>
          </TextLine>
          <TextLine ID="eSc_line_d8617a90"
                    TAGREFS="LT33"
                    BASELINE="342 830 1305 859 1732 855" 
                    HPOS="341"
                    VPOS="787"
                    WIDTH="1391"
                    HEIGHT="95">
            <Shape><Polygon POINTS="1182 808 1181 808 1180 808 1178 808 1164 816 1124 808 1123 808 1121 808 1120 808 1109 814 1088 808 1087 808 1085 808 1031 813 920 801 919 801 917 801 884 809 826 802 824 802 794 808 733 795 731 795 622 803 559 791 483 789 481 789 480 789 455 799 440 788 438 788 437 788 362 787 361 787 359 787 342 795 342 830 341 849 1557 882 1559 882 1731 877 1732 855 1730 819 1499 824 1439 814 1438 814 1437 814 1410 821 1316 812 1314 812 1313 812 1294 819 1207 819 1184 808 1182 808"/></Shape>
            <String CONTENT="wolte ſchreitten, daß er dermaſſen erkranckte, daß er nit anderſt als de."
                    HPOS="341"
                    VPOS="787"
                    WIDTH="1391"
                    HEIGHT="95"
                    WC="0.9831586157622403"></String>
          </TextLine>
          <TextLine ID="eSc_line_c8e48cec"
                    TAGREFS="LT33"
                    BASELINE="344 880 1335 910 1731 906" 
                    HPOS="344"
                    VPOS="839"
                    WIDTH="1387"
                    HEIGHT="96">
            <Shape><Polygon POINTS="344 880 344 896 449 896 470 905 472 905 473 905 474 905 504 898 583 906 584 906 624 901 640 910 641 910 642 910 644 910 645 910 666 902 710 902 791 914 792 914 824 907 845 916 846 916 848 916 884 909 910 917 912 917 913 917 915 917 944 909 958 919 959 919 960 919 962 919 963 919 992 912 1012 920 1013 920 1014 920 1114 916 1177 924 1178 924 1231 916 1288 927 1289 927 1338 920 1406 928 1407 928 1409 928 1424 921 1445 930 1446 930 1448 930 1500 926 1620 935 1621 935 1730 927 1731 906 1728 871 1567 878 1503 866 1502 866 1345 873 1288 860 1287 860 1178 869 1069 867 1028 856 1027 856 1026 856 1024 856 999 863 980 856 978 856 977 856 976 856 958 863 859 862 837 849 835 849 834 849 740 856 722 846 720 846 624 844 623 844 576 852 549 842 548 842 547 842 465 848 430 839 429 839 427 839 377 848 344 842 344 880"/></Shape>
            <String CONTENT="gar eylenden Todt deſorgte, ſo ihme dann uͤber alle Bitrerkert wal"
                    HPOS="344"
                    VPOS="839"
                    WIDTH="1387"
                    HEIGHT="96"
                    WC="0.9906240963574612"></String>
          </TextLine>
          <TextLine ID="eSc_line_2515d5c6"
                    TAGREFS="LT33"
                    BASELINE="341 930 1101 956 1475 962 1728 956" 
                    HPOS="340"
                    VPOS="887"
                    WIDTH="1388"
                    HEIGHT="97">
            <Shape><Polygon POINTS="341 930 340 942 656 951 692 962 694 962 695 962 697 962 720 955 758 962 759 962 798 957 837 966 1251 969 1266 977 1267 977 1269 977 1320 970 1331 977 1332 977 1334 977 1335 977 1337 977 1352 971 1520 984 1521 984 1727 978 1728 956 1725 923 1632 921 1631 921 1630 921 1598 931 1556 919 1555 919 1553 919 1552 919 1519 930 1469 930 1438 916 1437 916 1435 916 1392 924 1342 914 1341 914 1294 923 1238 913 1237 913 1235 913 1217 921 1170 921 1145 909 1144 909 1142 909 1141 909 1112 919 1048 919 937 902 935 902 837 912 744 910 717 896 716 896 658 895 656 895 655 895 628 903 599 894 598 894 597 894 498 899 460 889 459 889 458 889 427 895 341 887 341 930"/></Shape>
            <String CONTENT="Da er nun am Leben verzweifflete, rufft er den Vicedom, ſamnbt au"
                    HPOS="340"
                    VPOS="887"
                    WIDTH="1388"
                    HEIGHT="97"
                    WC="0.9962571850189796"></String>
          </TextLine>
          <TextLine ID="eSc_line_c847c80d"
                    TAGREFS="LT33"
                    BASELINE="340 980 1246 1010 1731 1007" 
                    HPOS="338"
                    VPOS="938"
                    WIDTH="1393"
                    HEIGHT="99">
            <Shape><Polygon POINTS="340 980 338 996 1287 1028 1288 1028 1366 1023 1402 1031 1403 1031 1618 1037 1620 1037 1621 1037 1641 1030 1728 1030 1731 1007 1727 973 1459 977 1331 963 1330 963 1202 970 1164 959 1163 959 1162 959 1160 959 1121 969 985 966 952 955 951 955 949 955 948 955 931 963 892 956 891 956 795 960 730 948 728 948 623 956 565 944 563 944 455 952 340 938 340 980"/></Shape>
            <String CONTENT="dern, welchen er ſonders wohl gewogen war mit dergleichen Befels"
                    HPOS="338"
                    VPOS="938"
                    WIDTH="1393"
                    HEIGHT="99"
                    WC="0.9898986760526896"></String>
          </TextLine>
          <TextLine ID="eSc_line_cbeab0de"
                    TAGREFS="LT33"
                    BASELINE="337 1034 1356 1063 1598 1064 1727 1053" 
                    HPOS="336"
                    VPOS="989"
                    WIDTH="1391"
                    HEIGHT="99">
            <Shape><Polygon POINTS="337 1034 336 1046 402 1055 404 1055 405 1055 423 1048 441 1059 442 1059 444 1059 445 1059 447 1059 466 1049 574 1062 576 1062 628 1055 674 1064 676 1064 873 1060 970 1073 971 1073 1130 1066 1348 1082 1349 1082 1445 1074 1462 1085 1463 1085 1464 1085 1566 1088 1567 1088 1725 1080 1727 1053 1724 1025 1620 1032 1562 1020 1560 1020 1514 1028 1480 1019 1478 1019 1477 1019 1400 1027 1309 1025 1288 1016 1287 1016 1285 1016 1284 1016 1269 1023 1096 1020 1070 1010 1069 1010 1067 1010 1024 1017 976 1006 974 1006 926 1012 913 1003 912 1003 910 1003 909 1003 805 1012 755 1012 734 1000 733 1000 731 1000 730 1000 713 1007 692 998 691 998 690 998 645 1007 590 995 588 995 587 995 560 1005 535 994 534 994 533 994 483 999 404 991 402 991 401 991 381 998 337 989 337 1034"/></Shape>
            <String CONTENT="zu ſich: Auf ein Zeit unter Kayſer Ortone L. gebohrnen Sachſen, wal"
                    HPOS="336"
                    VPOS="989"
                    WIDTH="1391"
                    HEIGHT="99"
                    WC="0.9952954765576035"></String>
          </TextLine>
          <TextLine ID="eSc_line_ddc6a114"
                    TAGREFS="LT33"
                    BASELINE="338 1082 1213 1112 1720 1110" 
                    HPOS="337"
                    VPOS="1041"
                    WIDTH="1383"
                    HEIGHT="97">
            <Shape><Polygon POINTS="338 1082 337 1099 366 1107 367 1107 369 1107 573 1105 633 1116 634 1116 733 1109 862 1121 863 1121 1102 1120 1151 1128 1152 1128 1192 1120 1203 1127 1205 1127 1206 1127 1473 1128 1548 1138 1549 1138 1718 1131 1720 1110 1717 1071 1549 1080 1437 1078 1421 1067 1420 1067 1419 1067 1417 1067 1375 1075 1264 1066 1263 1066 1176 1070 1149 1059 1148 1059 1146 1059 1145 1059 1110 1069 1084 1059 1083 1059 1081 1059 1033 1067 920 1066 884 1052 883 1052 722 1048 720 1048 719 1048 695 1056 626 1045 624 1045 576 1052 494 1042 492 1042 491 1042 462 1053 424 1041 423 1041 422 1041 338 1041 338 1082"/></Shape>
            <String CONTENT="ich in einer Schlacht naͤchſt bey dem Lech, und da nach langen Gefed"
                    HPOS="337"
                    VPOS="1041"
                    WIDTH="1383"
                    HEIGHT="97"
                    WC="0.9830327603746863"></String>
          </TextLine>
          <TextLine ID="eSc_line_d9838769"
                    TAGREFS="LT33"
                    BASELINE="340 1134 1230 1163 1652 1164 1716 1157" 
                    HPOS="338"
                    VPOS="1091"
                    WIDTH="1378"
                    HEIGHT="100">
            <Shape><Polygon POINTS="338 1148 433 1159 434 1159 609 1156 630 1164 631 1164 633 1164 774 1160 838 1168 840 1168 880 1163 910 1171 912 1171 1299 1182 1301 1182 1557 1181 1609 1181 1623 1191 1624 1191 1625 1191 1627 1191 1714 1184 1716 1157 1713 1125 1559 1131 1407 1128 1388 1117 1387 1117 1385 1117 1320 1124 1226 1114 1224 1114 1223 1114 1196 1121 1052 1110 1051 1110 835 1112 767 1100 766 1100 627 1106 574 1095 573 1095 377 1099 341 1091 340 1134 338 1148"/></Shape>
            <String CONTENT="durch Schickung GOttes wir Chriſten das Sig⸗Kraͤntzl eroberet, ha"
                    HPOS="338"
                    VPOS="1091"
                    WIDTH="1378"
                    HEIGHT="100"
                    WC="0.9871259432572584"></String>
          </TextLine>
          <TextLine ID="eSc_line_e2eba798"
                    TAGREFS="LT33"
                    BASELINE="338 1182 1213 1213 1724 1214" 
                    HPOS="337"
                    VPOS="1141"
                    WIDTH="1387"
                    HEIGHT="101">
            <Shape><Polygon POINTS="338 1182 337 1196 490 1207 491 1207 577 1203 641 1216 642 1216 821 1213 840 1221 841 1221 842 1223 913 1223 913 1221 915 1221 941 1213 998 1225 999 1225 1144 1221 1213 1231 1214 1231 1356 1228 1370 1235 1371 1235 1373 1235 1496 1232 1514 1239 1516 1239 1517 1239 1560 1231 1621 1242 1623 1242 1624 1242 1656 1232 1721 1232 1724 1214 1721 1177 1612 1181 1556 1173 1555 1173 1553 1173 1519 1181 1464 1173 1463 1173 1370 1175 1357 1168 1356 1168 1355 1168 1353 1168 1352 1168 1351 1168 1338 1175 1209 1174 1178 1163 1177 1163 1176 1163 1105 1170 1088 1163 1087 1163 1085 1163 915 1164 865 1155 863 1155 821 1162 772 1155 770 1155 638 1157 624 1148 623 1148 622 1148 620 1148 538 1153 527 1145 526 1145 524 1145 523 1145 522 1145 502 1153 481 1145 480 1145 479 1145 397 1150 377 1141 376 1141 338 1141 338 1182"/></Shape>
            <String CONTENT="ben mir die Ungarn das Ohr abgeſchnitten, ſtarck geſchlagen, gar i."
                    HPOS="337"
                    VPOS="1141"
                    WIDTH="1387"
                    HEIGHT="101"
                    WC="0.9743977017811875"></String>
          </TextLine>
          <TextLine ID="eSc_line_ff03e199"
                    TAGREFS="LT33"
                    BASELINE="338 1232 1210 1261 1706 1261" 
                    HPOS="337"
                    VPOS="1192"
                    WIDTH="1369"
                    HEIGHT="96">
            <Shape><Polygon POINTS="338 1232 337 1248 991 1273 992 1273 1085 1267 1267 1280 1269 1280 1313 1273 1326 1281 1327 1281 1328 1281 1330 1281 1419 1277 1596 1288 1598 1288 1705 1281 1706 1261 1706 1225 1650 1224 1649 1224 1648 1224 1646 1224 1632 1232 1471 1223 1470 1223 1431 1231 1382 1231 1360 1217 1359 1217 1357 1217 1356 1217 1271 1227 1241 1216 1239 1216 1238 1216 1237 1216 1217 1223 1176 1214 1174 1214 1133 1223 994 1221 933 1206 931 1206 883 1214 770 1203 769 1203 767 1203 766 1203 749 1214 717 1214 635 1200 634 1200 633 1200 602 1209 547 1199 545 1199 499 1207 459 1195 458 1195 338 1192 338 1232"/></Shape>
            <String CONTENT="Boden geworffen. Unter deſſen aber verſpuhrt ich urploͤtzliche Hul"
                    HPOS="337"
                    VPOS="1192"
                    WIDTH="1369"
                    HEIGHT="96"
                    WC="0.998881787964792"></String>
          </TextLine>
          <TextLine ID="eSc_line_fd3074fe"
                    TAGREFS="LT33"
                    BASELINE="334 1282 1237 1311 1714 1313" 
                    HPOS="333"
                    VPOS="1243"
                    WIDTH="1381"
                    HEIGHT="96">
            <Shape><Polygon POINTS="334 1282 333 1298 416 1309 417 1309 584 1305 706 1317 708 1317 709 1317 735 1309 765 1318 766 1318 767 1318 769 1318 801 1310 859 1321 860 1321 991 1316 1070 1327 1071 1327 1119 1318 1177 1330 1178 1330 1281 1324 1313 1332 1314 1332 1316 1332 1359 1327 1392 1335 1394 1335 1552 1339 1553 1339 1713 1332 1714 1313 1714 1277 1655 1274 1653 1274 1605 1284 1542 1275 1541 1275 1452 1280 1427 1268 1425 1268 1424 1268 1339 1277 1327 1268 1326 1268 1324 1268 1323 1268 1230 1274 1017 1270 953 1259 952 1259 951 1259 934 1264 909 1255 908 1255 906 1255 819 1263 744 1250 742 1250 623 1257 585 1246 584 1246 583 1246 581 1246 580 1246 567 1255 479 1243 477 1243 334 1248 334 1282"/></Shape>
            <String CONTENT="und Beyſtand desjenigen Fuͤrbitters, welchen ich anjetzo wegen Melt"
                    HPOS="333"
                    VPOS="1243"
                    WIDTH="1381"
                    HEIGHT="96"
                    WC="0.9826801534908921"></String>
          </TextLine>
          <TextLine ID="eSc_line_1aaf8b1d"
                    TAGREFS="LT33"
                    BASELINE="331 1338 1351 1366 1596 1367 1721 1360" 
                    HPOS="330"
                    VPOS="1295"
                    WIDTH="1391"
                    HEIGHT="94">
            <Shape><Polygon POINTS="331 1338 330 1352 705 1357 719 1367 720 1367 722 1367 723 1367 838 1363 887 1371 888 1371 927 1366 1006 1374 1008 1374 1099 1368 1126 1377 1127 1377 1128 1377 1162 1371 1220 1380 1221 1380 1413 1378 1609 1389 1610 1389 1720 1382 1721 1360 1718 1325 1609 1335 1423 1324 1421 1324 1420 1324 1396 1330 1375 1320 1374 1320 1373 1320 1371 1320 1345 1328 1232 1318 1231 1318 1171 1324 1133 1311 1131 1311 1130 1311 1089 1320 994 1307 992 1307 991 1307 945 1318 828 1303 827 1303 701 1310 663 1299 662 1299 562 1298 560 1298 559 1298 540 1306 492 1295 491 1295 444 1303 381 1295 380 1295 331 1299 331 1338"/></Shape>
            <String CONTENT="ge meiner Suͤnden zu foͤrchten hab. Ermahne euch derowegen gans"
                    HPOS="330"
                    VPOS="1295"
                    WIDTH="1391"
                    HEIGHT="94"
                    WC="0.9983453901987227"></String>
          </TextLine>
          <TextLine ID="eSc_line_d0fcee5a"
                    TAGREFS="LT33"
                    BASELINE="327 1385 1375 1418 1595 1418 1713 1409" 
                    HPOS="326"
                    VPOS="1345"
                    WIDTH="1387"
                    HEIGHT="100">
            <Shape><Polygon POINTS="327 1385 326 1403 520 1414 522 1414 523 1414 544 1406 569 1413 570 1413 572 1413 633 1407 666 1418 667 1418 669 1418 716 1413 853 1424 855 1424 1170 1424 1189 1432 1191 1432 1192 1432 1351 1432 1377 1439 1378 1439 1380 1439 1507 1435 1521 1443 1523 1443 1524 1443 1525 1443 1562 1438 1578 1445 1580 1445 1581 1445 1582 1445 1617 1436 1710 1436 1713 1409 1710 1381 1613 1386 1430 1382 1402 1371 1400 1371 1399 1371 1331 1377 1278 1367 1277 1367 1231 1375 1182 1364 1181 1364 1137 1373 1080 1361 1078 1361 994 1368 938 1357 937 1357 851 1364 694 1350 601 1348 599 1348 598 1348 563 1356 513 1345 327 1345 327 1385"/></Shape>
            <String CONTENT="treuhertzig mit Bitt, ihr wollet meinem Befehl fleibig nachkommen,"
                    HPOS="326"
                    VPOS="1345"
                    WIDTH="1387"
                    HEIGHT="100"
                    WC="0.9911717438336575"></String>
          </TextLine>
          <TextLine ID="eSc_line_616f387d"
                    TAGREFS="LT33"
                    BASELINE="327 1436 1356 1470 1614 1470 1713 1454" 
                    HPOS="326"
                    VPOS="1392"
                    WIDTH="1387"
                    HEIGHT="100">
            <Shape><Polygon POINTS="327 1436 326 1450 433 1461 434 1461 516 1456 545 1464 547 1464 548 1464 549 1464 583 1456 648 1464 649 1464 695 1460 798 1473 799 1473 881 1467 995 1478 996 1478 1051 1470 1087 1481 1088 1481 1089 1481 1178 1475 1330 1488 1331 1488 1391 1481 1471 1492 1473 1492 1712 1486 1713 1454 1707 1431 1588 1438 1560 1427 1559 1427 1557 1427 1556 1427 1520 1438 1471 1427 1470 1427 1194 1428 1170 1418 1169 1418 1167 1418 1166 1418 1146 1424 1081 1413 1080 1413 999 1423 913 1409 912 1409 799 1417 684 1406 683 1406 681 1406 660 1413 642 1402 641 1402 640 1402 638 1402 637 1402 613 1411 517 1410 448 1395 447 1395 445 1395 419 1402 394 1393 392 1393 391 1393 390 1393 373 1400 354 1392 352 1392 351 1392 327 1396 327 1436"/></Shape>
            <String CONTENT="und dieſe 20. Pallia gegen meiner Sunden wenige Schanckung den"
                    HPOS="326"
                    VPOS="1392"
                    WIDTH="1387"
                    HEIGHT="100"
                    WC="0.9977980880968033"></String>
          </TextLine>
          <TextLine ID="eSc_line_3d8afd15"
                    TAGREFS="LT33"
                    BASELINE="324 1492 1387 1520 1616 1520 1706 1509" 
                    HPOS="323"
                    VPOS="1452"
                    WIDTH="1383"
                    HEIGHT="91">
            <Shape><Polygon POINTS="324 1492 323 1503 399 1513 401 1514 691 1514 724 1524 726 1524 727 1524 728 1524 762 1514 777 1524 778 1524 780 1524 781 1524 901 1520 960 1529 962 1529 1064 1521 1092 1531 1094 1531 1095 1531 1149 1527 1299 1538 1301 1538 1424 1531 1585 1543 1587 1543 1705 1535 1706 1509 1702 1479 1599 1488 1510 1478 1509 1478 1474 1485 1356 1475 1355 1475 1206 1478 1182 1470 1181 1470 1180 1470 1070 1475 913 1464 912 1464 910 1464 895 1471 880 1460 878 1460 877 1460 876 1460 826 1466 778 1459 777 1459 776 1459 758 1466 698 1456 697 1456 695 1456 672 1466 645 1454 644 1454 642 1454 641 1454 615 1464 542 1452 324 1452 324 1492"/></Shape>
            <String CONTENT="groſſen Martyrer Chriſti Emmeramo mit Beyſatz aller derjenigen Kil"
                    HPOS="323"
                    VPOS="1452"
                    WIDTH="1383"
                    HEIGHT="91"
                    WC="0.9932546209205281"></String>
          </TextLine>
          <TextLine ID="eSc_line_a38f37d9"
                    TAGREFS="LT33"
                    BASELINE="327 1536 1377 1568 1612 1568 1707 1559" 
                    HPOS="326"
                    VPOS="1495"
                    WIDTH="1381"
                    HEIGHT="98">
            <Shape><Polygon POINTS="767 1504 766 1504 765 1504 763 1504 723 1516 692 1503 691 1503 690 1503 631 1513 619 1504 617 1504 616 1504 615 1504 581 1511 548 1499 547 1499 545 1499 502 1504 462 1496 460 1496 402 1502 327 1495 327 1536 326 1553 444 1553 477 1563 479 1563 480 1563 548 1559 562 1566 563 1566 565 1566 631 1559 662 1568 663 1568 665 1568 733 1563 760 1571 762 1571 763 1571 812 1563 881 1574 883 1574 977 1568 1012 1578 1013 1578 1014 1578 1073 1572 1170 1582 1171 1582 1173 1582 1199 1575 1359 1588 1360 1588 1407 1581 1424 1589 1425 1589 1559 1593 1560 1593 1706 1586 1707 1559 1706 1531 1605 1528 1603 1528 1602 1528 1570 1539 1512 1539 1459 1527 1457 1527 1312 1532 1199 1529 1180 1520 1178 1520 1177 1520 1176 1520 1155 1527 1051 1518 1049 1518 866 1520 783 1514 769 1504 767 1504"/></Shape>
            <String CONTENT="chen⸗Schaͤtz welche ich unrecht und unbeſonnen entfrembt, przlenu"
                    HPOS="326"
                    VPOS="1495"
                    WIDTH="1381"
                    HEIGHT="98"
                    WC="0.9745079453174884"></String>
          </TextLine>
          <TextLine ID="eSc_line_19227648"
                    TAGREFS="LT33"
                    BASELINE="323 1586 1430 1622 1599 1621 1714 1602" 
                    HPOS="322"
                    VPOS="1543"
                    WIDTH="1392"
                    HEIGHT="99">
            <Shape><Polygon POINTS="322 1596 394 1597 415 1609 416 1609 417 1609 460 1602 506 1611 508 1611 509 1611 530 1603 559 1613 560 1613 562 1613 620 1609 634 1618 635 1618 637 1618 638 1618 773 1610 821 1621 823 1622 1073 1622 1112 1632 1113 1632 1245 1636 1246 1636 1248 1636 1281 1628 1289 1635 1291 1635 1292 1635 1431 1642 1432 1642 1713 1636 1714 1602 1710 1579 1605 1577 1603 1577 1602 1577 1570 1591 1535 1591 1409 1572 1407 1572 1406 1572 1389 1579 1321 1570 1320 1570 1319 1570 1274 1581 1223 1570 1221 1570 1153 1578 1085 1575 1059 1563 1058 1563 1056 1563 1055 1563 1027 1571 996 1561 995 1561 994 1561 951 1570 917 1560 916 1560 915 1560 848 1566 815 1554 813 1554 812 1554 810 1554 778 1567 733 1553 731 1553 730 1553 728 1553 699 1564 635 1547 634 1547 633 1547 631 1547 610 1553 588 1546 587 1546 585 1546 584 1546 565 1556 526 1549 524 1549 523 1549 498 1559 477 1549 476 1549 474 1549 395 1553 324 1543 323 1586 322 1596"/></Shape>
            <String CONTENT="ren und einhaͤndigen. Den Kelch aber, ſo faſt koͤſtlich, ſetzt mit dreſen"
                    HPOS="322"
                    VPOS="1543"
                    WIDTH="1392"
                    HEIGHT="99"
                    WC="0.9794888055487855"></String>
          </TextLine>
          <TextLine ID="eSc_line_db9f2b50"
                    TAGREFS="LT33"
                    BASELINE="327 1639 888 1652 1373 1674 1609 1672 1709 1653" 
                    HPOS="326"
                    VPOS="1592"
                    WIDTH="1383"
                    HEIGHT="100">
            <Shape><Polygon POINTS="1281 1618 1280 1618 1278 1618 1255 1629 1217 1622 1216 1622 1155 1628 1028 1616 1027 1616 1026 1616 991 1624 960 1613 959 1613 958 1613 930 1617 865 1607 863 1607 780 1616 710 1602 709 1602 708 1602 674 1611 602 1599 601 1599 506 1609 495 1602 494 1602 492 1602 327 1592 327 1639 326 1649 372 1657 373 1657 545 1654 570 1666 572 1666 573 1666 574 1666 603 1656 738 1666 740 1666 865 1663 887 1672 888 1672 890 1672 930 1664 984 1677 985 1677 1039 1668 1109 1682 1110 1682 1245 1679 1264 1686 1266 1686 1487 1692 1488 1692 1707 1682 1709 1653 1705 1627 1663 1627 1662 1627 1660 1627 1625 1639 1334 1634 1282 1618 1281 1618"/></Shape>
            <String CONTENT="Worten auf den Altar: Michael der groſſe Suͤnder, ob er zwar on"
                    HPOS="326"
                    VPOS="1592"
                    WIDTH="1383"
                    HEIGHT="100"
                    WC="0.9922920692534674"></String>
          </TextLine>
          <TextLine ID="eSc_line_6a4eb626"
                    TAGREFS="LT33"
                    BASELINE="322 1692 858 1703 1299 1722 1585 1724 1687 1710" 
                    HPOS="320"
                    VPOS="1646"
                    WIDTH="1367"
                    HEIGHT="97">
            <Shape><Polygon POINTS="322 1692 320 1702 423 1715 473 1717 474 1717 476 1717 502 1707 533 1715 534 1715 535 1715 537 1715 554 1709 645 1717 647 1717 683 1711 741 1722 742 1722 841 1715 859 1727 860 1727 862 1727 863 1727 903 1718 928 1729 930 1729 931 1729 1096 1725 1123 1734 1124 1734 1126 1734 1127 1734 1145 1728 1167 1735 1169 1735 1170 1735 1171 1735 1196 1729 1509 1743 1510 1743 1685 1734 1687 1710 1682 1674 1568 1688 1344 1684 1328 1675 1327 1675 1326 1675 1277 1681 1249 1671 1248 1671 1246 1671 1096 1677 1074 1666 1073 1666 1071 1666 985 1667 958 1657 956 1657 955 1657 953 1657 913 1668 860 1654 859 1654 858 1654 792 1660 778 1653 777 1653 776 1653 703 1657 622 1649 620 1649 567 1657 552 1647 551 1647 549 1647 506 1646 505 1646 322 1649 322 1692"/></Shape>
            <String CONTENT="Biſchoͤffliche Wuͤrdigkeit (doch allzeit unwuͤrdig) getragen, als de"
                    HPOS="320"
                    VPOS="1646"
                    WIDTH="1367"
                    HEIGHT="97"
                    WC="0.981638516573345"></String>
          </TextLine>
          <TextLine ID="eSc_line_dab0dd9a"
                    TAGREFS="LT33"
                    BASELINE="320 1743 624 1747 1284 1771 1628 1775" 
                    HPOS="319"
                    VPOS="1696"
                    WIDTH="1309"
                    HEIGHT="100">
            <Shape><Polygon POINTS="319 1754 1580 1796 1581 1796 1627 1788 1628 1775 1628 1736 1335 1735 1162 1721 1160 1721 1159 1721 1142 1728 1114 1720 1113 1720 1112 1720 1024 1724 967 1714 966 1714 965 1714 946 1722 895 1722 795 1709 794 1709 698 1715 678 1706 677 1706 548 1702 547 1702 501 1710 322 1696 320 1743 319 1754"/></Shape>
            <String CONTENT="Diener, O ſeeliger Emmeram in Todts⸗Noͤthen dich fuͤr ſein"
                    HPOS="319"
                    VPOS="1696"
                    WIDTH="1309"
                    HEIGHT="100"
                    WC="0.9848159510513832"></String>
          </TextLine>
          <TextLine ID="eSc_line_82cd53ea"
                    TAGREFS="LT33"
                    BASELINE="317 1792 1342 1825 1574 1824 1702 1813" 
                    HPOS="316"
                    VPOS="1745"
                    WIDTH="1386"
                    HEIGHT="109">
            <Shape><Polygon POINTS="501 1746 410 1759 372 1745 370 1745 369 1745 317 1756 317 1792 316 1806 358 1815 359 1815 361 1815 383 1808 458 1810 501 1824 502 1824 504 1824 633 1820 647 1828 648 1828 649 1828 651 1829 695 1829 695 1828 740 1818 770 1827 772 1827 773 1827 774 1827 776 1827 787 1820 837 1828 838 1828 880 1822 920 1833 921 1833 923 1833 969 1825 992 1838 994 1838 995 1838 996 1838 1026 1829 1113 1840 1114 1840 1298 1840 1366 1849 1367 1849 1441 1839 1462 1852 1463 1852 1464 1852 1557 1854 1559 1854 1560 1854 1591 1846 1700 1846 1702 1813 1699 1781 1624 1779 1623 1779 1562 1792 1510 1784 1509 1784 1480 1789 1460 1781 1459 1781 1457 1781 1389 1786 1370 1778 1369 1778 1367 1778 1282 1784 1255 1774 1253 1774 1252 1774 1251 1774 1231 1782 1184 1782 1155 1768 1153 1768 1152 1768 1151 1768 1113 1778 1045 1768 1044 1768 987 1775 938 1760 937 1760 935 1760 806 1765 794 1757 792 1757 791 1757 790 1757 763 1763 744 1753 742 1753 695 1752 694 1752 692 1752 672 1759 626 1750 624 1750 576 1757 502 1746 501 1746"/></Shape>
            <String CONTENT="tron erwaͤhlt, ſchickt dir dieſes, bittend, du wolleſt ihn nit verlat"
                    HPOS="316"
                    VPOS="1745"
                    WIDTH="1386"
                    HEIGHT="109"
                    WC="0.9896021787671075"></String>
          </TextLine>
          <TextLine ID="eSc_line_35ed1c72"
                    TAGREFS="LT33"
                    BASELINE="317 1842 467 1845" 
                    HPOS="316"
                    VPOS="1795"
                    WIDTH="151"
                    HEIGHT="70">
            <Shape><Polygon POINTS="317 1842 316 1865 466 1865 467 1845 467 1802 434 1800 433 1800 431 1800 392 1813 317 1795 317 1842"/></Shape>
            <String CONTENT="ſen. (.,"
                    HPOS="316"
                    VPOS="1795"
                    WIDTH="151"
                    HEIGHT="70"
                    WC="0.9712681695818901"></String>
          </TextLine>
          <TextLine ID="eSc_line_baadd682"
                    TAGREFS="LT33"
                    BASELINE="1659 1918 1712 1918" 
                    HPOS="1659"
                    VPOS="1870"
                    WIDTH="53"
                    HEIGHT="75">
            <Shape><Polygon POINTS="1659 1918 1659 1945 1712 1945 1712 1918 1710 1870 1659 1874 1659 1918"/></Shape>
            <String CONTENT="Es"
                    HPOS="1659"
                    VPOS="1870"
                    WIDTH="53"
                    HEIGHT="75"
                    WC="0.9999445676803589"></String>
          </TextLine>
        </TextBlock>
        <TextBlock HPOS="1870"
                   VPOS="316"
                   WIDTH="61"
                   HEIGHT="38"
                   ID="eSc_textblock_c9830e6c"
                   TAGREFS="BT42">
          <Shape><Polygon POINTS="1870 316 1920 322 1931 342 1871 354 1870 316"/></Shape>
          <TextLine ID="eSc_line_c3258281"
                    TAGREFS="LT33"
                    BASELINE="1867 348 1916 351" 
                    HPOS="1866"
                    VPOS="285"
                    WIDTH="51"
                    HEIGHT="81">
            <Shape><Polygon POINTS="1867 348 1866 362 1913 366 1916 351 1917 294 1870 285 1867 348"/></Shape>
            <String CONTENT="ar"
                    HPOS="1866"
                    VPOS="285"
                    WIDTH="51"
                    HEIGHT="81"
                    WC="0.9999980330467224"></String>
          </TextLine>
        </TextBlock>
        <TextBlock HPOS="1860"
                   VPOS="372"
                   WIDTH="93"
                   HEIGHT="243"
                   ID="eSc_textblock_2b5bc5bc"
                   TAGREFS="BT42">
          <Shape><Polygon POINTS="1870 372 1920 383 1914 459 1953 466 1953 498 1936 499 1953 505 1953 615 1860 609 1870 372"/></Shape>
          <TextLine ID="eSc_line_35e2f327"
                    TAGREFS="LT33"
                    BASELINE="1861 395 1907 398" 
                    HPOS="1860"
                    VPOS="363"
                    WIDTH="47"
                    HEIGHT="56">
            <Shape><Polygon POINTS="1903 379 1889 376 1875 373 1875 366 1863 363 1861 395 1860 408 1905 419 1907 398 1907 380 1903 379"/></Shape>
            <String CONTENT="Id"
                    HPOS="1860"
                    VPOS="363"
                    WIDTH="47"
                    HEIGHT="56"
                    WC="0.9999668598175049"></String>
          </TextLine>
          <TextLine ID="eSc_line_e78b2434"
                    TAGREFS="LT33"
                    BASELINE="1863 495 1925 499" 
                    HPOS="1861"
                    VPOS="458"
                    WIDTH="64"
                    HEIGHT="64">
            <Shape><Polygon POINTS="1863 495 1861 508 1921 522 1925 499 1923 462 1903 466 1864 458 1863 495"/></Shape>
            <String CONTENT="tiret"
                    HPOS="1861"
                    VPOS="458"
                    WIDTH="64"
                    HEIGHT="64"
                    WC="0.9997721791267395"></String>
          </TextLine>
          <TextLine ID="eSc_line_1cfc01fc"
                    TAGREFS="LT33"
                    BASELINE="1860 549 1925 553" 
                    HPOS="1859"
                    VPOS="501"
                    WIDTH="68"
                    HEIGHT="62">
            <Shape><Polygon POINTS="1860 549 1859 559 1923 563 1925 553 1927 512 1861 501 1860 549"/></Shape>
            <String CONTENT="Als"
                    HPOS="1859"
                    VPOS="501"
                    WIDTH="68"
                    HEIGHT="62"
                    WC="0.999948779741923"></String>
          </TextLine>
          <TextLine ID="eSc_line_f29239b3"
                    TAGREFS="LT33"
                    BASELINE="1867 601 1921 605" 
                    HPOS="1866"
                    VPOS="551"
                    WIDTH="57"
                    HEIGHT="70">
            <Shape><Polygon POINTS="1867 601 1866 615 1918 621 1921 605 1923 558 1868 551 1867 601"/></Shape>
            <String CONTENT="MNit"
                    HPOS="1866"
                    VPOS="551"
                    WIDTH="57"
                    HEIGHT="70"
                    WC="0.8769877552986145"></String>
          </TextLine>
        </TextBlock>
        <TextBlock HPOS="1838"
                   VPOS="666"
                   WIDTH="115"
                   HEIGHT="1304"
                   ID="eSc_textblock_a9833f6d"
                   TAGREFS="BT42">
          <Shape><Polygon POINTS="1864 666 1953 677 1953 1198 1948 1175 1925 1177 1938 1260 1953 1205 1953 1448 1931 1432 1938 1488 1953 1466 1953 1586 1925 1593 1925 1659 1953 1660 1953 1814 1943 1771 1920 1777 1953 1877 1953 1953 1903 1970 1838 1958 1864 666"/></Shape>
          <TextLine ID="eSc_line_e52cba21"
                    TAGREFS="LT33"
                    BASELINE="1857 703 1946 708" 
                    HPOS="1856"
                    VPOS="660"
                    WIDTH="90"
                    HEIGHT="67">
            <Shape><Polygon POINTS="1941 676 1928 673 1914 671 1900 670 1886 669 1873 666 1873 662 1859 660 1857 703 1856 713 1943 727 1946 708 1946 676 1941 676"/></Shape>
            <String CONTENT="genor"
                    HPOS="1856"
                    VPOS="660"
                    WIDTH="90"
                    HEIGHT="67"
                    WC="0.9884328126907349"></String>
          </TextLine>
          <TextLine ID="eSc_line_a4caee06"
                    TAGREFS="LT33"
                    BASELINE="1867 751 1906 752" 
                    HPOS="1866"
                    VPOS="706"
                    WIDTH="40"
                    HEIGHT="65">
            <Shape><Polygon POINTS="1867 751 1866 759 1902 771 1906 752 1906 716 1867 706 1867 751"/></Shape>
            <String CONTENT="ri"
                    HPOS="1866"
                    VPOS="706"
                    WIDTH="40"
                    HEIGHT="65"
                    WC="0.9997681975364685"></String>
          </TextLine>
          <TextLine ID="eSc_line_174c2b94"
                    TAGREFS="LT33"
                    BASELINE="1859 801 1948 806" 
                    HPOS="1857"
                    VPOS="755"
                    WIDTH="91"
                    HEIGHT="72">
            <Shape><Polygon POINTS="1859 801 1857 812 1945 827 1948 806 1946 769 1898 770 1884 756 1884 755 1882 755 1881 755 1860 755 1859 801"/></Shape>
            <String CONTENT="Arno"
                    HPOS="1857"
                    VPOS="755"
                    WIDTH="91"
                    HEIGHT="72"
                    WC="0.9999938905239105"></String>
          </TextLine>
          <TextLine ID="eSc_line_e0234e47"
                    TAGREFS="LT33"
                    BASELINE="1898 859 1934 860" 
                    HPOS="1896"
                    VPOS="813"
                    WIDTH="38"
                    HEIGHT="67">
            <Shape><Polygon POINTS="1896 878 1931 880 1934 860 1934 824 1899 813 1898 859 1896 878"/></Shape>
            <String CONTENT="te"
                    HPOS="1896"
                    VPOS="813"
                    WIDTH="38"
                    HEIGHT="67"
                    WC="0.9996742308139801"></String>
          </TextLine>
          <TextLine ID="eSc_line_154434be"
                    TAGREFS="LT33"
                    BASELINE="1863 901 1910 905" 
                    HPOS="1861"
                    VPOS="853"
                    WIDTH="50"
                    HEIGHT="71">
            <Shape><Polygon POINTS="1861 909 1906 924 1910 905 1911 871 1867 853 1863 901 1861 909"/></Shape>
            <String CONTENT="Lo"
                    HPOS="1861"
                    VPOS="853"
                    WIDTH="50"
                    HEIGHT="71"
                    WC="0.9999308586120605"></String>
          </TextLine>
          <TextLine ID="eSc_line_892dcef2"
                    TAGREFS="LT33"
                    BASELINE="1861 952 1893 953" 
                    HPOS="1860"
                    VPOS="902"
                    WIDTH="33"
                    HEIGHT="65">
            <Shape><Polygon POINTS="1863 902 1861 952 1860 963 1891 967 1893 953 1893 910 1870 902 1863 902"/></Shape>
            <String CONTENT="re"
                    HPOS="1860"
                    VPOS="902"
                    WIDTH="33"
                    HEIGHT="65"
                    WC="0.999965250492096"></String>
          </TextLine>
          <TextLine ID="eSc_line_21f1aa90"
                    TAGREFS="LT33"
                    BASELINE="1867 1005 1898 1006" 
                    HPOS="1866"
                    VPOS="953"
                    WIDTH="33"
                    HEIGHT="64">
            <Shape><Polygon POINTS="1868 953 1867 1005 1866 1013 1895 1017 1898 1006 1899 960 1874 953 1868 953"/></Shape>
            <String CONTENT="er"
                    HPOS="1866"
                    VPOS="953"
                    WIDTH="33"
                    HEIGHT="64"
                    WC="0.947793036699295"></String>
          </TextLine>
          <TextLine ID="eSc_line_3a056886"
                    TAGREFS="LT33"
                    BASELINE="1860 1049 1896 1052" 
                    HPOS="1859"
                    VPOS="1005"
                    WIDTH="39"
                    HEIGHT="61">
            <Shape><Polygon POINTS="1877 1006 1875 1005 1863 1005 1860 1049 1859 1057 1893 1066 1896 1052 1898 1007 1880 1006 1877 1006"/></Shape>
            <String CONTENT="ve"
                    HPOS="1859"
                    VPOS="1005"
                    WIDTH="39"
                    HEIGHT="61"
                    WC="0.9997411966323853"></String>
          </TextLine>
          <TextLine ID="eSc_line_bdf88e49"
                    TAGREFS="LT33"
                    BASELINE="1859 1099 1895 1103" 
                    HPOS="1856"
                    VPOS="1055"
                    WIDTH="42"
                    HEIGHT="65">
            <Shape><Polygon POINTS="1859 1099 1856 1112 1891 1120 1895 1103 1898 1059 1863 1055 1859 1099"/></Shape>
            <String CONTENT="aͤr"
                    HPOS="1856"
                    VPOS="1055"
                    WIDTH="42"
                    HEIGHT="65"
                    WC="0.8100722829500834"></String>
          </TextLine>
          <TextLine ID="eSc_line_769008d8"
                    TAGREFS="LT33"
                    BASELINE="1863 1148 1913 1152" 
                    HPOS="1861"
                    VPOS="1107"
                    WIDTH="53"
                    HEIGHT="66">
            <Shape><Polygon POINTS="1863 1148 1861 1160 1909 1173 1913 1152 1914 1118 1864 1107 1863 1148"/></Shape>
            <String CONTENT="no"
                    HPOS="1861"
                    VPOS="1107"
                    WIDTH="53"
                    HEIGHT="66"
                    WC="0.9999937415122986"></String>
          </TextLine>
          <TextLine ID="eSc_line_916e0780"
                    TAGREFS="LT33"
                    BASELINE="1856 1205 1903 1205" 
                    HPOS="1856"
                    VPOS="1150"
                    WIDTH="47"
                    HEIGHT="71">
            <Shape><Polygon POINTS="1856 1205 1856 1213 1868 1221 1870 1221 1871 1221 1873 1221 1903 1216 1903 1205 1903 1162 1856 1150 1856 1205"/></Shape>
            <String CONTENT="ihr"
                    HPOS="1856"
                    VPOS="1150"
                    WIDTH="47"
                    HEIGHT="71"
                    WC="0.9999828338623047"></String>
          </TextLine>
          <TextLine ID="eSc_line_e36e5029"
                    TAGREFS="LT33"
                    BASELINE="1853 1302 1927 1307" 
                    HPOS="1853"
                    VPOS="1255"
                    WIDTH="74"
                    HEIGHT="73">
            <Shape><Polygon POINTS="1853 1302 1853 1323 1871 1318 1924 1328 1927 1307 1927 1275 1895 1274 1856 1255 1853 1302"/></Shape>
            <String CONTENT="dard"
                    HPOS="1853"
                    VPOS="1255"
                    WIDTH="74"
                    HEIGHT="73"
                    WC="0.999926820397377"></String>
          </TextLine>
          <TextLine ID="eSc_line_362534f4"
                    TAGREFS="LT33"
                    BASELINE="1855 1395 1899 1403" 
                    HPOS="1852"
                    VPOS="1360"
                    WIDTH="51"
                    HEIGHT="60">
            <Shape><Polygon POINTS="1855 1395 1852 1406 1893 1420 1899 1403 1903 1373 1860 1360 1855 1395"/></Shape>
            <String CONTENT="ger"
                    HPOS="1852"
                    VPOS="1360"
                    WIDTH="51"
                    HEIGHT="60"
                    WC="0.9535785714785258"></String>
          </TextLine>
          <TextLine ID="eSc_line_612551c7"
                    TAGREFS="LT33"
                    BASELINE="1856 1448 1911 1454" 
                    HPOS="1853"
                    VPOS="1409"
                    WIDTH="58"
                    HEIGHT="70">
            <Shape><Polygon POINTS="1856 1448 1853 1461 1906 1479 1911 1454 1911 1418 1893 1421 1860 1409 1856 1448"/></Shape>
            <String CONTENT="iac"
                    HPOS="1853"
                    VPOS="1409"
                    WIDTH="58"
                    HEIGHT="70"
                    WC="0.9999268054962158"></String>
          </TextLine>
          <TextLine ID="eSc_line_6603c4a2"
                    TAGREFS="LT33"
                    BASELINE="1857 1503 1911 1504" 
                    HPOS="1856"
                    VPOS="1453"
                    WIDTH="55"
                    HEIGHT="78">
            <Shape><Polygon POINTS="1856 1517 1909 1531 1911 1504 1911 1470 1859 1453 1857 1503 1856 1517"/></Shape>
            <String CONTENT="tra"
                    HPOS="1856"
                    VPOS="1453"
                    WIDTH="55"
                    HEIGHT="78"
                    WC="0.9994350671768188"></String>
          </TextLine>
          <TextLine ID="eSc_line_96052b0a"
                    TAGREFS="LT33"
                    BASELINE="1860 1550 1880 1553" 
                    HPOS="1857"
                    VPOS="1506"
                    WIDTH="27"
                    HEIGHT="58">
            <Shape><Polygon POINTS="1857 1564 1877 1564 1880 1553 1884 1516 1868 1506 1860 1550 1857 1564"/></Shape>
            <String CONTENT="n"
                    HPOS="1857"
                    VPOS="1506"
                    WIDTH="27"
                    HEIGHT="58"
                    WC="0.999970555305481"></String>
          </TextLine>
          <TextLine ID="eSc_line_99a9adb6"
                    TAGREFS="LT33"
                    BASELINE="1853 1596 1910 1603" 
                    HPOS="1850"
                    VPOS="1559"
                    WIDTH="60"
                    HEIGHT="63">
            <Shape><Polygon POINTS="1853 1596 1850 1607 1905 1622 1910 1603 1910 1571 1857 1559 1853 1596"/></Shape>
            <String CONTENT="and"
                    HPOS="1850"
                    VPOS="1559"
                    WIDTH="60"
                    HEIGHT="63"
                    WC="0.9998738567034403"></String>
          </TextLine>
          <TextLine ID="eSc_line_532425a4"
                    TAGREFS="LT33"
                    BASELINE="1849 1649 1910 1656" 
                    HPOS="1846"
                    VPOS="1609"
                    WIDTH="65"
                    HEIGHT="66">
            <Shape><Polygon POINTS="1849 1649 1846 1661 1906 1675 1910 1656 1911 1624 1853 1609 1849 1649"/></Shape>
            <String CONTENT="zun"
                    HPOS="1846"
                    VPOS="1609"
                    WIDTH="65"
                    HEIGHT="66"
                    WC="0.9983514944712321"></String>
          </TextLine>
          <TextLine ID="eSc_line_4c7f43b1"
                    TAGREFS="LT33"
                    BASELINE="1849 1747 1905 1754" 
                    HPOS="1846"
                    VPOS="1707"
                    WIDTH="60"
                    HEIGHT="71">
            <Shape><Polygon POINTS="1849 1747 1846 1771 1859 1767 1899 1778 1905 1754 1906 1718 1853 1707 1849 1747"/></Shape>
            <String CONTENT="und"
                    HPOS="1846"
                    VPOS="1707"
                    WIDTH="60"
                    HEIGHT="71"
                    WC="0.9981236656506857"></String>
          </TextLine>
          <TextLine ID="eSc_line_c0ab6d5b"
                    TAGREFS="LT33"
                    BASELINE="1843 1853 1921 1858" 
                    HPOS="1842"
                    VPOS="1800"
                    WIDTH="81"
                    HEIGHT="83">
            <Shape><Polygon POINTS="1843 1853 1842 1861 1916 1883 1921 1858 1923 1820 1846 1800 1843 1853"/></Shape>
            <String CONTENT="harr"
                    HPOS="1842"
                    VPOS="1800"
                    WIDTH="81"
                    HEIGHT="83"
                    WC="0.999983936548233"></String>
          </TextLine>
          <TextLine ID="eSc_line_950d0648"
                    TAGREFS="LT33"
                    BASELINE="1846 1900 1924 1910" 
                    HPOS="1843"
                    VPOS="1854"
                    WIDTH="84"
                    HEIGHT="77">
            <Shape><Polygon POINTS="1846 1900 1843 1914 1920 1931 1924 1910 1927 1877 1850 1854 1846 1900"/></Shape>
            <String CONTENT="iche,"
                    HPOS="1843"
                    VPOS="1854"
                    WIDTH="84"
                    HEIGHT="77"
                    WC="0.9994456052780152"></String>
          </TextLine>
          <TextLine ID="eSc_line_25f97f78"
                    TAGREFS="LT33"
                    BASELINE="1843 1953 1907 1960" 
                    HPOS="1835"
                    VPOS="1906"
                    WIDTH="74"
                    HEIGHT="119">
            <Shape><Polygon POINTS="1835 2017 1899 2025 1907 1960 1909 1920 1874 1920 1848 1906 1843 1953 1835 2017"/></Shape>
            <String CONTENT="n"
                    HPOS="1835"
                    VPOS="1906"
                    WIDTH="74"
                    HEIGHT="119"
                    WC="0.9992610812187195"></String>
          </TextLine>
        </TextBlock>
        <TextBlock HPOS="333"
                   VPOS="2032"
                   WIDTH="1392"
                   HEIGHT="143"
                   ID="eSc_textblock_ee547b8c"
                   TAGREFS="BT42">
          <Shape><Polygon POINTS="359 2032 988 2049 1703 2038 1725 2086 1681 2114 1559 2125 1071 2131 1037 2175 355 2169 333 2153 333 2065 359 2032"/></Shape>
          <TextLine ID="eSc_line_ef1eafd7"
                    TAGREFS="LT33"
                    BASELINE="344 2071 655 2070 1363 2100 1564 2097 1699 2079" 
                    HPOS="342"
                    VPOS="2032"
                    WIDTH="1357"
                    HEIGHT="92">
            <Shape><Polygon POINTS="1052 2047 1038 2047 1028 2047 988 2054 855 2045 844 2045 830 2045 828 2043 798 2050 778 2042 774 2042 766 2042 751 2049 631 2039 622 2039 608 2038 594 2038 580 2038 566 2036 552 2036 538 2036 524 2036 510 2035 497 2035 483 2035 469 2035 455 2033 416 2039 388 2032 386 2032 372 2032 365 2032 355 2035 344 2049 344 2071 342 2079 460 2093 462 2093 463 2093 488 2083 505 2090 506 2090 508 2090 540 2085 551 2093 552 2093 554 2093 555 2093 556 2093 591 2083 637 2083 656 2094 658 2094 659 2094 660 2094 695 2086 798 2096 799 2096 833 2092 842 2099 844 2099 845 2099 846 2099 895 2093 933 2103 934 2103 935 2103 995 2094 1045 2107 1046 2107 1048 2107 1126 2104 1145 2111 1146 2111 1148 2111 1149 2111 1173 2103 1214 2113 1549 2124 1550 2124 1616 2113 1696 2113 1699 2079 1696 2061 1592 2058 1591 2058 1589 2058 1550 2071 1538 2063 1537 2063 1535 2063 1534 2063 1532 2063 1513 2070 1299 2065 1241 2054 1239 2054 1201 2061 1052 2047 1052 2047"/></Shape>
            <String CONTENT="&amp;) In eiſſten Sreulo ledte Arnolaus Monachus. Von Cœrleſtin Abtens Regurungs Hahrrs,"
                    HPOS="342"
                    VPOS="2032"
                    WIDTH="1357"
                    HEIGHT="92"
                    WC="0.942111743702775"></String>
          </TextLine>
          <TextLine ID="eSc_line_81f07314"
                    TAGREFS="LT33"
                    BASELINE="381 2106 921 2117" 
                    HPOS="380"
                    VPOS="2078"
                    WIDTH="541"
                    HEIGHT="57">
            <Shape><Polygon POINTS="381 2106 380 2118 919 2135 921 2117 920 2089 719 2078 381 2078 381 2106"/></Shape>
            <String CONTENT="anſetzo ſeynd etlich so. Jahr verſoſfen."
                    HPOS="380"
                    VPOS="2078"
                    WIDTH="541"
                    HEIGHT="57"
                    WC="0.9691483147442341"></String>
          </TextLine>
          <TextLine ID="eSc_line_c21bde51"
                    TAGREFS="LT33"
                    BASELINE="340 2149 666 2147 1038 2157" 
                    HPOS="338"
                    VPOS="2110"
                    WIDTH="700"
                    HEIGHT="71">
            <Shape><Polygon POINTS="340 2149 338 2164 392 2174 394 2175 463 2175 463 2174 465 2174 498 2164 537 2175 538 2175 540 2175 606 2165 673 2176 674 2176 676 2176 715 2167 823 2179 824 2179 867 2171 1035 2181 1038 2157 1038 2128 874 2126 853 2117 852 2117 851 2117 717 2124 608 2113 545 2113 544 2113 542 2113 541 2113 533 2121 502 2111 501 2111 499 2111 401 2119 394 2111 392 2111 392 2110 391 2110 390 2110 340 2110 340 2149"/></Shape>
            <String CONTENT="O Arnold. bey Fasnage. rom. UI. Pꝛg. 117."
                    HPOS="338"
                    VPOS="2110"
                    WIDTH="700"
                    HEIGHT="71"
                    WC="0.9803164877542635"></String>
          </TextLine>
        </TextBlock>
        <TextBlock HPOS="1871"
                   VPOS="2121"
                   WIDTH="43"
                   HEIGHT="37"
                   ID="eSc_textblock_6b25290e"
                   TAGREFS="BT42">
          <Shape><Polygon POINTS="1875 2121 1909 2126 1914 2158 1871 2158 1875 2121"/></Shape>
        </TextBlock>
        <TextBlock HPOS="1949"
                   VPOS="416"
                   WIDTH="4"
                   HEIGHT="15"
                   ID="eSc_textblock_c0accadc"
                   TAGREFS="BT42">
          <Shape><Polygon POINTS="1953 416 1953 431 1949 431 1949 416 1953 416"/></Shape>
        </TextBlock>
        <TextBlock HPOS="1949"
                   VPOS="1621"
                   WIDTH="4"
                   HEIGHT="10"
                   ID="eSc_textblock_66f6f1b6"
                   TAGREFS="BT42">
          <Shape><Polygon POINTS="1953 1621 1953 1631 1949 1631 1949 1621 1953 1621"/></Shape>
        </TextBlock>
      </PrintSpace>
    </Page>
  </Layout>
</alto>
