1959 2500
63 281 24 45 e

50 312 50 72 biß

72 520 19 60 e

728 229 343 80 1 (0) 89;.

701 341 339 86 Incicentia.

269 459 1309 97 Nno 10ꝛo. hat die heilige Kayſerin Cunegund die Welt verlaſſen,

280 516 1302 89 und iſt durch ſeeligen Todt zu ihren Geſpons Chriſto ZEſu ge⸗

193 541 118 85 ahren

358 575 1224 80 Hat denen ihrigen verbotten ſie in ſtattlichen Kleideren zu

213 618 1366 87 graben, ſondern nur ſchlecht, und zu ihren Herrn Kayſer Heinrich.

197 668 1384 84 As man ſelbe zu Bamberg in das begehrte Grab legte, iſt ein Stimm

191 715 1391 107 chort worden: Da Frgini Frgo locun. Jungfran mach der Jung⸗

190 759 260 79 tauen Plan.

301 806 1282 103 Anno 1og2. oldieweilenS Emericuo in Ungarn ſeinem Gotter

197 866 1384 99 Au luecediren kunte, iſt Petrur Koͤnigs Frephani Schweſter Sohn dem

201 897 87 84 leich

307 926 1276 82 vorgeſtellet worden. Als er den Scepter bekommen, iſt er der

229 972 1352 84 erſte Tyrann, und verruchteſte Mann worden, alſo daß die Staͤnd

194 995 64 68 hne

280 1026 1301 86 nt mehr gedulten wolten, ſondern nach dem Lebden trachteten.

201 1054 90 73 etrus

308 1077 1271 84 wiche aus dem Land zu ſeinen Schwager Adalderto Marggra⸗

211 1105 27 56 r

251 1118 26 51 r

295 1129 1284 77 Oeſterreich. Dann er foͤrchtete Heinricum, weil er dem Uratislao

266 1173 1309 93 ohmen wider denſelben geholffen. Hats doch endlich gewagt,

259 1225 1053 86 nit erzeigter Submiſtion Gnad, und Hulff erworden.

297 1284 1278 93 Als die Ungarn, die immittels Ovonem, (der Koͤnigs Stephans

286 1341 1286 85 eſter hatte,) dem Reich vorgeſtellt haben, und dieſes vermerckt,

184 1352 73 73 eyn

186 1404 55 64 me

295 1388 1280 80 ie zu dem Kayſer kommen, Petrum als den groͤſten Tyrannen

286 1437 1288 85 ſterhafften Mann verklagt, und darbey Heinrico zu deliberiren

183 1456 85 71 zeder

200 1506 50 74 1o

318 1490 1253 85 ob er mit ihnen wolle Frid haben, oder in Defendirung Petri.

183 1554 74 66 trun

327 1538 1248 85 Der Kayſer antwortete: Er ſtelle es in ihr Wahl, ob ſie Pe-

284 1593 1290 83 sider wollten einſetzen, und Satisfaction geben, oder Krieg erfah⸗

182 1598 56 67 ren

180 1647 74 72 ſterr

295 1641 1279 89 Sle relolrirten ſich zum Krieg, und ohne Verzug fielens in Oe⸗

288 1691 1286 89 o, und thaͤten unſaͤglich Echaden. Luirpoldus Adalberti Sohn

182 1698 56 64 nit

183 1745 58 71 he

332 1744 1240 82 Soldaten, und 300. Land⸗Volck wagt einen Einfall, und

293 1779 73 72 us

186 1801 54 62 nd

230 1819 57 72 ri

364 1797 1204 83 3. Armeen des Feinds, eine. Wagte ſich kecklich an die

182 1843 33 63 ie

339 1844 1232 87 odſigte in gleichen, und erloͤſte vil Gefangene; die armirten

265 1888 1304 95 it dem Gewehr der todten Ungarn, und fielen ſammentlich die

193 1906 65 69 zut⸗

273 1930 59 60 an.

173 1945 63 67 ade

377 1943 1190 94 Der Feind empfieng wider Stoͤß, begab ſich in die Flucht⸗

269 1993 1298 105 nio entrunnen denen nachſetzenden Dayrn, oder verſoffen in dem

170 2000 269 126 ttd Naraba.

41 769 54 64 mit

33 977 53 59 ine

1496 250 87 66 21o

44 1645 49 63 des

25 1700 44 58 ral

814 2169 79 68 2.

1447 2166 114 72 Den
