1935 2499
366 238 95 64 290

450 491 1315 72 1Ottfridus von Bamberg gebohren, Kayſer Conrad des Dritten,

405 544 1350 72 V und Friderich des Erſten Caplan, Notarins und Cantzler, ei

493 596 1269 69 treflich hochgelehrt, und in vielen Sprachen erfahrner HHerr,

362 648 1392 71 als ſeine hinterlaſſene Schrifften und Hiſtorien anzeigen, iſt am 1s

365 699 1392 68 Zunii Anno 1185. zum Biſchoff erwaͤhlet worden; hat aber, wie dai

363 751 1387 70 Jahr kaum herum kommen, den 19. Februarn 1186. wieder religa

362 803 363 73 ret und aufgeben.

502 845 1251 74 Conradus der Anderte dieſes Nahmens, eines Adelichen Gran

359 901 1389 66 mens von Leychling, Domb⸗ HHerꝛ und Vitzdom des hieſigen Hod

363 948 1380 76 Stiffts, wird atsbald nach Cottfridi Reſignation an ſein ſtart erwaͤl

358 1002 1351 72 let, und eben in der Zeit, da Kayſer Friderich einen groſſen Rei

368 1053 1383 71 Tag allhie gehalten, und ein Zug in das gelobte Land reſolvirel

359 1105 1381 69 Am zten Tag hernach iſt er von Adalberto, Ertz⸗ Biſchoffen zu Gal

361 1157 1339 67 burg, in Gegenwart 12. Biſchoͤffen in St. Peters⸗Domb⸗Kirch

1712 1145 31 60 ⸗

361 1207 1360 66 lenniter conlecriret worden. Bekennet und erklaͤret, daß unſer e

361 1256 1378 72 ſter einem Biſchoff zu Regenſpurg weder viel noch wenig Geld od

361 1306 598 74 Dienſt zu praltiren habe. (s,

498 1357 1248 74 Anno 1180. in Feſto S. Heinrici wurd vom Kayſer Friderie⸗

358 1414 1345 63 dem Ottoni, Land⸗ Grafen von UVirlſpach und Schenren, als ei

358 1460 1392 71 rechten und naturichen Erden das Hergogthum Bayrn eingeraumes

361 1514 1300 65 welches er dann mit ſernen ritterlichen Thaten, und dem Kayſer

1671 1496 69 71 trel

362 1563 1306 68 geleiſten Dienſten, gar wohl verdienet. Dieſes Fuͤrſten und.

362 1613 1322 64 Lob ſeynd in dieſem kleinen Tractaͤtel nicht zu beſchreiben, weilen ſo

361 1666 1268 68 viel andere angenommen, und dannoch kein Genuͤgen gethan.

497 1714 1125 70 Der Kayſer macht auch dieſer Zeit als Anno 1182. aus

1700 1697 37 55 ut

352 1764 1288 69 marckt ein Hertzogthum, und verliehe ſeldes dem Ortackher. Desi

355 1817 1273 66 auch Tyrol, und gabs Graf Berchtolden von Ander, ſo allee

1648 1807 49 58 o

1708 1795 36 55 e

358 1870 1283 69 zu Bayrn gehoͤrte. Die Stadt Regenſpurg, die vorhero deren

1647 1853 50 71 &

361 1921 1325 71 gen und Hertzogen in Bayern HHaupt⸗ und Reſidentz⸗Stadt war,

356 1971 1290 89 langte von dem Kayſer den Titul einer Reichs⸗ Stadt, und

1691 1947 27 60 t

883 233 388 71 -18 (0) Foͤt-

905 365 342 87 Incidentia-.

1858 283 67 57 Oer

1858 329 70 55 ren

1864 380 64 58 eꝛki

1857 423 72 74 mat

1858 480 67 61 ſpou

1859 526 67 70 Lan

1864 578 59 64 ind

1861 627 62 71 den

1859 676 66 73 ich

1859 737 66 61 gen

1875 778 21 61 1

1868 828 55 66 Bo

1868 878 51 67 n?

1862 941 63 55 an

1868 1032 47 62 en

1880 1091 20 48 e

1873 1127 28 65 el

1866 1180 55 68 dor

1871 1234 37 71 d

1866 1325 52 78 der

1865 1377 57 73 her

1880 1486 27 70 1

1868 1545 57 68 ted

1869 1588 53 72 kor

1869 1693 45 56 20

394 2171 585 78 C) Vide Litterar Chunradi Lpilespi

1868 2070 35 65 .
