1918 2545
872 254 384 68 -1S (0) 22e-

359 265 92 64 191

347 309 1413 76 hat ſogar ein relpectivè Stand⸗Recht uͤber ſich muͤſſen ergehen laſſen⸗

349 369 1407 66 als ein Maleficant vor feindlichen partheyiſchen Richtern erſcheinen,

350 414 1408 73 fuͤr ein Gnad halten, daß ihme das Leben gelaſſen worden, doch hat

349 467 1399 70 er das Kayſerthum publice muͤſſen religniren, Cron, Scepter, un

350 518 1402 70 Kayſerlichen Habir von ſich legen, und ein buͤſſendes Kleyd anziehen

352 569 1401 71 Dieſes alles aber verurſachte ſudirha, Ludovici andere Gemahel, die

353 623 1393 69 nachdeme ihr Herꝛ ſeinen von erſter Ehe erwordenen dreyen Soͤhnt⸗

349 673 1395 70 Lorhario, Pipino, und Ludorico ſchon alle ſeine Reich und Laͤnde

350 725 1392 69 ausgetheilt, ihme einen Sohn Carolum ( den man nennte Calvum

350 777 1395 67 gebohren, und fuͤr ihne auch ein Land haben wollte, die z. Bruͤoe

349 827 1395 72 aber nichts cediren, dahero was der Vatter thate, und fuͤͤr den C

352 880 1379 65 rolum ordnete, ware denen dreyen Soͤhnen zuwider. Was die.

349 927 1397 72 Pius oder fromme Kayſer von ſeinen Kindern hat leyden muͤſſen⸗ wi

349 979 1362 72 gedultig und baͤtterlich er ſich gegen ihnen erzeigt, iſt nicht wohl

349 1033 1373 68 beſchreiben. Nach des H. Vatters Tod haben die Bruͤder Uneinigt

347 1084 1358 69 ten gehabt, zu denen Waffen gegriffen, und haͤtte bald einen gefe

347 1138 1365 66 lichen Krieg abgeben. Ludor vicus iſt wohl nicht vergebens Pius, o

350 1189 1348 67 fromm genennet worden; dann ſeine Frommkeit nicht allein ſeine

349 1238 1363 68 belliſche Kinder, die noch Anno ꝛ29. wider ihne die Waffen era

350 1290 1340 67 ten, erfahren, ſonder auch die jene, die ſelbe gegen ihrem HHerꝛn-

349 1338 1345 68 tern verhetzt, und aufgewicklet. Sein Reſidentz ware ordinari

347 1388 1341 71 hie. Er entſcheidete Anno 829. die Differenz zwiſchen Galtburd

353 1439 1378 78 Paſſau, wegen der Biſtuͤmer⸗Graͤnitzen: ſtarb ſeeliglich Anno 82

355 1500 691 60 im Saſten Jahr ſeines Alters. (i)

483 1545 1239 68 Carolus Calrus hatte einen Sohn, Nahmens Carolomanno

1661 1565 83 76 Nad

346 1597 1279 67 der kame in der Jugend in ein Cloſt er, und wurde Diaconus.

347 1645 1323 65 ſtaͤrckeren Jahren verließ er daſſelbe, gieng mit denen Prieſterii

1664 1685 48 66 2

347 1699 1317 68 Gotts⸗ Haͤuſern um als wie ein anderer ſulianus. Nachdeme er

346 1747 1332 72 ſeinen Herꝛn Vattern viel Unbild erwieſen, iſt er von demſelbei

346 1799 1308 74 fangen, beeder Augen beraubt, und incarceriret worden. Ball

347 1853 1298 72 auf hat er ſich aus der Gefaͤngnuß los gemacht, und die Flucht

349 1908 1279 68 nes Vatters Bruder Ludorvico allhero auf Regenſpurg geno.

350 1956 1311 74 der ſich ſeiner erbarmet, und zur Unterhaltung S. Vilibrordi-&

347 2004 713 77 n Epternach ihme uberlaſſen. 1)

1650 2020 82 73 An.

1698 2116 51 79 2

383 2147 839 51 7,) elehe com. IT. Germani⸗ Sacra HLaniz. pT. 12c.

1606 2147 55 72 v.

381 2166 1228 93 ( Lcd. es Amnriddos don 1. Trrrn doonuin an vncharun Onde.

418 2226 388 77 is lalicr Carolomanre.
