1938 2500
27 277 59 59 lein

36 379 51 55 der

698 236 38 52 -

758 227 67 73 22

880 229 223 72 0) PNa-

1511 238 93 71 209

201 268 1403 97 Jahr folgte in Verwaltung des Biſchoͤfuchen Amts, aus Dilpoſition

198 329 1405 83 Arnulphi, (e) Alpertus, Profels in unſerm Cloſter, behieit ſelbes

198 377 1405 92 nur vier Jahr, und legts wegen zeitlichen Tods wieder von ſich. Hat

198 430 1402 82 ſein Ruhe⸗Berh neben andern in unſerer Kirchen. Arnoldus Vion

200 479 697 77 ſetzt Alpertum unter die Heitigen.

312 531 1285 88 Anno 8, 2. regierte alhie die Peſtilentz, und namm viel Volck

197 559 160 97 puweg.

311 631 1290 84 Alperto folgte unſer ſeeliger Tutto: (7) was er fuͤr ein heili⸗

198 681 1399 88 zes Leben gefuͤhrt, und wie er das Biſtum, und die Emmeramiſche

198 736 1398 84 zodtey verwaltet, iſt im vorgehenden 16. Capitel beſchrieben wor⸗

195 766 78 71 den.

211 884 1386 88 cht, iſt oben im 7. Capitel bedeutet worden. (g) In dem 89ꝛſten

309 830 1285 89 Daß Papſt Formolus ſelbſt allhie geweſen, und was er der⸗

206 937 1388 81 Kͤhr hielte Arnolph einen Reichs⸗Tag allhie. Lieſſe ſeinen Tochter⸗

200 988 1393 87 ſann Engiſchalck, Marggrafen in Maͤhren, und Wilhelmen ſeinen

219 1043 1371 76 ettern (die Verraͤtherey heimlich practiciret) jenem die Augen aus⸗

197 1087 1392 86 techen, und Wilhelmen enthaupten. (h) Kayſer Arnolph beſtaͤttigt

197 1119 54 69 me

275 1143 1314 75 die geſchenckte Guͤtter im Quintingaw, oder Vilsrhal, und

230 1190 1359 83 ordlingen im Ries, ſo die edle Frau Winpurch unſerm Cloſter

216 1241 1371 86 Ahrt, entgegen hat man ihr ad dies viræ TVembdingen, daß un⸗

198 1269 47 69 err

266 1293 853 69 Cloſters ware, uberlaſſen, Anno 898. (

297 1344 1288 79 Welcher Geſtalten hinnach die Stadt TToͤrdlingen das Fuͤrſt⸗

195 1359 64 79 ch

270 1393 1308 82 Hochſtifft Aichſtaͤtt bekommen, dahin es alsdann gehoͤrig geweſen,

193 1436 1386 90 ade auf fieitiges Nachſchlagen nicht erfahren moͤgen. Gleichwohlen

257 1491 1323 84 el dey dem Sprengero in delineatione ſtatuum Imperii, und D.

216 1533 1364 98 trman Hermes in ſaſciculo ſuris Publ. gefunden daß dieſe Stadt

265 1591 1310 89 Hoch⸗gedachren Hoch⸗Stifft Aichſtaͤtt, durch Tauſch, und zwar,

186 1611 62 73 Ne

265 1645 1311 88 O ſonſten verſtehe, gegen Anlaſfung der Stadt Spalr, an die

894 1706 103 60 Dd

1393 1715 181 71 Biſchoͤff

255 1843 1319 98 une Aſpena dlnd verſchteden conndraltone⸗ eter Dentaucchuagen deren Gecterns. Eocne-

227 1884 56 56 rans

302 1905 1156 71 gelchehmn. Vide rom. L. P. Bernardi Per. Anecdot. var. 2. pag 281. &e.

272 1943 1296 86 Arnold. dy Denage tom. III. pag. 122. Delehe oden das XVL Caitu von Turtone.

205 1981 1360 89 O Siehe hirach das Dirlom⸗ Arnulohi Kapers. Item, das Diploma Ludoviei, Cohns⸗

227 2026 1340 85 s Kayſers Arnalrdi. Chronicon Marrini Minoritz, bey Eccard. rom. L. ſriptorum Medii

229 2045 62 52 rvi.

291 2063 1092 77 vag. 1610. Chroncon Andrer Prerbyteri. Irem Manlcripta noſtra.

261 2087 408 94 Luche dve Dirlonan hnnad

200 2119 276 89 Vids Diplon⸗,
