1935 2499
864 244 386 65 -62S CO) EiB-

348 245 104 59 278

1834 269 94 71 Bay

350 294 1397 79 nuſſen, und namm hinweg was er fand. () Iſt wohl nicht zu glar

1834 323 91 65 gehrt

355 351 1392 72 ben, daß ſein Inſtruction ſo weit gelautet hat Setzte hernoch der

1836 369 62 71 das

361 404 1382 69 Praͤlaten ab, verjagt alle Moͤnch, und gieng ſehr uͤbel her. Herto

1836 416 75 67 beed

354 455 1342 67 Hainrich bekrieget deßwegen den Biſchoff, gewann ihm ſein Ge

1840 470 81 65 Hert

351 503 1388 73 und Veſtung Stauff an der Donau ab, zoge darnach zu dem Kai

1843 528 66 63 er.

352 556 1339 74 ſer ſeinen Schwager in Sachſen. Der Biſchoff legte ſich immi

355 606 1386 74 fur Srauff, und wollts mit HHunger zwingen. Er wurde aber do

1841 617 57 81 u

351 656 1389 78 dem Hertzog verjagt, und nach genugſamer Proviantirung des Schlol

1847 687 56 58 ey

1715 698 29 65 e

352 710 1349 68 marſchiret er in Ober⸗ Bayrn, in die Gegend Huͤnchen an die.

1848 733 77 72 ſtine

351 759 1343 68 mit wenig Volck. Graf Otto von VVolffrarshauſen erſahe den C

350 810 1391 74 theil, wollt den Hertzog angreiffen, den er bey dem Pferd kennett

1840 846 83 75 burg

354 863 1389 67 es ſaß aber ein Reutter auf des Hertzogs, und dieſer auf des Reuttet

1847 899 74 65 tenb

1661 906 42 61 6

358 909 1276 73 Pferd, mit Veraͤnderung der Kleyder, und gaben die Flucht.

1843 962 85 57 Euſti

352 966 1342 65 Otto eylete ihm nach, und in Mennung er haͤtte den Hertzog, er

1841 998 81 71 dvder

351 1017 1332 70 den Reutter an der Stelle. Der Hertzog entrann, verſahe ſich

1850 1052 62 64 en

355 1062 1339 75 mehr Volck, verbrennt die Grafſchafft TVolffrarshauſen, gen

355 1113 1366 75 das Schloß Horneras in dem Gebuͤrg, brennts aus, und es haͤrte:

352 1166 1363 72 da noch ein Echlacht abgeben, wann der Hertzog nicht der heilit

358 1214 1339 74 Faſten⸗Zeit verſchonet haͤtte; kam alſo mit ſeinem Bruder velt

359 1270 1339 68 ne IIL. wider gen Regenſpurg, und ſchaffet die Beſatzung in Sr-

354 1324 76 64 ab.

1844 1343 75 75 ſtar

488 1360 1251 79 Nach Oſtern gieng der Krieg wieder an; der Hertzog belaͤger

1850 1403 68 65 Con

355 1420 1316 76 Graf Orren; der hieſige Biſchof vHainrich wollte ſeinem Vatter

1848 1448 60 66 in,

354 1473 1268 69 ſen; nehet an ſich die Bayriſche Grafen wider den HHertzog,

1680 1499 60 67 ze⸗

1848 1504 67 68 war

354 1524 1290 67 chen Leopoldum aus Deſterreich; Graf Friderichen von Bonn;

1855 1556 60 66 un

352 1574 1245 65 Albrechten von WDuͤrtenberg, und Land⸗Graf Orren von

1847 1596 75 75 dieit

356 1622 1315 67 wach, Grafen von Scheuren. Dieſe thaͤten ſich zuſammen, w

1848 1652 64 63 wol

358 1675 1335 70 Wolffratshauſen entſetzen, und den HHertzog aus Bayrn verjagen

1846 1700 73 71 auf

352 1728 1289 61 war an deme, daß man ſchlagen ſollt. Erſt⸗gedachter Gra

1686 1753 39 55 ut

1851 1746 61 79 dre

354 1777 1299 63 von VDirtelſpach aber, als mit dem Hertzog Geſchwiſtert⸗ Kind

355 1827 1317 70 Ottonis von UVolfrarshauſen Ayden, thaͤtigte in der Sach, ritt

359 1882 1284 65 und wieder, zeiget ſeinen Vettern Graf Friderichen von Bogr

355 1932 1302 68 dem Ottoni die Macht des Hertzogs an, gegen der ſie weit untet

359 1981 1299 75 muͤßten, uberredt Friderichen von Bogn, daß er mit ihme,

1851 1162 57 66 Ran

1850 1252 36 71 n

383 2194 1053 64 ſ) Munuleriyta & Hlundiur Metrorol. Eliodure Purte L vꝛg. ꝛ9r.

1621 2015 40 67 2
