1978 2545
357 220 56 64 16

856 214 401 67 2 12 (O) Leg.

349 271 1413 71 weſen ſeye, meldet Arnoldns nichts. Das Eloſter S. Emmerami ware damab-

349 318 1413 67 lens noch auſſer der Stadt, Lco III. Roͤmiſcher Pabſt, welcher diſe von CARO-

350 360 1412 69 LO Magno beſchehene Befreyung des Cloſters S. Emmerami beſtaͤttiget, und

356 404 1394 69 ſolches Cloſter in den Paͤbſtlichen Schutz genommen, meldet in ſeiner Bulla (p

348 451 1410 63 daß der Regenſpurgiſch⸗Biſchoͤfuiche Sit in die Stadt, nach der Kirchen S. Srepba-

349 492 1409 66 ni hinein uͤberſetzet ſeye worden. Dieſe Bulla iſt mit mehrern andern, dann anch

345 534 1415 66 verſchiedenen Kaͤniglich⸗ und Kayſerlichen Diplomatibus dem Cloſter entzogen

345 585 1413 61 worden, wie Henriens Biſchoſf zu Regenſpurg ſolches auf ſeinem Todt⸗Beth mit

346 620 1289 67 groſſer Reue offentlich bekennet. (9) Von welchem hernach etwas mehrers.

465 665 1292 61 Es hat Abot Cœleſtinus in dem vorgehenden fibenden Capitel gemeldet,

343 704 1415 69 das Appollonius Anno 697. als Abbt eingeſetet worden, auf welchen noch an⸗

343 752 1415 60 dere Aebbte unter denen ordentlichen erſten Biſchoͤffen biß auf Bathurieum Bi⸗

345 798 1415 60 ſchoffen gefolget. Allein von der Zeit des Erſten Abbtens Appollonii, wird an

345 839 1415 64 lemen Orth umſtaͤndlich gehandlet werden. Unſer Arnoldus, wie wir gehoͤrr,

342 879 1418 71 ſchreibet, daß wegen denen Biſchoͤffen keine Aebbte zu St. Emmeram geweſen; ja

338 927 1420 64 er nennet den Erſten Abbten den ſeeligen Ranvoldum, ſo zu Ende des ro Seculi

340 972 1415 67 aelebt, ans welcher Erzehlung die Hiſtorie von unſeren Erſten Abbten Appollo-

338 1022 1420 56 nio, gleichſam zweiſelhafſtig anſcheinet. Es kan aber Arnoldus nit anderſt ver⸗

338 1061 1417 64 ſtanden werden, als, 1. daß die Biſchoͤnf keinen Abbten zugelaſſen, welcher den

333 1105 1422 64 vollkommenen Gewalt diſes Amts verrichtete, wohl aber ſeynd einige nnter denen

338 1149 1413 65 Moͤnchen geſetzte Aebbte geweſen, welche den Biſchoffen als den Erſten und Rech⸗

335 1194 1422 62 ten Abbten erkennen muſten. Man ſindet nicht nur in denen alten Catologis de⸗

338 1238 1419 59 ren Abdten zu S. Emmeram die Naͤhmen deren Abbten unter denen Erſteren

338 1286 1413 54 Biſchoͤffen. Condern dieſe meine gegebene Erlaͤuterung bekraͤtfftigen die Libri Tra-

336 1324 1419 61 Aitionum unſers Eloſters, welche meiſtentheils R. P. Bernardus Pez in Druck

336 1370 1414 65 heransgegeben, (r) alwo Ricbpaldu, welcher ſein Erbtheil den heiligen Emme-

332 1418 1421 67 ramo geſchencket, in dieſer ſeiner Tradition ein Abbt, (RiCHPALDUS

332 1471 1422 63 ABBAS) benahmſer wird. (s) Richpaldus ware Abbt unter Adalwino, den

332 1521 1023 56 dritten oder vierten Regenſpurgeriſch⸗ ordentlichen Biſchoffen.

454 1555 1289 65 SIGEFRLDUS ( unter Barhurico vierten Biſchoffen zu Regenſpurg,,

335 1596 1416 68 Albbt zu S. Emmeram, uͤdergibet dieſem Heiligen, das Erdrheil ſo er haite nebſt

333 1640 1420 65 cHeiſenveld, nemlichen Lautterbach ꝛc. ſambt aller Angehsr. Seins Tradi-

335 1688 1412 65 tion lautet alſo: (1 Ego indignus Serrus Servorum Dei, ABBAS SGE-

335 1732 1413 57 FRLOUS.. traco ad S. Hemmeramum, ubi Venerabilis vir Ba-

338 1771 1410 75 TURICUS ABBAS & Erilcopus prelens Rector elle videtur. Aus wel⸗

1669 1829 85 69 chen

425 1985 180 52 Cic. BuI1.

435 2023 793 51 Vide licteras Hartwici Epiſcopl Rarisbonenk intrs.

374 2064 622 54 (r) Thelaur. Anecdor. tom. I. parre III.

414 2096 822 55 P. Per. tom. L. cir. parte. IIT. pag. 212. c2p. LXX.

359 2133 571 75 LO P. Per- rom. I. vert. III. Pꝛe.2.
