2047 2486
19 325 110 61 eiligert

34 374 91 62 iren.

40 429 85 58 wor⸗

29 470 95 68 d bieß

48 523 77 65 aber

53 573 64 59 An

60 624 57 56 det

74 668 46 65 rel

56 720 53 61 der

52 773 65 63 dent

53 820 65 63 und

704 274 30 50 n

779 259 319 82 8 (6) EM-

1534 266 66 65 zo.

283 316 1326 80 ſat wohl, aber nur 6. Fahr, 2. Monarh, und z. Taͤg regierer.

234 363 506 77 Iſt geſtorden Aano 1271.

232 432 82 85 ec.

349 419 1264 71 Auf welchen gleich gefolgt der Aaſte Abbt ſoannes II. Fegern⸗

346 473 1270 65 Deme iſt vorgeſagt worden er werde 22. Jahr regieren, iſt ge⸗

237 516 1380 75 chehen. Dann nach 22. Jahren den 2. October, an welchem Tag

281 571 1340 67 rwaͤhlet worden, hat er auch ſein Leben geendet Anno 1a92. Die⸗

243 618 1373 71 er Abbt hielte garſtreng auf die GOttes⸗Dienſt, und zierete die Kir⸗

243 667 1371 71 ꝛen nach Vermoͤgen. Maſſen er dann 1. den Hoch⸗ Altar, ſo B,

261 714 76 52 utte

241 769 1375 72 enoviret, bey welchem Altar ſich befunden an purem Gold 8. Marck,

375 722 1246 66 wie oben Cap. 7. gemeldet worden) machen laſſen, gar ſchoͤn

243 817 1377 73 teer und ein hald Loth. Von Silber aber a2. Marck. (0) 2dd. Lies

287 870 1333 71 aachen S. Penedidti ſilberne Bilonuß. zrioͤ. Ein groſſe anſehnliche

265 921 1353 70 cgel, die Anno 1632. in der Belaͤgerung durch ein Canon⸗Schub

251 970 1370 67 Gderbet worden, und in der letzten Brunſt, neben noch einer ande⸗

240 998 62 76 en

320 1022 1300 64 neuer und Kunſt⸗reicher ( die man ikaum 12. Jahr gebraucht)

234 1039 47 64 n

295 1068 1327 67 Rauch aufgangen. atc. Ließ er ein ſehr groſſe Glocken von 107.

250 1115 1371 69 entner, s. Pfund machen, Meiſter Conrad Has hat ſelde gegoſſen,

292 1167 1330 70 ſder auch in der Brunſt verſchmoltzen. (d) Abbt Johann hat die

261 1215 1360 72 Saſſer⸗Stuben zu Wintzer gebaut, des Cloſters ſura und Herkom⸗

240 1266 1382 72 aen ihme laſſen angelegen ſeyn, eyfferig delendiret, und niemand ge⸗

243 1314 1379 79 Rehen; namme zu einem Vogt und Schutz⸗HHerin an, Graf Nelas

871 1368 122 71 2: 2

1533 1368 89 75 von

38 1305 60 48 ber,

55 1533 45 62 a

267 1537 1201 70 O Dieſer Atar hat muͤſſen in echwediſchen Krieg zur Drand⸗Eteurr hergeben werden.

283 1585 1338 62 O Unſer P Chriſtophorus Hockmann in Caralogo Epiſcoporum Ratisbonenc. & Abbarurs

298 1626 1323 60 ꝛd S. Emmeramum, da er von ſoanne Adtmn verſchuedenes erzehlet, ſchreder, das die Herren

296 1662 1322 58 Argenſpurger Anno 1208. ein ſehr groſſe Siocken geſſen laſſen, welche ſie nichi wertr von Kartk-

299 1700 1317 58 Haus aufhangen laſſen, um, zu Zeiten emnes Aufnands, oder dergleichen umttanden durch Lau⸗

306 1727 25 43 n

343 1740 1274 52 g ſolcher Glocken) das Volik zuſammen zu deruffen Dreſe Glocken haben ſte herrach unter

301 1773 1316 54 Conrado Abdten Anno 1160. dem Cloſter S. Emmerami verehret, mit durſem Anhang, dat

298 1796 34 47 N

350 1810 1268 47 Ereytaa vor Len etrtag⸗Eſſen ein Zeichen darmit gegeben ſolle werden, um das Voler des

299 1845 1318 55 oitteren Leyden und Eterbens JEſa Chrſti zu erinneren. Arbr Micbael danrte mit groſſen Un⸗

299 1879 1321 61 toſten von Holtz eine Behaltnnß, m welcher ſolche Glocken toͤnnte bewahret werden. Alein da

298 1915 1319 65 dir Regrnſourger ihrr erart, und das Schioß Skauff dem Hertzog Albrecht in Dayrn uͤberge⸗

296 1955 1321 60 den, haden ſte hme auch Neſe Glocken geſchencket, welche Anno 1187. von dem Closer hinweg,

299 1995 1318 64 uind auf dem ⸗aſter bis Platling, von dannen auf der Iſerzmuttels deren PPlerdennach Maͤnchen

299 2037 1318 59 dderdracht worden Es n aber dieſe groiſe Giocken noch dteſes Jahr an hergen derhnachts-

303 2071 1311 68 Lag zerdrochen. Hertzog Albrecht tatdemAbdren Johannes, ſo den Echwencel zuvor dar-

298 2114 1316 81 Enaden taſent CMuſet hat ). Conten gevsgrnl) dn Mvenuh ver venn (d churrncn) d.

298 2135 77 87 n

38 1872 65 50 Anno

48 1905 47 58 wo
