1918 2545
875 243 390 70 -28 (O) EML-

360 248 89 60 192

357 291 1415 73 denen Fruͤchten ſchaͤdlich. Der warme Herbſt verurſachte ein groſſe

360 343 1416 82 Peſtilentz. Obgedachter LEO iſt vor, und nach obgedachter Croͤnuns⸗

359 395 1411 75 allhie zu Regenſpurg etlich Taͤg geweſen. Solle Unſer Lieben Franei

357 449 1418 72 Capellen in den Weinbergen an der Donau, gegen der Stadr uͤber⸗

359 499 1410 76 in eigener Perſohn geweyhet haben. (g) Anno z0z. reiſete der Kab⸗

355 551 1415 76 ſer von Ach alihero; bemaͤchtiget ſich hernach der HHunen⸗ Land bis a

357 603 1412 74 den vornehmen Fluß Sau. Drdnet unter Weegs viel Gutes. Liet

357 651 1406 70 aber zu beſſerer Sicherheit das Kriegs⸗ Volck der Enden. Er ha

359 705 1400 72 Regenſpurg durch ſein Weißheit viel erhoͤchet, die Land⸗Geſaͤtz et

356 755 1389 74 neueret und gemehret. Unter ihme hat dieſe Stadt ihre alte Lateiniſ⸗h

363 805 1399 75 Naͤhmen Augulta Tiderii, Regina Erc. ſchier gar verlohren, und.

359 856 1403 75 insgemein Ratisbona, oder Reginasburg. Pipino ſeinen Sohn ver

359 909 1404 76 ſchueff er Anno 806. im Teſtament, ſo er zu Dietenhofen gemachl

357 958 1399 74 neden dem Weiſchen und Bayriſchen Reich, auch die Stadt Regel⸗

360 1008 1399 70 ſpurg. Er hat aber des Vattern Tod nicht erlebt, ſondern ſturbe⸗

359 1061 1401 80 Jahr vorhero, als Anno 810. und dus naͤchſte Jahr darauf Caroln-

360 1116 268 71 ſein Bruder.

497 1162 1256 76 Anno 809. wurde ein Synodus zu Saltzburg gehalten, ſub An

360 1217 1392 71 none Archi-Epilcopo. Darbey erſchienen Arro von Frevſing, Ad⸗

364 1269 1368 54 vvinus Ratisb. Emericus Sabionenlis, und Hatto Paravienſis. (h)

500 1313 1222 69 Wie heilig Kayſer Carl gelebt, wie nutzlich regieret, wie er

364 1364 1367 69 Reich vermehrt, was Gutes verordnet, und Boͤſes abgeſtellet, n

360 1412 1396 73 viel andere, als Eginardus, Caroli Magni Cancellarius, Aimonius

360 1467 1403 69 Andelmus, Annales Fuldenles, Rhegino. Hermannus Conrractos,

1687 1504 66 61 Re

362 1519 1328 63 Abbas Urſpergenſis, Sigeberrus, Orto Friling. und viele andere

363 1573 1296 64 centiores beſchrieben, beliebe dem Leſer einige derſelben zu

1657 1617 41 61 ,

367 1620 1286 69 Ich kunte dieſes Lob⸗ wuͤrdige Leben auch bekraͤfftigen mit einem

367 1668 1371 72 ſer Bidliorheca alten, faſt unleslichen Buch, wann ich die Kuͤrtze mi

1715 1695 48 62 eitt

364 1722 1314 69 ſuchte. Ludorvicnm Pium ſeinen Sohn machte er Anno 81;

370 1773 1330 69 Jahr, vor ſemnem Tod zum Roͤmiſchen Koͤnig. Gewis iſt, daß e,

1678 1802 54 75 eſi

360 1825 1251 75 ter ſeinem Gewalt gebracht hat Francken, Tuͤringen, und

1671 1853 85 71 and

401 2027 1359 71 () Atbr Cœlendirur aun Aaelereuter. euche wes vor den verſcudenen verbrngmif tu

439 2072 1213 60 Pabſt da er anno 799. i Teurſchland geneſen, verrichter ſolle haden, bey Eccurdo com

431 2101 1303 74 ciz Orientalis. Pag 1N2. in leſen iſi welcher dieſen vulen erzchtungrn ans Lurn unacha

429 2146 295 49 nen Glauden gieber.

397 2178 1287 72 () Auno dor. iſß dlrſer Srnodur grhalten nondm. Eute Henba. rom. U. Cernan

427 2228 155 62 Pas. 119.
