1991 2551
747 249 38 69 -

831 249 26 68 5

961 250 149 73 ) Eb

225 299 1422 97 ellein ein Lehr von denenſelben habe, wie man leben, ſonder auch,

1589 272 63 62 87

226 352 1423 93 wie man ſich zum ſterden richten, und zu GOtt ſchaiden ſolle, dann

224 403 1422 94 auch Chriſtus ſich nicht geſchaͤmt ein ſolches End zu nemmen, indem

225 453 1421 95 er nackend und bloß an dem hochen Creutz geſtorden, damit ihne je⸗

225 497 1422 103 dermann ſehen kunte. Hierauf beichtete er ſeine wenige Faͤhler, leſſe

225 551 1421 100 ſich mit dem heiligen Sacrament verſehen, und nachdem er denen

228 599 1415 102 Anweſenden zur letzt viel heylſame Lehren gegeben, unter andern be⸗

226 647 1411 105 fohlen, den ankommenden guten Gaͤſten Zimmer zuzuruͤſten, entſchlteff

226 707 1411 99 er ſeeliglich in dem HErꝛn den;1. Weinmonath im Jahr Chriſti 992.

347 761 1297 90 Des andern Tags kommen durch Goͤttliche Verordnungen

229 804 1413 93 . Hardwich, Ertz⸗ Biſchoff zu Galtzburg, mit Arrabone, Land⸗

226 854 1416 98 Hofmeiſter derſelben Orth gedohrne Grafen von Andechs und Ho⸗

225 907 1417 102 chenwarth, als ſie den heiligen Mann abgeleibt gefunden, haben ſie

226 955 1411 103 Anſtalt gemacht, daß der edle Coͤrper den 7. Tag nacher Regenſpurg

226 999 29 56 r

286 1010 1353 101 Begleitung gedachtes Hartwici und Arrabonis gebracht: daſelbſt er

221 1055 1412 102 Herilich empfangen, in St. Peters⸗Kirchen mit Begleitung einer groſ⸗

221 1108 1412 98 ſen Menge Volcks zur Beſingnuß getragen, und hernach in S. Emme-

222 1155 68 58 ran

327 1163 1309 91 Kirch, welchen er in Lebzeiten ſonderbar ehrte, unter andern Rt⸗

222 1203 1411 112 choͤffen auf der rechten Seythen der Kirchen gegen Mittag? als in

222 1251 46 64 e

309 1262 1321 104 ahl der Zwoͤlffte ſtattlich zur Erden beſtattet worden, allwo der

222 1306 1407 111 leichnam;8. Jahr geruhet, und mit vielen Zeichen geleuchtet. Gein

218 1354 1408 111 Andacht und Weis im Betten iſt nicht zu beſchreiben, dann in demſel⸗

214 1407 1412 103 den er auch viel Naͤcht, oder guten Theil derſelden zugebracht. Nie⸗

219 1455 1406 106 nand war gegen den Armen und Bedurftigen freygebiger. Das er⸗

211 1495 1411 122 kahrten 1. die Betrler, die viel Speiſen von ſeiner Taffel empfangen.

225 1557 16 51 ,

266 1558 1349 114 Die Haus⸗Armen, denen er in dero Noͤthen richtig beyſprange,

218 1601 1072 106 och in ſolcher Geheim, daß wenig darvon wußten.

212 1655 1413 120 Jahren, was er von verhandenen Getrayd nicht denen Unvermoͤgenden

1317 1651 308 73 3. In theuren

212 1709 1410 117 (chenckre, bieſſe er andern in ſchlechten und geriaen pretio verkauf⸗

214 1747 66 67 fen.

327 1761 1296 115 Aus denen Beſeſſenen vertriebe er die boͤſen Geiſter. Die Un⸗

209 1797 152 68 ſinniger

382 1818 1230 106 brachr er zu recht. Erweckte die Todte. In Summa, ſo

216 1850 1403 132 hiel Wunderthaten geſchahen von ihme daß mein Feder nicht beſchrei⸗

211 1893 174 88 ven kan.

402 1918 1211 112 Unter andern iſt wohl denckwuͤrdig, daßz er eineſt HHertog

1486 2019 133 81 Dein⸗

276 2115 77 54 Ne aj

399 2124 1213 93 rnott s. Noltgorgi n nechnn deſmu Drts u ſien, gach ver Eigang as E.

275 2161 1340 100 serami oder S. Grorgi Caredin. auwo nedſt den S. Nolſgang Altar, du Duonuß S. woll-

273 2191 809 100 densi Hornd. mut unem uſrmnen Gunter tedrakt, mn Ehen-
