1935 2499
895 227 410 70 1à3 (O) Lag-

401 227 92 58 312

394 273 1397 81 pag. 32. &c. drncken laſſen. P. Chriſtophorus Holkmann ſchreibet alſo. Ann⸗

390 319 1392 82 MCCCLIV. (nachdem Carolus die Kayſerliche Eron erlanget,) habe er da.

391 367 1388 80 Schloß Stauff an der Donau, unweit Regenſpurg erkauffet Er ware ol

393 415 1383 76 an dieſen Orth, dahero ihne die Herren von Regenſpurg oͤffters eingeladen, ni

388 459 1384 79 endlich von Carolo die gnaͤdigiſte Zuſag bekommen, daß er an einen, ihnen beſtim

388 506 1392 71 ten Tag zur Mahlzeit kommen wollte. Carolus der Kanſer kame in die Sradt,

386 547 1390 77 aber vor der ihnen beſtimmten Zeit. Er namme mit ſich ein Maͤnge Soldaten, Witen

388 590 1384 76 die Stadt auf ſolche Art leicht zu bemeiſteren. Die Herren Regenſpurger wußtt

384 633 1382 76 dieſen Anſchlag, ſir botten alſogleich denen Innwohnern auf, in Waffen zu erſche

387 683 1352 69 nen, welche ſich in denen Haͤnſern an den Platz, und um das Rath⸗Hans verſar

384 720 1374 72 leten. Indeſſen wurden in allen Gaͤſſen die Ketten vorgezogen, damit die Kayſer

380 762 1384 76 che Rentter nicht uͤderall durch koͤnnten. Der oberſte Burgermeiſter (Sradt⸗Ea

377 810 1385 77 merer) der Gatenbofer genaunt, ſtelte ſich mir den groͤßten Theil deren dewat

380 857 1381 77 neten Burgern auf eine Seythe. Wilbelnus Zand, der Sradthalter, ( urbis Pra

383 901 1321 73 ſoctus) kame auf der andern Seythen mit ſeinen bewanfneten Leuthen daher,

1725 903 40 57 zi

379 944 1339 76 tragten die Kanſerliche Soldaten, was dirſer ungewoͤhnliche Kanſerliche Einzu

375 991 1362 72 denten ſolle. Carolus der Kanſer merckte, dar ſein Adſehen enrdecker, verlan

380 1034 1346 71 von Guntbero (einen bekannten Regenſpurgeriſchen Narhs⸗Verwandten,) de

381 1071 1327 77 Haus nahe an den Rath⸗Hans ſtunde, daß er ihme (Carolo) ſein Hauͤs 6

376 1116 1375 75 ſollte, welches er auch, jedoch erſi nach erhaltener Erlaubnuß von dem Magiſtrat, de

373 1160 1327 77 Kayſer geoͤffnet. Alleinig Carolus mußte gedulten, daß er zn Pferd ſitzend,

372 1212 1322 69 denen zweyen Obriſten, als dem Garzenhofer, und dem MiSelmno TanAr,

1698 1214 50 63 mei

370 1256 1321 74 che benderſeits den Ziegel des Pferds hielren, ohne Begleirung deren Burgeren,

369 1298 1322 72 nhne groſſe Schand, zu den Thor hmnaus gefuͤhret wurde; den Kanſer nutti

368 1341 1314 72 leine Rentterey nachfolgen, mit dem kecken und freyen Zuſatz: Der Kanſer

1707 1388 46 53 en

368 1384 1333 77 binfuͤhran ſich enthalten, der Staodt Regenſpurg auf ſolche Arth ein Vilite zu g

369 1429 1321 74 Alſo Chriſtophorus Hoſkmann. Aus welchen die Macht und Gewalt deren

365 1474 1313 72 ren von Regenſpurg zu ienen Zeiten erkennet mag werden. Es tan ſenn, daß

1709 1513 42 69 2

366 1517 1316 72 Cœleſtinus Abbt in den 17. Capitel pag. 236. von Koͤng Caroloͤ erzehler,

363 1560 605 68 dieſer Begebenheit zu verſtehen ſeye.

1629 2165 62 85 C
