1934 2551
52 273 34 50 2t

65 311 21 54 s

691 215 399 69 atz2Z (0) 258-

1528 232 18 51 .

205 259 1400 89 den, und auferbaulich gelebr; alſo hat die Regierung des .HaußAgio-

204 321 1402 77 ſing ein End genommen in dem 280. Jahr, nachdeme Dierh (Theo-

212 371 1394 78 lo) das erſtemahl in Bayrn kommen, und iſt diß ohne alle Wider⸗

212 419 1391 85 Red aͤltiſte und Edliſte Geſchlecht in Teutſchland mit Diethen, HHertzog

218 473 1384 76 Cheſſels (Thaſlilonis) Sohn, und alſo eden mit einen ſolchen Nab⸗

207 521 1393 79 nen, wie es darein kommen, geſtorben. Ira Vellerus. (c) HHieraut

209 571 1396 76 ſt das Hertzogthum Bayrn an Koͤnig Carolum kommen, welcher An-

209 610 41 61 nc

272 627 1333 75 90. (a) alltie zu Regenſpurg eingezogen, uͤber das Land a. Rich⸗

216 674 1389 77 er deſtellt, die man pflegte Graffen zu nennen, und hielte Rath, wie

205 714 85 69 man

304 729 1301 74 moͤchte die - unnen (Ungarn) bezwingen. Zoge hernach mit

212 778 1393 76 Heers⸗Krafft an die Ennß, ruͤſtete alles gar wohl, vertrieb den

208 827 1395 78 geind diß auf die Raab, und kame an St. Martins⸗Tag Victorios

209 878 1396 80 oͤlder allhero. In dieſen Krieg wurde von denen Hunnen mit einen

219 926 1383 83 feil erſchoſſen (e) B. Geroldus Hertzog in Schwaden (7) ein

219 976 1383 81 Schwager Caroli Magni und Bruder S. Hildegerdis, Statthalter in

219 1030 1381 81 gayrn, ſo allhie gewohnt 11. Jahr, iſt in dem Benedictiner Cloſter

216 1077 553 76 aichenan begraben worden.

310 1126 1282 81 Anno 12. hielte Carolus M. ein Reichs⸗Tag in Regenſpurg,

205 1174 1391 87 eohnte in ſeiner Reſidentz, die zwiſchen den St. Peter⸗Thor, und

207 1228 1390 82 Zaren Anger ſtunde. In dieſem Reichs⸗Tag erſchienen die Hun⸗

201 1261 61 64 en

294 1284 1302 76 begehrten Fried, und empfiengen Gnad. Das Kriegs⸗ Volck

201 1308 76 79 ſdrr

283 1335 1313 73 lage alles um die Enns, und da Carolus dieſes gantze Jahr zu

245 1384 1351 72 genſpurg wohnete, erhueben ſich Conſpirationes, eine von denen

235 1431 1361 75 ornehmſten von Adel in Auſtraſien, deren Principal war Arderi-

293 1479 1304 84 die aber (weilen unter vieien das Secretum nicht leicht erhalten

228 1509 51 75 rr

199 1556 71 76 ꝛere

319 1532 1277 82 offenbar, und deßzwegen gebuͤhrend geſtrafft worden. Die an⸗

283 1584 1312 82 zeſchahe von ſeinem natuͤrlichen Sohn Pipino, und andern vom

205 1602 57 71 Do

314 1635 1281 85 die wurde angeſponnen in allhieſiger Domb⸗ oder St. Peters⸗

214 1682 1382 92 ucden, ais wann GOrt ein Gefahlen ſollte haben, wann der Sohn

1463 1755 133 67 ſeinen

25 375 69 58 unt

43 520 39 59 et

26 573 59 63 zen

48 622 37 55 et

60 670 22 58 .

26 1018 53 70 tot

66 1085 14 43 ;

21 1483 62 66 das

276 1896 1316 88 Eutr Eeeardum tom. 1. Franciu Orient. Urs was cden ven TalEilone pag. 122. gr.

252 1927 208 72 rneddet worden.

279 1978 1311 74 Crrolurmn An. DCCINNNIL n Fayrnund NegenſdurgarkommenaudabeſeuterrGers-

252 1996 51 54 Ae

343 2023 1243 77 r nn E chwagern, als Xongidten Etatthacter, demt dir von ihme (Carolo) ungrlette

255 2033 107 58 Comsr.

392 2062 920 76 DPraren) urte rhang leyn nubuen. Eceurd. to. I. Pꝛ6. 122,

276 2090 940 99 beſes iß d d dn Arno 199 Eag Eerzd. zon 1. 1. 9.

238 2120 624 107 2 Ocunan Ecabmn, nnd nucht Haten,
