1923 2446
67 210 70 65 vob

44 304 94 69 ucker

43 354 91 69 ittelſ

53 410 77 64 unt

38 459 92 64 moͤge

28 509 101 65 illhie,

28 555 91 72 da ei

20 604 106 67 er miͤ

44 653 83 75 Uber

32 712 95 50 1000.

29 755 62 69 uuſe

29 850 83 71 aſſen

40 1053 68 72 ninl

38 1097 70 73 rec

736 184 35 64 .

818 184 40 71 3

239 228 1397 89 die Burger begehrten Rechnung von denen Herrn. Herr Woif Lie⸗

928 186 198 70 2) Eg-

1550 206 84 52 393

244 284 1390 85 tuͤrcher, vermeinte, er beſtunde gar wohl, wurd aber dannoch 1512.

241 332 1395 93 Montag nach Qualimodogeniti, an liechten Galgen, wider alles Recht

243 380 187 69 gehencket.

241 485 1393 85 ang werden, der immittels viel Zeit verſaumt, und ſeyn Handwerck

351 434 1283 83 Dieſe Un⸗ und Aufeuhr wolte manchen ehrlichen Burger zu

243 534 1391 82 feyren laſſen muͤſſen, und das Gewonnene verzehret; giengen dero⸗

265 585 1369 87 egen viel in ſich ſelbſten, ermeſſend, daß das Zancken arm, Fried und

252 638 1382 82 mnigkeit reich mache, verglichen ſich unter einander, dem Magiſtrar

244 688 1393 83 dieder zu gehorſamen, deme Gewalt zu geben zu regieren, und die

256 737 1380 83 nwickler zu ſtraffen, ſodann auch geſchehen. An Seythen der Stade

260 790 1374 86 rmeinte man, der Clerus, ſo des Schutzes auch genieſſe, koͤnnte

256 841 1376 83 Ahl zu denen Publicis Oneribus ein Beytrag thun, und wurd der⸗

241 891 1392 83 dleichen ihme zugemuthet. DDer Adminiſtrator ſoannes aber vermit⸗

241 924 55 70 eit

300 940 1332 87 dey Kayſer Maximilian, daß dermahlen die Stadt nichts rich⸗

244 985 430 68 en oder erhalten kunt.

353 1038 1276 83 Anno 1512. den 18. Jenner, kamen vier Kayſerliche Comiſla-

263 1088 1365 90 ia allhero, beſprachten die von Regenſpurg, warum ſie den Kay⸗

240 1136 1388 93 eruichen Hauptmann nicht haben wollen annemmen? warum ſie den

240 1184 1385 96 ſten Raths⸗ Verwandten, wider Kayſerliche Befelch aufgehencket?

250 1235 1378 93 arum, und durch wem ſo viel Aufruhr erwecket worden? ſetzten her⸗

260 1289 1368 86 ch allen HHandwerckern neue Ordnungen; und weilen das Haupt⸗

245 1331 1385 99 Zeeſen in dem deſtund, daß man wegen der Beſoldung den Kayſer⸗

251 1377 1378 102 hen Hauptmann reculiret, haben ſie zu deſſen Unterhaltung den

245 1424 1383 110 druck⸗Zoll und Maaß⸗Geld dnpliret, und andere neue Aufiagen

235 1475 1393 109 emacht. Hernach den Procels mit denen Raͤdifuͤhrern vorgenom⸗

240 1530 1388 104 ten, formiret und erequiret, in welchem uͤber die so. um Leib und

245 1580 1379 106 tden, Ehr und Gut kommen; dielen wurde die Stadt verbotten.

265 1636 1361 93 ich dieſem traurigen Spectacul muͤßten ſie dannoch dem Hauptmann

271 1689 1357 97 ſeloden, neue Pflicht dem Magiſtrar leiſten, und allen Geborſam

267 1736 1178 94 wrechen. Alle Specialitaͤten zu beſchreiben waͤre zu lang.

349 1791 1277 92 In dieſem Jahr wurde vor dem Jacober⸗Thor ein ſchoͤner

244 1831 1135 95 darten zn dem Frey⸗ und Stahel⸗ Schieſſen zugericht.

263 1884 1362 110 ꝛ2. nieder geriſſen, dieſe Kurtzweil und Erereirium von neuem in

1401 1871 224 68 Iſt Anno

943 1950 142 99 29d

1488 1975 133 75 juͤngſt

55 1254 41 62 ꝛs

44 1304 55 60 rar

46 1406 58 58 per

47 1456 44 52 nn

57 1588 49 67 et

51 1645 40 59 ze.

33 1693 60 65 pol

35 1742 66 61 uno

25 1838 71 76 ere⸗

24 1891 79 68 nach

54 1998 39 57 t,

42 2047 61 57 die

273 2089 596 111 ì En Ratirtona Politica. ne 12.
