1959 2500
19 501 110 61 mnd in

27 601 95 61 zur 8.

59 648 57 56 lo

20 697 109 71 lichei

76 743 44 69 ich

72 798 46 58 X

69 843 49 69 n

252 486 1377 80 ANno r21g. wurden Erben des HHertzogthums Bayrn, zween Bru⸗

287 548 1348 67 der, Ortonis Soͤhn Ludovicus Progenitor beeder Churfuͤrſtlichen

236 595 1396 75 Haͤuſer Bayrn und Pfaltz, und Hetnricus. Ludwig bekam die Pfaltz

236 650 1404 70 im Rhein, Muͤnchen, die Burggraffſchafft Regenſpurg, Regen⸗

233 701 1402 69 ſtauff, Lengfeld, Calmuntz, Ingolſtatt, und das Ober⸗Land Bayrn-

234 751 1399 71 Aeinrico verblieb Regenſpurg, Camb, Khelheim, Waldmunchen,

240 801 1392 71 Erding, Landshut, Oeting, Burghauſen, Hall, Straubing, Vilt⸗

251 854 1389 71 offen, Landan, Dingiſing, Braunau, Schaͤrting, und was der

248 905 1391 68 Orthen ligt. Es wurden vorhero die Regenſpurger (iſt ein alte be⸗

244 955 1392 75 ante Muͤntz) in Bayrn gantz verruffen, aber bey dieſem neuen Re⸗

238 1000 402 77 denten wider paßirt.

351 1047 1289 82 Faſt mirien in hieſiger Stadt befande ſich ein Feich oder

270 1105 1372 71 chwemb, von dem von Aumpffmuͤhl hereinlauffenden Bach, in

277 1158 1365 69 lchem man das reverendo Viehe pflegte zu trencken, oder die

248 1205 1392 74 Sferd zu ſchwemmen, gleichwie diß Muſters noch bey dem Bruder⸗

248 1258 1390 73 dauß zu ſehen. Bey groſſem Gewaͤſſer lauffte der Bach dermaſſen an⸗

258 1309 1378 78 ab er ein Bruͤcklein oder Steg erforderte, ſo man den Fuden⸗Steg

247 1362 1229 68 am willen ſelbe der Orthen ihre Wohnung hatten) genannt.

355 1413 1287 59 Es begab ſich nun Anno 1275. den 27. Martii, und eben am

248 1427 79 84 teſ

329 1459 1310 71 Cœne Domini, daß ein Prieſter das Hochwuͤrdigiſte Sacra⸗

247 1495 87 71 nent

345 1509 1295 71 zu einem Arancken tragend, auf bemelten Steg fiele, und die

258 1559 1382 74 oochheilige HHoſtien ausſchuͤttete, detzwegen in der gantzen Stadt ein

245 1593 50 62 grr

320 1613 48 62 er

383 1616 1257 68 Schrecken geweſt. Als das Hochwuͤrdigiſte Gacrament durch

320 1668 1320 66 prieſterſchafft von der Erden und Koth, wider mit gezimmender

270 1713 1370 74 aacht erhebt worden, hat die andaͤchtige, noch gur Catholiſche

270 1765 1368 73 uͤrgerſchafft alsbald und am ſelben Tag, ein hoͤltzerne Capelen an⸗

280 1816 1362 71 angen aufzubauen, und dieſelbe noch vor dem Oſtertag zu End ge⸗

255 1863 1288 73 caͤcht, die Albertus 1. den 8. Septemb. ſelbigen Jahrs geweyhet.

377 1916 1263 72 Es geſchahen gleich an dieſem Orth groſſe Miracula, und Wun⸗

262 1961 1381 79 necchen; fiele auch ein ſolches Ooffer, daß durch die verordnete Kire

257 1988 82 64 hen.

362 2019 1280 69 Ofleger Gudedrand, und Ulrich Brunleirher die noch zu dato

269 2066 1366 75 rhende Kirchen von ſchoͤnen Luaterſtucken kunte gebauet werden,

268 2111 1377 91 alche folgend Anno 1262. an S. Pauli Bekehrung Tas, denen da⸗

1506 2172 136 87 mahss

968 2179 142 76 O9 2

716 233 391 82 213 (6) 75g.

748 368 353 91 Incidentia.

66 998 54 68 hal

54 1047 64 68 uns

55 1098 65 67 de⸗

30 1148 78 71 vols

56 1200 56 66 hal

45 1255 66 57 noit

1550 259 57 77 2.

22 1552 83 79 ꝛci
