1940 2440
351 172 84 70 11-

924 173 332 84 18 (0) EN--

345 219 1417 98 der Reichenbachiſchen Behauſung bey der goldenen Lilien, ſo Heri⸗

345 272 1401 95 Emmeran Syrot Stadt⸗ Cammerer und Hanns⸗Graf bewohnt ge⸗

342 321 1409 92 habt, und wie oben gedacht die Memmingeriſchen Erben dermahlen

342 370 1408 94 daſſelbe innhaben, hats auch ein ſchoͤne Capellen geben. Als ein ſtuͤch⸗

341 420 1403 96 tiger Oeſterreicher ſelbe entunehret, ift er mit ſeiner Wuͤrthſchafft ver⸗

341 471 1403 96 dorben, und hat Schulden halber aus der Stadt weichen muͤſſen ꝛ.

342 524 1402 92 SS. Pangratii &r Panthaleonis im Spiegel, und dergleichen Capellen

341 572 1399 94 waͤren noch viel zu benamſen. Wer ſolle von denen Chriſten, die mil

340 623 1354 94 ihren Glauben viel uber die Catholiſche ſeyn wollen, gedencken dat

338 672 1390 99 thun ſollten, was der Koͤnig Darid ſo hoch im 78. Pſalmen wider de

340 730 1387 91 HHayden geklagt. Dkus venerunt gentes in hœreditatem tuam, po.

337 774 1384 89 luerunt templum ſandtum tuum, poluerunt ſerulalem in pomorul

337 816 1390 101 Cuſtodiam. HErꝛ es ſeyno Hayden in dein Erb gefallen, und habel

336 870 1372 101 deinen heiligen Tempel verunreiniget, und aus Jeruſalem ein Aepffe

338 921 339 86 Hutten gemacht.

471 977 1258 89 Anno 1522. hielt Cayſer Carl V. einen groſſen Reichs⸗Ta

332 1019 1368 99 allhie, dabey erſchienen neben denen Chur⸗Fuͤrſten und Staͤnden o

333 1076 1386 89 andere Nationen. Der Kayſerliche Einzug geſchah den 20. Februal

330 1125 1389 92 Abends um z. Uhr mit groſſer Solennitaͤt unter Laͤutung aller Glockell

329 1175 1379 91 und Loͤſung des groſſen Geſchuͤtzes. Der erſte Ritt unter einem ſeid

328 1226 1354 88 nem Baldachin von roth, geld, und weiſſer Fard (den vier des Ra

325 1274 1366 88 trugen, war in dem Domb, allwo er dem Roͤmiſchen Ceremon

324 1324 1367 95 nach empfangen worden. Nach dem Le DEum Laudamus, haben C

325 1377 1327 89 Majeſtaͤt das Quartier in der Chummeriſchen Behauſung aul

1704 1384 15 65 .

328 1426 1361 103 DHayd dezogen. Die Kayſerlichen kackeyen nammen den Baldect

325 1477 443 68 als ein Regal hinweg.

463 1529 1243 89 Ehe nun der Reichs⸗Tag recht angieng, und die Propobtie

319 1575 1288 93 geſchehen, gabs ein Brunſt in der Kayſerlichen Hof⸗ Kuͤchen.

1647 1584 34 64 .

322 1626 1380 84 Kayſerliche Majeſtaͤt kunten der Chur⸗ und anderer Faͤrſten Ankunt

318 1680 1299 80 nicht erwarten, lieſſen alſo den 17. April nach einem Amt des

1641 1687 37 71 .

319 1726 1325 93 Sancto, auf dem Rath⸗ Haus durch Pfaltz⸗ Graf Fridericher

1675 1724 34 61 i

1674 1771 32 63 ꝛl

325 1778 1304 87 Propoſition thun. Die traffe theils die Tuͤrcken, theils die zn

324 1831 1399 83 tige Religion an. Die Proteltirende, oder nunmehr Conleſkiooiſten

326 1880 1390 82 ſeynd entzwiſchen zu Schweinfurrd zuſammen kommen, unangeſehe.

319 1933 1315 84 ſie der Kayſer durch 2. Chur⸗Furſten Wayns und Dfalsz zu ſio

1645 1975 69 77 und

315 1985 1318 82 laden. In dieſem Reichs⸗Tag ſeynd viel Mord geſchehen⸗

317 2033 1057 106 Drunſten eniſtandens de nan ader daid bpirt dat.

1644 2037 80 116 gs

1832 303 70 53 ac.

1835 338 73 64 er?

1830 389 54 67 aro

1834 437 74 79 eutl

1834 536 93 74 eſtor

1838 688 50 62 er

1834 734 53 72 ich

1835 783 48 61 ter

1841 829 59 68 ero

1842 879 60 75 an

1839 928 29 61 s

1834 973 46 72 en

1843 1031 60 68 der

1849 1087 80 67 Iter

1839 1134 90 68 Bred

1836 1187 94 72 zehoͤr

1849 1244 82 73 enle

1838 1279 66 76 ine

1841 1333 59 71 iche

1835 1426 49 71 n

1841 1478 62 75 ant

1854 1579 33 73 B

1834 1645 40 50 d

1897 1983 19 55 .
