1991 2551
813 238 311 83 S (0) Eeg-

545 392 775 81 CiTXTTXAXTT11.

316 480 1216 115 Das Leben des ſeeligen Ramvoldi

701 575 416 92 Abbten allda.

311 673 1321 96 Amvoldas ein edler Franck mit Et. Noiffgang Geſchwiſtrio⸗

245 778 48 42 -1

326 749 1301 72 Kind, wurde von Jugend auf zu denen freyen Kuͤnſten angehal⸗

333 799 1299 76 ten, und in der heiligen Schrifft unterwiſen: als er zu ſeinen

222 841 1404 84 Jahren und rechtmaͤßzigen Alter kommen, iſt er nach Trier gereiſt,

232 895 1395 82 nd daſelbſt nach denen empfangenen Heil. Weyhen, Heinrici Ertz⸗Bi⸗

232 943 1397 87 choff Caplan (a) eben zu ſelber Zeit worden, da St. Wolffgang

222 982 61 66 nr

279 999 1353 75 groſſem Lob die Jugend unterwiſe. Damit er aber ſeiner Seelen

226 1048 1400 78 Seeligkeit ſich deſto mehr vergwiſte, iſt er bald darauf in S. Nlarimi-

277 1102 1348 75 Cloſter getretten, allwo derſelbe S. Benedicti Habit angenommen,

219 1149 1408 82 ind mit ſolcher Frommkeit, und Eyffer, die Ordens⸗Satzungen voll⸗

211 1181 116 70 zogen

347 1204 1278 75 daß er allen vorleuchtete und ein Spiegel war: Dahero, als

242 1235 34 63 t

310 1252 1308 83 Wolfgang Biſchoff zu Regenſpurg worden, und wie oben im 12.

221 1302 1401 84 Lapitel zu ſehen, die hoͤchſte Notb erforderte, zu Erhaltung der Clo⸗

209 1349 1417 88 ſter⸗Zucht, denen Bruͤdern dey St. Emmeram emen abſonderlichen

215 1398 1401 87 ignen Abbten zu ſetzen, hat er Ramvoldum ſeinen Vettern beruffen,

211 1444 1411 105 lnd ibn Anfangs zu einem Probſten dieſes GOtts⸗Daub, hernach aber

211 1486 374 101 Abbten beſtelt. (.

941 1571 145 74 N 2.

1479 1581 144 74 Dieſe

48 612 22 61 e

1575 260 58 78 22

245 1730 1378 78 OAM CTTESTTNUS Fer Neſe Viſorie ven N. Ramroldso. ans denen eanfften P. woꝛe-

365 1774 12 52 ,

275 1815 1341 65 coͤmnmen, von welchen hemach Meldung gelchet en wird. Da ader. ſowol Selendcrus, alt

402 1780 1218 59 enders urs P.Chriſtophori Hofmanns, derder Religloſin zu &t. Emmeram ge-

270 1849 1348 69 Hoftmannus, das ihrige aus unkerm Arnoldo Monacho, cder deſſen zeyten Duch,

269 1886 1353 76 de Airaculit S. Emnerami herausgrrogmn, ſo wurd ndd auch M Citation aus Arnoldo

266 1928 1354 73 hernehmen. Welcher, wie ſchon ont gemelust, m Antigis Lcctionidus Henrici Canilii dey

266 1968 1353 74 ſacob Darnage zu teſen iſt. Dre Ciration ſeur ſeyn Arnola den Barnage: oder Barnage

266 2008 1353 75 Alem ꝛc. Von R. Namroldo u veles z leren in Actis SS Ord. S. Benedict. Mabillon za

265 2046 1353 76 Saculum VL. va8. 2. Item in Actis Sanktorvm Per RR. Pk. Soc. ſelo. Bolland. ad

263 2069 230 68 diem 17. fundi.

232 2115 662 93 OO Amnola bey Darnage ton. III. ver- 122.

231 2165 496 79 O Lemnge van. IL. rꝛ2 1r1.
