1978 2545
346 220 78 58 22

872 220 128 69 .122

1056 220 217 64 O) Lag.

346 268 1432 74 ſeine Haͤuſer vergiſten Schlangen uberlaſſen muͤſſen, weilen er kein

349 328 1426 62 Scheuh getragen den vergiften Grimmen ſeines Hertzens an den FTem⸗

348 374 1430 68 pel GOttes, und deſſen Geſalbten auszulaſſen, alſo, daß ſie allen,

349 428 1433 64 die ſolche Ort jetzt anſchauen, zu einem Erempel ſeynd; dahero ein

348 483 1431 65 jedweder ihm billich foͤrchten ſollte, wider diſe, und andere Prieſter

352 525 610 74 GOttes feindlich zu handlen.

481 576 1298 74 le) Allhier iſt nicht zu ſchweigen, was z00. Jahr nach des hei⸗

350 630 1434 68 ligen Emmerami Marter, einem, ſo noch von des Landͤderti Geſchlecht

350 687 1431 55 ubrig; diſer wollte mit anderen des heiligen Martyrers Kirchen, und

355 732 1430 69 Grab beſuchen, erblindete aber im Antritt des Cloſters, und wurde

355 788 1430 60 von unſichtbaren Gewalt alſo abgehalten, daß er nicht allein ſeinen

360 832 1424 71 Weeg nicht ſorrſetzen kunte, ſonder allenthalben anſtieſſe, und keinen

356 886 1421 61 Weeg mehr weiter funde; ais ihn aber andere befeagt, wer er ſene.

355 937 1427 68 oder was ihme waͤre? hat er ſein ungluͤckſeeliges Geſchlecht, und was

353 985 1431 71 er leyde, geoffenbahrt, darauf iſt er wieder ſehend worden, und ne⸗

355 1036 1430 71 ben anderen der Kirchen zugangen; ehe er aber in dieſelde kommen,

356 1087 1425 72 hat er abermahl unter der Porten das Geſicht verlohren: daß maͤn⸗

355 1136 1426 70 niglich den Fluch und Zorn GOttes wahrgenommen uber diſes Ge⸗

356 1189 1428 69 ſchlecht, daß auch deſſen Nachkoͤmmling nach ſo langer Zzeit nicht waͤr⸗

357 1238 1428 71 dig worden zu des heiligen Manns Grab zu kommen. Zweiffels oh⸗

359 1290 1432 72 ne manglete die gebuhrende Demuth, und eyfferige Abbuttung der ge⸗

359 1346 375 65 thanen Schmach.

502 1384 1287 79 (H Daß auch Carolus Craſlus, oder der Dicke, ein ſo reicher⸗

357 1440 1425 75 maͤchtiger, angenehmer, gluͤckſeeliger Kayſer, und anſehnlicher Meb⸗

360 1491 1424 75 rer des Reichs von allen Reichthum, Macht, Gunſt, und Gluͤͤck ent⸗

360 1534 1426 84 ſetzet worden, gibt Kayſer Arnolphus ( von deme hernach mehrers

360 1586 1424 76 gemeldet wird) diſem die Urſach; aldieweil er von Embrichone, Bi⸗

356 1637 1433 73 ſchoffen zu Regenſpurg ſich bereden laſſen, ihme S. Emmerami Cloſter,

357 1689 1422 76 und deſſen Leuthe zu uͤbergeben, wie dann auf diſes die Biſchoͤff, r5s.

366 1737 1419 81 Jahr hernach daſfelbige genoſſen;) dann beſagter Kayſer Arnolphus

363 1789 1418 73 ſchreibt in einen ſeiner Gnaden⸗Brieff: Es ſollen alle unſere Nach⸗

365 1843 1423 72 kommen Hochheit erkennen, nachdem unſer Groß⸗Vatter Kayſer carl.

362 1888 1420 75 auf Begehren dem Biſchoff Embrichoni S. Emmerami Gotrts⸗ Haus

365 1939 1417 89 uͤberlaſſen, kein einigen Sieg darnach gehabt, noch einige Leibs⸗ und

1717 1989 74 72 der

410 2139 344 53 e) Pag. 100. eap. 11.

400 2166 651 83 (H) deEehr hmnad) dus Digionn anwolgd.
