1571 2270
654 143 32 49 nr,

696 136 348 69 2S (0) Ebg-

152 180 1377 77 ertheilet, daß gegen Anlaſſung des Juris Patronatls auf die Pfarr zu

1451 146 70 54 5S1

153 229 1372 76 Herrenwall kuͤnfftigshin die Pfarr Hainſpach von einen Religiolen

148 277 1375 72 von S. Emmeram verſehen koͤnne werden. Welches mirtls des errich⸗

143 321 1377 83 teten, und von denen Theilen gefertigten Inſtruments vollzohen, und

141 368 1375 86 alſogleich ein Religios von S. Emmeram als kuͤnfftiger Pfarrer nach

141 417 1377 81 Hainſpach ꝛc. von Titl. Anſelmo Fuͤrſt und Abbten abgeſchicket wor⸗

140 467 1375 77 den, ſo geſchehen den 2. Februarii 1728. Damit aber die Erpoſt-

137 515 1374 75 tion zu mehrern geiſtlichen Nutzen und guten Erempel gereichen moͤch⸗

135 561 1375 78 te, als iſt von einem HHochwuͤrdigen Conliſtorio erlaubt worden, daß

131 609 1380 78 dieſer Religioſus, oder Pfarr⸗Vicarius zu Hainſpach, bey denen an⸗

129 658 1381 79 dern ſeinen Mit⸗Bruͤdern, ſo zu Haindling in dem neu erbauten Prie⸗

132 707 1374 79 ſter⸗HHauß wegen denen Wahlfahrtern wohnen, verbleiben, und

128 756 1285 76 von dieſem Orth aus, die Pfaͤrrliche Verrichtungen verſehen ſolle.

261 805 1243 71 Nachdeme Titl. Anlelmus Abbt in DDurchgehung deren alten

123 852 1378 74 Documenten, mit mehrern erſehen, was groſſe Gnaden die Roͤmiſche

123 902 1377 72 Kayſer dem Reichs⸗Stifft S. Emmerami ertheilet, daß einige Aebbte

123 950 1373 68 dieſes Cloſters zur Fuͤrſtlicher Wuͤrde von denenſelben erhoben wor⸗

121 998 1374 71 den, als trachtete er ſolche Wurde dem Reichs⸗Stifft des groſſen hei⸗

119 1046 1373 73 ligen Emmerami widerum zuwegen zu bringen. Welche hoͤchſte Gnad

119 1099 1367 62 Seine Maſeſtaͤt Carl der Sechſte, Roͤmiſcher Kayſer Anno 1752.

117 1148 1373 58 auch auf ein neues, Anſelmo Abbten, ertheilet, ihne und alle ſeine

114 1195 1373 63 Nachfolger im Reichs⸗Faͤrſten⸗Stand erhoben. Das Kayſerliche

113 1240 1372 65 Diploma mit angehaͤngter Goldenen Bulla kame allhero den 16. Octo-

112 1286 1370 64 bris 1752. Den 17. Jenner Anno 1755. haben Seine Kayſerliche

112 1338 1368 65 Majeſtaͤt dero Principal Commiſlion auf den Reichs⸗Tag allhier an⸗

111 1385 1370 69 befolchen, dieſe Anſelmo Abbten und allen ſeinen Nachfolgeren, er⸗

109 1436 1369 65 theilte hoͤchſte Kayſerliche Gnad, und Beſtaͤttigung, der ſchon vor er⸗

108 1485 1362 67 lich Fahrhundert genoſſenen Fuͤrſtlichen Wuͤrde, mittls eines Com-

107 1534 1366 67 miſſions-Deeret dem geſambten Reich zu notiliciren, welches auch den

109 1583 1363 65 24. Marrii ad Dictaturam gekommen. Dieſe hoͤchſte Kayſerliche Gnad

105 1629 1363 69 iſt auch von Geiner Maieſtaͤt nicht nur an Dero hohe Principal-Com-

105 1679 1361 65 miſlion, und an die Stadt Regenſpurg, ſondern an Chur⸗Mayntz,

109 1726 1356 71 Trier, Coͤlln, Bayrn, Saltzburg, und an Seine Hochfuͤrſtliche

105 1776 1360 71 Durchlaucht Biſchoffen zu Regenſpurg, wie auch an das Cammer⸗

105 1823 1357 73 Gericht zu Wetzlar, durch allergnaͤdigiſt anbefohlene und ausgefertigte

100 1879 1359 65 Intimations⸗Schreiben lub dato 27. Novembris 1722. inſinuiret wor⸗

99 1920 1363 78 den. Seine Churfuͤrſtliche Durchlaucht aus Bayrn haben auf vorher⸗

99 1971 1360 88 Fehendes demuͤthigiſtes Anlangen ꝛc. ein gnaͤdisiſtes Gratulatione-

763 2027 219 79 Dò9ꝛ5

1297 2020 159 87 Schrei⸗
