1940 2440
904 192 31 45 2r

391 189 86 67 13a

1072 181 191 75 0) Lde

383 233 1382 78 trieben, ſondern mit Bedacht dahin giengen, brachten Gold und Si

1854 246 65 69 ag

385 290 1385 70 ber mit ſich, und opferten es auf der ſchoͤnen Maria Altar, beynebe.

1847 291 78 68 Die,

386 337 1368 81 andern Kleinodien, Wachs⸗Bildern und manchfaͤltigen Dingen⸗,

1843 338 67 76 Ne

1693 391 70 67 Tat

1842 389 53 63 der

1839 437 73 69 keue

1843 490 78 72 aral

470 544 1296 68 ſagt habe, und alſo dahin gegangen ꝛc. In dieſen ganh natuͤrlichen Cach

1843 539 82 73 Lran

470 592 1262 65 ande ich keine Zauberey. Wir ſehen noch heunt iu Tag, daß man Wahl

1836 591 93 74 zeiß

470 638 1246 62 then gehe, und dardey ſaſte. Man ſihet die Kinder lauſſen mit einen e

1838 654 83 61 erem

473 677 1279 63 Brod in der Hand, die ihren Eltern, oder wem andern nachenlen, ohnt

1836 694 71 65 ders

470 721 1247 63 wiſſen, wo ſie hingehen. Man ßhet gar viſt, daß das gemeine Volck vo

1845 740 61 66 des

474 760 1245 62 Arbeit hinweglaufſe, und bißweilen in Haͤnden habe, mit deme es die O

470 799 1266 69 verrichtet. Die Neuigkeit, die Begierd, das wunderliche Weſen reitzet ſe

1845 790 74 74 noͤn

466 847 1272 69 darzu an. Zudeme wurden dazumahls die Unterthanen zur Scharwet

1841 845 66 67 den

471 891 1257 72 angetrieben, um ſolches nenes GOttes⸗Houß zu erdanen, wie in der Hifie

1843 893 80 74 derle

471 939 1272 68 ſo dey uns aufbehalten wird, zu leſen iſt. Es mag alſo wohl mancher d

1847 950 82 63 erwe

474 980 1269 71 gelauſſen ſeyn mit einen Luſtrument, deſſen er ſich in der Arbeit gebraus

1846 992 53 69 tie

475 1028 1208 65 toͤnte. Es koͤnnen virle elende, arme Tropten, zerrillen, und ohne;

1728 1054 28 52 el

473 1065 1212 69 Kleidung (auch ohne Zauberey) erſchienen ſenn. Daß viele auf den

474 1106 1247 73 nichts geredet haben, vermenne ich, daß ſolches ohne Bezauberung geſaͤ

475 1152 1215 61 habe koͤnnen. Daß der Mann dem Weib, das Weib dem Mann nii

1831 1137 66 68 elde

474 1195 1234 65 etwas von ihren Vorhaben geſaot habe, iſt mehrmahlen nichts verzaul

1834 1186 49 80 d.

471 1234 1261 71 darnnter zu finden. Daß auch vieles ungereimtes, unvernuͤnfſtiges, unte,

471 1278 1233 69 groſſer Menge, oder einige Gleißneren, und faiſche Verſtellungen darbe

470 1324 1211 66 moͤgen ereignet haben, wie man noch heunt zu Tag dergleichen ſehen muß⸗

473 1365 1248 74 will ich nit in Abred ſtelen, und hat es keine Janberey darzn noͤrtng ge.

471 1411 1226 63 Daß endlichen unter den gemeinen Mann, und Poͤvel (wie es ben denci

1701 1440 34 56 i

469 1454 1207 68 ſen Nenigkeiten, noch zu geſchehen peget) nel ſeltſames ſich zugetragen

467 1496 1219 71 will ich mehrmahlen nit verneinen, alſo daß Hagecius von ſolchem ge

466 1541 1205 68 Mann wohl habe ſchreiben koͤnnen, daß die Leur, (als wann

469 1584 1216 86 rraͤumt, oder bezauberr waͤren,) daher gelanffen ſeyn. Aber,

470 1638 1211 76 nit, das ſie bezauberr waren. Die gemeine Redens⸗Art iſt, wa

467 1691 1212 76 feltſame, einbiͤderiſche Sachen unter denen Leuten wohrnimmet: Dic)

469 1741 1205 72 thuen, als wann ſie bezaubert waͤren. Es diget aber keine⸗

469 1789 1216 70 daß ein Zanberey darben ſich einſinde; dann ſolche Sachen gautz nat

466 1832 1224 71 nach der Einbildung des Einfaͤlnigen geſchehen koͤnnen. Hagecius ſager.

473 1874 1243 79 NB. die Andacht gleichſam bezauberer ware, maſſen er duſe Anda⸗

469 1922 1176 80 der ſchoͤnen Maria lobet, ſondern daß viele gleichſam, als

471 1968 1193 107 ſie derraͤnmet, oder bezanderek, ohne Dedacht, dahin o⸗

1881 1682 50 53 wa

1878 1714 55 56 her

1878 1764 56 59 die

1876 1816 58 54 eri⸗

1885 2025 34 36 1

1878 2065 26 52 6
