1566 2270
610 117 38 33 err

126 116 89 51 720

682 100 67 77 3

777 97 229 78 6) Eeg-

118 146 1373 79 der oͤrn Banier, der ander auf Neuburg. Der Banier har von dere

113 206 1376 67 Ankunfft kaum eine Stund vorhero Kundſchafft bekommen, dahers

116 254 1371 70 noch entwichen. Der General Schlang, der ſich mit vielen hohes

114 301 1369 76 Ofciren auf Reuburg reririrt, und etwas gewehrt, iſt uberfallen,

113 351 1365 76 mit allen bey ſich habenden gefangen, und ſambr den andern Princt

123 404 918 70 Haln allbero gefuͤhrt und eingebracht worden.

243 448 1225 74 Immittelſt vermeynten einige Staͤnd, zu Facilitirung eines Ge

108 498 1370 73 neral⸗ Friedens, waͤren auch andere auslaͤndiſche intereilirte Eronen

104 547 1371 73 allhero zu laden; der Kayſer gab denſelben freyen Paß, und endlig

103 595 1359 73 auf Anhalten des Koͤnigs in Dennemarek, auch denen Faͤrſten von Ee

100 646 1254 75 neburg und Caßl, die doch zu Nuͤrnberg nit erſchemen wolten.

247 694 1220 70 Die erſte und vornehniſte Deniberation beſtunde in einer Gene

108 732 1286 82 ral Amniſtia, oder Vergeſſung aller erlittener Schaͤden, und 1

1390 735 75 69 nbit

99 788 1339 77 den. Weil aber ſelbde am meiſten Ihr Kaoſerlichen Majeſtaͤt dero.

103 837 1357 76 hen Relpect, und fuſtiriam uͤber die Reos Criminis lele Najeſtatis

95 889 1367 71 andere aber, die wider dero ſura nur gar enormiter gehandlet haben

98 935 1314 75 concernirte, als haͤben ſie eine Declaration (wer ſelbiger faͤhig ſe

98 984 1279 72 von ſich denen Staͤnden zu conlideriren geben. Einige Faͤrzter

1393 989 59 57 wo.

102 1032 1278 73 ten von ihrer gefaſten Reynung gar nit weichen, und zudicirien

1400 1027 62 61 daf

95 1082 1313 71 ihnen ein groſſer Gewalt geſchehen, daß ſie nur eꝛ gratia ad Con

98 1127 1343 77 ſolten admirtirt ſeyn worden. Der Churfuͤrſt von Gachſen anrwor⸗

102 1175 1306 77 ſonderlich denen von Laͤneburg und andern: warum ſie andern gerri

98 1225 1324 75 Reichs⸗Staͤnden gleich ſolten gehulten werden, die wider throrde

93 1273 1320 77 liches Haupt mit geſambten Roͤmiſchen Reichs⸗Feinden ſich verbund

1408 1273 41 57 en

90 1321 1303 78 und Krieg fuͤhren? Demnach von denen von Luneburg dle undi

89 1372 1330 84 Poſtulara nit wollten placidirt werden, verdlieden ſie, wie ſie vor.

85 1420 100 87 rent.

224 1457 1205 86 Man gieng conkinuirlich zu Rath. DDie Proreſtirende brachi

84 1515 1358 80 auf die Bahn groffe Ktagen. Die Carholiſche wider ſie noch mehl

88 1562 857 76 Folgte alſo der erwuͤnſchte Frieden noch aic.

211 1611 1230 77 Der Engliſche Legatus Thomas Rorrzus urgiete des Pfalt⸗

78 1658 1366 79 graffen Reſtirurionem in integrum mit Betrohung, daß waͤn dit

79 1707 1370 82 Recht endiich mit den Waffen ſuchen muͤſſe. Er wurde zu Beanr⸗

82 1755 1366 79 wortung aber nacher Wienn geladen, weilen man deßwegen den

1341 1803 89 53 102.

76 1800 850 86 Reichs⸗ Tas zu verloͤngern nit urſach fand.

214 1851 1233 79 Den 20. Anguͤſti wurde die Amniſtia mit gewiſſen Bedingen⸗

78 1894 1363 101 wer darunter begriffen, alhte vromolgrt, und hernach m einemon

1370 1947 77 68 nen
