1918 2545
325 224 96 72 162

830 226 27 66 .

871 227 346 78 2 (O) Leg-

626 336 818 137 CAPUTTXXVII

451 507 1270 81 Er andere Abbt dis Cloſters wurde genannt Sandradus. (a) Re⸗

370 620 26 53 ,

469 568 1252 72 gierte daſſelbe 27. Jahr, 7. Monath, 7. Taͤg, ſtarb Anno

475 620 1244 71 735. Alaboldus der dritte Abbt wurde in erſt⸗angezogener

325 668 1390 82 Ta5ſten Jahr Praͤlat, verbleibt 16. Jahr, 11. Monarh, 7. Taͤg. (b.

851 771 351 104 Incidentia.

326 886 1395 90 ANter obigen Abbt Sandrado (c) verwalter das Biſtum Rarhs-

417 945 1300 78 rius, (d) auf welchem der erſte beſtaͤndige Biſchoff S. Gaubal-

319 996 1399 78 dus oder Gariobaldus gefolget, als man zehlte Anno 720, oder z2

318 1049 1396 77 nach anderer Meynung noch etwas ehender: der wurde nach Abthet

315 1098 1409 79 lung des Lands Bayrn in vier Biſtuͤmer, mit groſſer Begierd urilonis.

316 1153 1406 74 aus Befelch Gregorii III. Roͤmiſchen Papſt, allhie von S. Bonilacio.

318 1204 1394 74 Ertz⸗Biſchoffen zu Mayntz eingeſetzt. Und gleichwie faſt alle Biſtlͤ

318 1254 1397 72 mer von denen Benedictinern, oder Benedictineriſchen Cloͤſtern ihrel

316 1300 1395 82 Anfang haben; oder die neue Biſchoͤff in denen Cloͤſtern ihr Aufen

1579 1353 140 77 halruns

355 1532 1336 69 (O) Sandradur tan der anderte Nber zu S. Emmeram nicht genenner werden⸗ maſfen aul⸗.

1691 1517 23 53 .

388 1573 1320 72 lonium den erſten Arbren, ſo Anno 111. geſtorden, (wie m vorigen Cayttel gmelder wona-

394 1617 1132 68 Richpaldur eden in duſen Jahr noch als Atdt gefolgrt, wie hmach zu leſen iſt.

352 1654 1362 78 G) Otnhe Drctaſenden hat rs mit Aabolde, ß mter Neſe Erte, mo zar der Ont

387 1707 1303 64 nicht gezehlet werden tan. Von Sandrado, und Alaboldo, wirs in den Aeuien Crralo,

391 1748 1256 61 (von welchen oben die Nede geweſen) nichts gefunden. Due Gelegenheu darzn kan denei

388 1785 1231 54 deren Hiſtoricis gegeben haben, eine TTradition, wie ſelbe in unſeren Trdilton-nch

396 1823 1226 64 P. Bernardo Pei, Anecdot. tom. 1. Parre 5. Pag. 178. zu leſen, da Sandradus,

1629 1806 76 61 Arch

387 1866 1274 62 presbyter) etwas dem heilgen Emmeramo geſchencer hat, welches œort⸗ Archi-Pres⸗

388 1904 1316 59 vueichr due Urſach geweſen, daß dueſe altere Scribentrn emnen Ardern zu S. Emmeram daͤran

390 1938 1318 64 gemachr haben Alaboldus, oder deſſen Rahmen, n m temer Tradirion, oder Commuraczon

390 1978 1320 66 zu andenz wann nicht Altoldi nahmen darm genommen worden, welcher ais Diꝛconus A-

387 2019 1255 63 helligen Emmeramo ſeme Eigenchum zu Aruinga geſchencet hat. Wlr bey r. Bernards

1647 2004 68 57 Pel,

386 2060 697 53 Anecdor. tom. I. parte III. pag. 222. zu leſen.

356 2095 1342 75 (s) Muhin i lowool Fandredur, as Alaboldus anemlaſſen, darn Aggollonus bis aur2.,

380 2137 240 50 Adbt verdlieden.

355 2187 306 79 () Enhert. 1ꝛ.

1855 289 58 55 ha

1857 350 42 45 2.

1851 431 61 113 2

1861 530 47 63 del

1862 578 50 69 uͤr

1862 648 34 47 co

1862 681 27 65 fi

1860 733 24 57 ,

1862 834 46 72 be

1861 886 47 76 er

1862 984 44 67 a

1857 1037 52 68 ne

1872 1100 16 53 e

1867 1143 34 64 a

1861 1244 37 66 n.

1857 1447 32 60 er

1858 1491 52 77 Fe

1860 1683 50 75 u.

1857 1744 55 67 der

1861 1792 47 74 5.

1865 1850 24 75 1
