2047 2486
56 314 101 67 eyſins

111 367 40 58 et,

42 421 104 65 licla

103 468 33 67 g

80 517 63 63 nao

87 570 53 66 au

266 299 1402 80 ererogatiy und Ehren, daß ſelbe ein Reichs⸗Sradr genennt wird. Er⸗

820 243 65 73 28

917 245 243 80 O0 Eit-

1580 248 80 66 271

266 354 1401 78 meſſen ader denedens nit, daß auch unter waͤhrender Beherrſchung der

270 407 1398 76 Hertzogen in Bayrn ſelbe vor vielen andern den Vorzug gehabt, denen

269 454 1396 81 ſie jetzt nachgehen muſſen. Viel reicher geweſen, als da ſie ein Reichs⸗

269 505 1400 80 Stadt worden, und mit dieſen Privilegio in Armuth durch immer⸗

269 555 1400 84 dahrende Eractionen und Anlagen kommen. Es iſt zwar dey dieſer

269 604 1398 85 Stadt, als ſelbe an das Reich gezogen, das Bayriſche Wappen ab⸗

273 660 1398 74 deg gethan, und ſeynd demſelden ihre Schluͤſſel gelaſſen worden; es

265 709 1406 78 nag aber jetzt gedachte Stadt mit erwehnt⸗behaltenen Schluͤßlen nit

269 743 48 69 in

338 762 1330 73 Getraidt⸗ Kaſten in Bayrn ohne Willen und Zugeden des HHer⸗

270 809 1397 83 togs und des Lands⸗Fuͤrſten eroͤffnen, ſo ſeynd ſie mit Hindanſetzung

266 863 1399 78 Anes ſo hochen Hauſes, und allzeit loͤblicher Regenten durch vermeyn⸗

313 914 1358 81 Freyheir Dienſt⸗Knecht eines zum Regieren unerfahrnen, und zum

263 964 1408 78 ſauſen entweders eigennuͤtzigen, oder verſchwenderiſchen, ungeſchick⸗

267 1015 1408 80 en, und hochtrabenden damahls geweſten Magiſtrats, welcher denen

269 1063 1399 80 Gurgern nur die Freyheit zu nehmen, allerley Buͤrden aufzuladen,

269 1114 1399 77 ind was ihnen zuwider, erdencket; damit ſie nit etwann wohl vermoͤg⸗

270 1158 1399 89 uch und reich ſich wider ſie daͤrffen aufleinen. Unter ſich ſelbſten nie ei⸗

272 1211 1400 90 uger iſt, als wanns wider die Burger gehet. Von Bayrn haben ſie

267 1260 1401 85 Traidt und allerley Victualien nach Genugen und wohlfeil, die HHand⸗

266 1310 1405 90 dercks⸗ Leurh ihr Kundſchafft und allen Nachbarlichen Willen, ſo al⸗

267 1360 1402 88 es geſperrt kunte werden, wann die gute Neigung dieſes Hauſes gegen

262 1404 1401 97 der Stadt ſinckete.. Sollen gleichwohl ermeſſen; vb ihnen beſſer,

263 1452 1409 98 utzlicher, fuͤrtraͤglicher und ehrlicher ſene, jenen unterthaͤnig ſeyn, die

262 1504 1414 96 unter ihnen ſelbſten eyfferſuͤchtig, Geldbegierig, neidig, bißig, und

269 1556 1402 95 ußtrauig, nur auf Burgerliche Beſchwerden, Auflagen, Steuren,

269 1608 1405 93 ſeuerungen, Einſchranckungen, Inhibitiones, und allerley widerwaͤr⸗

269 1660 1403 91 ige Mandata, und Befelch gedencken, in allem aber ſelbzt Buͤrden⸗

274 1715 1400 85 ahr ausgehen; als einen eintzigen weiſen, klugen und dilereten Fuͤr⸗

259 1740 89 80 ſten

371 1769 1303 80 von deme ſie alle Ehr, Rutzen, Nahrung, Aufnehmen, Reich⸗

263 1799 111 73 hum

401 1820 1273 83 Sicherheit, und alles Guts hoffen, und gewarten koͤnnen,

263 1863 1413 89 lnd ſollen, und was dergleichen mehr bewegliche Zuſprechungen und

261 1910 1414 95 norza moͤgen geweſen: wie theils derſelben, und odenverſtandner in

262 1958 1407 97 Derrens Adelorcurhers Annalibus, und Bruneri Ducibus Bojorum⸗

265 2010 1410 98 uuch andern, ſonderbar manuſeriptis hiſtoricis zu firden, und ans

269 2063 1171 103 wvenſelden ſolche denommen, und allhero eingerragen ſeyn,

969 2168 181 91 2aa 2

1538 2171 127 82 Dieſe

70 685 29 69 8

29 727 93 65 Albet

62 973 58 65 ncͤd

30 1031 65 65 oeil

41 1629 50 67 die

29 1847 29 49 r

59 1926 34 64 ri

34 2078 70 72 Fre.
