1935 2499
901 238 397 70 a& (O) Ztg-

393 242 94 64 218

527 290 1257 86 Anno 1252. hats ein groſſen Sterb unter Viehe und Menſcher

387 341 136 76 geben.

527 392 1252 82 Obwohlen im Roͤmiſchen Reich viel von Adel waren, ſo wur

394 444 1379 80 den doch jene allen anderen vorgezogen, die das Hertz haͤtren bey de

390 499 1385 75 nen angeſtellten unterſchiedlichen Turnieren zu erſcheinen, und Rittek

390 551 1386 76 liche Thaten zu begehen. Dergleichen Turnier ſeynd von Anno 92)

387 603 1382 73 biß auf 1700. hin und wider z6. gehalten worden; wie dann darvon ei

388 651 1376 77 abſonderlich Buch ausgangen. Das fuͤnffzehende Turnier wurde al

386 702 1378 69 hie gehalten Gonntag nach Michaelis Anno 1282. Zurnier Goͤt

386 753 1369 75 ſeynd geweſen Conrad Schenck von Schweinsberg Ritter wegi

390 805 1340 76 Francken. Wegen Bayrn, Hannß von Frauenberg. Aus Schr

384 855 1378 73 ben Sigmund von Rierheim Ritter. Vom Rhein Conrad von S

383 903 1370 77 ckendorff. Turnier⸗ Werber und Vorreiſer waren Georg von Ba

384 955 1370 75 ſperg Ritter. WVildreuß von VValdau Ritter. Orrlieb Zeng

381 1007 1333 78 von Schneeberg Ritter. Ehrnfrid Ebron von TDildenberg,

379 1059 86 68 ter.

515 1106 1246 79 Anno 1287. ſeynd die 2. Bruder Hertzogen in Bayrn Jeinrid

376 1159 1365 76 und Ludwig allhie mit einander wegen der Land⸗Guͤter verguich

377 1209 185 58 worden.

515 1263 1239 72 Anno 1297. wurden nacher Maͤnchen von Regenſpurg aus be

376 1307 1382 77 ruffen RR. PP. Eremite S. Auguſtini, von denen allda zu Muͤnchen.

380 1359 1360 77 ein Cloſter gebaut, nachdeme ſie ein Jahr vorhero, als 1290. in de

380 1413 1321 78 Junio zu Regenſpurg ein General Capitel, oder Verſammlung gi

373 1466 1355 75 ten. Auf dieſem Capitel befande ſich, des Ordens General Clem.

375 1514 1309 75 Anzimanus, P. Auguſtinus de Terrano, Egidius Romanus,

377 1563 1373 79 noch mehrer an Fromm⸗ und Geſchicklichkeit hochgeprißne Patres

381 1613 1312 77 von deren Tugend und Wandel dann wurde Hertzog Rudolp.

1697 1650 58 70 lat

373 1666 1285 77 Bayrn dewegt, daß er ihnen zu dem vorhabenden Cloſter det

373 1715 1332 81 auſſer der Stadt⸗Mauren zu Muͤnchen, ſo man das HHaber⸗Felo ni

373 1768 413 67 te, eingeraumt hat.

1676 1799 77 79 grol

511 1817 1154 82 Es ware hieſige Stadt, vor dieſer Zeit in ſich ſelbſten,

376 1870 1261 80 nit, als anjetzo, dann gegen Occident ift alles in der Vorſtatt

372 1918 1267 83 den, was man von dem vermaurten Thor, im Winckel bey der

1704 1951 42 64 de

372 1971 1296 78 ſchen Hauß der Lini nach, zu der neuen Uhr, und von danner

1680 2006 60 115 ;

370 2022 1271 79 den Weibgerder Graden auf St. Oswalds Kirchen, biß zu der

370 2071 1274 79 Lend lincker Seithen ſihet. Die Stadt alſo zu erweitern, unt

368 2124 1308 82 dieſer Vorſtart zu beſchuͤten, hat ein ehrdahrer Magiſtrar Anno,

1711 2150 35 58 ꝛt

1869 294 46 51 ai

1875 330 48 67 De

1876 381 49 71 N

1879 441 36 57 e

1876 497 25 47 1

1872 987 19 59 e

1876 1202 32 65 N

1875 1350 21 77 .
