<?xml version="1.0" encoding="UTF-8"?>
<alto xmlns:xsi="http://www.w3.org/2001/XMLSchema-instance"
      xmlns="http://www.loc.gov/standards/alto/ns-v4#"
      xsi:schemaLocation="http://www.loc.gov/standards/alto/ns-v4# http://www.loc.gov/standards/alto/v4/alto-4-2.xsd">
  <Description>
    <MeasurementUnit>pixel</MeasurementUnit>
    <sourceImageInformation>
      <fileName>image178.jpg</fileName>
      <fileIdentifier>https://archiv.ub.uni-marburg.de/eb/2010/0168</fileIdentifier>
    </sourceImageInformation>
  </Description>
  <Tags>
    <OtherTag ID="BT1" LABEL="Title" DESCRIPTION="block type Title"/><OtherTag ID="BT2" LABEL="Main" DESCRIPTION="block type Main"/><OtherTag ID="BT3" LABEL="Commentary" DESCRIPTION="block type Commentary"/><OtherTag ID="BT4" LABEL="Illustration" DESCRIPTION="block type Illustration"/><OtherTag ID="BT42" LABEL="text" DESCRIPTION="block type text"/>
    <OtherTag ID="LT33" LABEL="default" DESCRIPTION="line type default"/>
  </Tags>
  <Layout>
    <Page WIDTH="1978"
          HEIGHT="2546"
          PHYSICAL_IMG_NR="178"
          ID="eSc_dummypage_">
      <PrintSpace HPOS="0"
                  VPOS="0"
                  WIDTH="1978"
                  HEIGHT="2546">
        <TextBlock HPOS="384"
                   VPOS="260"
                   WIDTH="1435"
                   HEIGHT="1911"
                   ID="eSc_textblock_ac619c98"
                   TAGREFS="BT42">
          <Shape><Polygon POINTS="940 260 1287 260 1373 316 1700 328 1728 350 1728 785 1712 830 1570 852 870 859 1238 893 1819 905 1802 983 1622 1005 1604 1029 1622 1091 1813 1120 1819 1243 1762 1328 1526 1345 1479 1379 1089 1408 1180 1425 1247 1544 1242 1622 1191 1674 1219 1775 1174 1831 1283 1917 1339 1934 1689 1946 1700 2103 1678 2137 1221 2142 1044 2171 486 2159 481 2036 452 1990 464 1929 909 1923 1005 1838 1051 1826 989 1780 1000 1652 962 1538 1068 1403 1010 1379 741 1373 694 1333 481 1328 401 1294 384 1254 401 1091 581 1086 616 1039 571 1000 575 971 396 949 413 899 554 886 509 841 509 707 481 609 515 536 520 367 507 343 413 332 413 277 502 265 554 311 739 311 853 299 940 260"/></Shape>
          <TextLine ID="eSc_line_0003e9f6"
                    TAGREFS="LT33"
                    BASELINE="530 360 1041 356 1712 370" 
                    HPOS="529"
                    VPOS="312"
                    WIDTH="1183"
                    HEIGHT="76">
            <Shape><Polygon POINTS="1704 332 1703 330 1523 322 1522 322 1458 329 1406 321 1404 321 1403 321 1376 328 1229 321 1228 321 1180 326 1151 318 1150 318 1148 318 1147 318 1123 325 1055 318 1054 318 996 323 887 315 885 315 803 322 751 314 749 314 643 321 614 312 612 312 539 312 537 312 536 312 534 312 530 315 530 360 529 373 776 379 778 379 884 371 987 381 989 381 990 381 1020 373 1039 383 1041 383 1042 384 1086 384 1086 383 1088 383 1089 383 1103 374 1281 383 1283 383 1284 383 1298 376 1331 386 1332 386 1334 386 1335 386 1368 377 1380 386 1382 386 1383 386 1385 386 1547 381 1576 388 1577 388 1579 388 1580 388 1581 388 1593 381 1709 388 1712 370 1710 336 1704 332"/></Shape>
            <String CONTENT="zarium gefiͤhret, von dannen, (nachdem z Franckſurth Anno"
                    HPOS="529"
                    VPOS="312"
                    WIDTH="1183"
                    HEIGHT="76"
                    WC="0.9941720502418384"></String>
          </TextLine>
          <TextLine ID="eSc_line_cf6527a8"
                    TAGREFS="LT33"
                    BASELINE="1208 305 1311 297" 
                    HPOS="1204"
                    VPOS="260"
                    WIDTH="107"
                    HEIGHT="69">
            <Shape><Polygon POINTS="1304 271 1293 264 1247 260 1246 260 1232 260 1218 260 1204 260 1208 305 1209 329 1276 329 1276 328 1277 328 1311 314 1311 297 1307 274 1304 271"/></Shape>
            <String CONTENT="Lig-"
                    HPOS="1204"
                    VPOS="260"
                    WIDTH="107"
                    HEIGHT="69"
                    WC="0.950269490480423"></String>
          </TextLine>
          <TextLine ID="eSc_line_dae4b368"
                    TAGREFS="LT33"
                    BASELINE="537 403 857 398 1716 410" 
                    HPOS="536"
                    VPOS="360"
                    WIDTH="1180"
                    HEIGHT="69">
            <Shape><Polygon POINTS="537 403 536 418 646 420 648 420 694 411 748 421 749 421 751 421 786 413 898 413 914 421 915 421 916 421 974 414 1005 424 1007 424 1008 424 1044 417 1110 424 1112 424 1113 424 1141 415 1182 422 1184 422 1318 418 1337 427 1338 427 1339 427 1474 421 1485 428 1487 428 1488 428 1680 429 1682 429 1683 429 1714 421 1716 410 1714 380 1598 371 1597 371 1595 371 1576 379 1547 371 1546 371 1545 371 1468 377 1453 370 1451 370 1450 370 1351 376 1321 366 1320 366 1318 366 1150 370 1136 363 1134 363 1133 363 1037 373 1007 362 1005 362 1004 362 1003 362 1001 362 987 371 957 362 956 362 955 362 888 369 841 360 840 360 537 367 537 403"/></Shape>
            <String CONTENT="792. gehaltenen Concilio,) nacher Gemetieum, ſo in den Roto-"
                    HPOS="536"
                    VPOS="360"
                    WIDTH="1180"
                    HEIGHT="69"
                    WC="0.9915895978609721"></String>
          </TextLine>
          <TextLine ID="eSc_line_dea0da06"
                    TAGREFS="LT33"
                    BASELINE="529 445 1000 445 1716 456" 
                    HPOS="527"
                    VPOS="403"
                    WIDTH="1189"
                    HEIGHT="72">
            <Shape><Polygon POINTS="529 445 527 462 723 465 724 465 725 465 727 465 739 456 779 463 781 463 817 456 946 468 947 468 949 468 972 459 993 468 994 468 996 468 997 468 1027 459 1054 468 1055 468 1056 468 1095 461 1107 469 1109 469 1110 469 1112 469 1177 461 1202 471 1204 471 1205 471 1325 462 1382 469 1383 469 1429 463 1458 473 1460 473 1461 473 1549 465 1587 475 1588 475 1590 475 1714 468 1716 456 1714 422 1489 422 1471 413 1470 413 1468 413 1362 420 1317 410 1218 410 1216 410 1215 410 1213 410 1202 417 1123 408 1121 408 1073 417 960 407 959 407 904 414 892 405 891 405 889 405 783 404 782 404 781 404 765 411 690 403 689 403 529 410 529 445"/></Shape>
            <String CONTENT="magenſiſchen Gebiet entlegen, ( damit ſelde von Bayrn entfernet"
                    HPOS="527"
                    VPOS="403"
                    WIDTH="1189"
                    HEIGHT="72"
                    WC="0.993355771851918"></String>
          </TextLine>
          <TextLine ID="eSc_line_00da34de"
                    TAGREFS="LT33"
                    BASELINE="530 486 1710 499" 
                    HPOS="529"
                    VPOS="448"
                    WIDTH="1181"
                    HEIGHT="71">
            <Shape><Polygon POINTS="530 486 529 499 691 509 693 509 786 500 806 510 807 510 809 510 857 502 942 509 943 509 1047 503 1063 513 1065 513 1066 513 1068 513 1069 513 1071 513 1086 504 1151 504 1315 516 1317 516 1436 507 1707 519 1710 499 1710 468 1693 459 1692 459 1690 459 1689 459 1687 459 1675 468 1591 468 1562 456 1560 456 1519 456 1518 456 1516 456 1515 456 1502 465 1420 455 1419 455 1296 462 1281 454 1280 454 1279 454 1277 454 1199 462 1185 452 1184 452 1182 452 1090 452 1089 452 1088 452 1055 461 967 451 966 451 923 459 793 448 734 448 732 448 731 448 730 448 718 456 700 448 698 448 697 448 696 448 677 456 639 449 638 449 530 454 530 486"/></Shape>
            <String CONTENT="wurden,) uͤberſetzet worden, alwo ſie auch geſtorben. Siehe anch"
                    HPOS="529"
                    VPOS="448"
                    WIDTH="1181"
                    HEIGHT="71"
                    WC="0.9894909411668777"></String>
          </TextLine>
          <TextLine ID="eSc_line_5e723755"
                    TAGREFS="LT33"
                    BASELINE="530 524 1545 536" 
                    HPOS="529"
                    VPOS="489"
                    WIDTH="1016"
                    HEIGHT="71">
            <Shape><Polygon POINTS="530 524 529 547 1542 560 1545 536 1543 507 1417 497 1416 497 1414 497 1413 497 1402 504 1209 504 1151 495 1150 495 1056 502 1024 493 1022 493 1021 493 949 499 909 492 908 492 840 499 568 497 530 489 530 524"/></Shape>
            <String CONTENT="Eccardum. tom. I. Franciæ Orient. pag. 725. &amp; 726."
                    HPOS="529"
                    VPOS="489"
                    WIDTH="1016"
                    HEIGHT="71"
                    WC="0.9888020384311677"></String>
          </TextLine>
          <TextLine ID="eSc_line_93b6f718"
                    TAGREFS="LT33"
                    BASELINE="490 611 1071 611 1710 620" 
                    HPOS="489"
                    VPOS="565"
                    WIDTH="1221"
                    HEIGHT="72">
            <Shape><Polygon POINTS="490 585 490 611 489 620 547 629 548 629 1354 629 1376 636 1378 636 1379 636 1489 630 1545 637 1546 637 1709 630 1710 620 1709 584 1546 575 1545 575 1378 581 1281 570 1280 570 1120 577 1042 567 1041 567 926 577 875 567 874 567 872 567 851 574 837 565 836 565 834 565 833 565 498 568 490 585"/></Shape>
            <String CONTENT="CAROLUS Koͤnig kommt Anno 782. in Bayrn, und nach Regen⸗"
                    HPOS="489"
                    VPOS="565"
                    WIDTH="1221"
                    HEIGHT="72"
                    WC="0.9857980459928513"></String>
          </TextLine>
          <TextLine ID="eSc_line_0a3be5ae"
                    TAGREFS="LT33"
                    BASELINE="523 659 1052 656 1707 664" 
                    HPOS="522"
                    VPOS="615"
                    WIDTH="1185"
                    HEIGHT="62">
            <Shape><Polygon POINTS="523 659 522 673 1704 677 1707 664 1706 630 1624 622 1622 622 1494 629 1450 619 1448 619 1447 619 1433 626 1246 619 1245 619 1243 619 1222 626 1213 618 1212 618 1211 618 1209 618 1208 618 1178 626 1052 618 1051 618 1001 626 984 618 983 618 908 616 762 616 761 616 720 625 706 615 704 615 703 615 701 615 557 623 523 615 523 659"/></Shape>
            <String CONTENT="ſpurg. Beruffet die Bayern zuſammen, beſtellet gewiſſe Grafen in Land,"
                    HPOS="522"
                    VPOS="615"
                    WIDTH="1185"
                    HEIGHT="62"
                    WC="0.976130394424711"></String>
          </TextLine>
          <TextLine ID="eSc_line_420311ba"
                    TAGREFS="LT33"
                    BASELINE="527 701 994 698 1710 705" 
                    HPOS="526"
                    VPOS="660"
                    WIDTH="1184"
                    HEIGHT="67">
            <Shape><Polygon POINTS="527 701 526 711 540 719 541 719 543 719 544 719 595 711 619 721 621 721 622 721 681 712 711 721 713 721 714 722 863 722 863 721 864 721 880 712 889 721 889 722 891 722 892 722 894 722 895 722 926 714 1150 714 1281 724 1283 724 1361 715 1380 724 1382 724 1537 725 1539 725 1540 725 1571 718 1601 725 1603 725 1604 725 1605 725 1607 725 1618 717 1635 725 1637 725 1638 727 1709 727 1710 705 1707 667 1523 673 1511 666 1509 666 1508 666 1506 666 1467 673 1421 664 1420 664 1338 671 1315 663 1314 663 1313 663 1311 663 1310 663 1298 673 1229 673 1216 663 1215 663 1213 663 1212 663 1079 669 1066 661 1065 661 1063 661 1062 661 1061 661 1045 669 947 661 946 661 911 669 854 660 853 660 813 669 773 660 772 660 734 669 704 660 703 660 701 660 652 669 626 660 625 660 623 660 622 660 621 660 609 669 527 669 527 701"/></Shape>
            <String CONTENT="die aber Geroldo ( ſo cin Bruder Hildegardis, Gemahlin Caroli"
                    HPOS="526"
                    VPOS="660"
                    WIDTH="1184"
                    HEIGHT="67"
                    WC="0.9897107648067787"></String>
          </TextLine>
          <TextLine ID="eSc_line_921c4c14"
                    TAGREFS="LT33"
                    BASELINE="522 749 923 746 1707 755" 
                    HPOS="522"
                    VPOS="704"
                    WIDTH="1185"
                    HEIGHT="69">
            <Shape><Polygon POINTS="522 749 522 760 664 760 684 768 686 768 687 768 732 760 972 760 990 770 991 770 993 770 1073 762 1110 772 1112 772 1113 772 1212 763 1311 773 1313 773 1354 766 1389 773 1390 773 1706 769 1707 755 1706 722 1610 714 1608 714 1393 719 1368 708 1366 708 1308 707 1307 707 1216 718 1110 705 946 705 945 705 943 705 919 717 881 704 880 704 878 704 877 704 848 715 812 708 810 708 728 715 642 704 640 704 567 714 522 708 522 749"/></Shape>
            <String CONTENT="des Koͤnigs, ware,) als Koͤnigiichen Geſandten, und Gewalt⸗"
                    HPOS="522"
                    VPOS="704"
                    WIDTH="1185"
                    HEIGHT="69"
                    WC="0.9846627479892666"></String>
          </TextLine>
          <TextLine ID="eSc_line_68b984b9"
                    TAGREFS="LT33"
                    BASELINE="522 790 1709 797" 
                    HPOS="522"
                    VPOS="751"
                    WIDTH="1187"
                    HEIGHT="70">
            <Shape><Polygon POINTS="522 790 522 811 921 810 1096 818 1097 818 1229 811 1240 818 1242 818 1243 818 1245 818 1279 813 1301 820 1303 820 1304 820 1354 814 1471 821 1472 821 1673 814 1704 821 1709 797 1706 759 1471 765 1379 765 1361 755 1359 755 1358 755 1356 755 1355 755 1339 765 1270 765 1206 763 1192 753 1191 753 1189 753 1188 753 1187 753 1171 762 1099 762 1071 753 1069 753 1068 753 1013 762 977 752 976 752 728 751 727 751 725 751 689 759 522 753 522 790"/></Shape>
            <String CONTENT="haber unterthaͤnig ſeyn muͤgten. Eccardus tom. L. Francir Orient."
                    HPOS="522"
                    VPOS="751"
                    WIDTH="1187"
                    HEIGHT="70"
                    WC="0.9957232814568739"></String>
          </TextLine>
          <TextLine ID="eSc_line_adc7cd14"
                    TAGREFS="LT33"
                    BASELINE="523 837 707 840" 
                    HPOS="522"
                    VPOS="797"
                    WIDTH="185"
                    HEIGHT="70">
            <Shape><Polygon POINTS="523 837 522 859 590 867 591 867 592 867 632 854 706 854 707 840 707 809 673 797 672 797 670 797 523 800 523 837"/></Shape>
            <String CONTENT="vae- 727."
                    HPOS="522"
                    VPOS="797"
                    WIDTH="185"
                    HEIGHT="70"
                    WC="0.9825357331169976"></String>
          </TextLine>
          <TextLine ID="eSc_line_f841753b"
                    TAGREFS="LT33"
                    BASELINE="406 940 853 937 1586 946 1808 939" 
                    HPOS="406"
                    VPOS="896"
                    WIDTH="1402"
                    HEIGHT="71">
            <Shape><Polygon POINTS="1805 903 1791 903 1777 903 1762 903 1748 903 1747 902 1487 909 822 898 820 898 496 905 469 896 468 896 466 896 414 903 407 913 406 940 406 958 720 951 765 960 766 960 822 951 902 961 904 961 905 961 935 954 962 963 963 963 964 963 966 963 967 963 983 953 1048 953 1170 966 1586 967 1587 967 1588 967 1612 960 1641 967 1642 967 1644 967 1806 954 1808 939 1805 903 1805 903"/></Shape>
            <String CONTENT="RNARAXRAXAAXRAAXANRMXNNXNMXXXRNNAAAAXXAXXꝛM"
                    HPOS="406"
                    VPOS="896"
                    WIDTH="1402"
                    HEIGHT="71"
                    WC="0.914516880068668"></String>
          </TextLine>
          <TextLine ID="eSc_line_277cb792"
                    TAGREFS="LT33"
                    BASELINE="728 1073 1560 1079" 
                    HPOS="728"
                    VPOS="985"
                    WIDTH="832"
                    HEIGHT="109">
            <Shape><Polygon POINTS="728 1073 728 1089 744 1082 814 1089 816 1089 817 1089 831 1082 891 1089 892 1089 894 1089 915 1082 935 1091 936 1091 938 1091 1089 1083 1146 1093 1147 1093 1189 1084 1211 1093 1212 1093 1213 1093 1270 1084 1303 1093 1304 1093 1305 1093 1307 1093 1341 1084 1380 1094 1382 1094 1383 1094 1423 1087 1557 1093 1560 1079 1560 1007 1519 988 1518 988 1516 988 1515 988 1492 998 1468 988 1467 988 1465 988 1464 988 1462 988 1440 1005 1396 994 1395 994 1393 994 1392 994 1354 1004 1286 992 1284 992 1283 992 1254 1001 1211 987 1209 987 1208 987 1116 991 1114 991 1088 1002 1045 988 1044 988 1042 988 1041 988 997 1004 973 988 972 988 970 988 969 988 938 994 914 985 912 985 857 985 856 985 854 985 853 985 830 1002 797 988 796 988 795 988 793 988 792 988 792 990 776 1002 728 1002 728 1073"/></Shape>
            <String CONTENT="ATALOGUS II."
                    HPOS="728"
                    VPOS="985"
                    WIDTH="832"
                    HEIGHT="109"
                    WC="0.9659247597058614"></String>
          </TextLine>
          <TextLine ID="eSc_line_a4753cf3"
                    TAGREFS="LT33"
                    BASELINE="398 1178 1809 1178" 
                    HPOS="398"
                    VPOS="1110"
                    WIDTH="1411"
                    HEIGHT="85">
            <Shape><Polygon POINTS="1799 1117 1785 1115 1771 1113 1762 1111 1741 1123 1155 1123 926 1111 925 1111 923 1111 892 1121 851 1110 850 1110 492 1110 490 1110 435 1117 401 1110 398 1117 398 1178 398 1195 1809 1195 1809 1178 1809 1118 1799 1117"/></Shape>
            <String CONTENT="EPISCOPIRATISBONENSES, das iſt,"
                    HPOS="398"
                    VPOS="1110"
                    WIDTH="1411"
                    HEIGHT="85"
                    WC="0.9991528968657216"></String>
          </TextLine>
          <TextLine ID="eSc_line_af2baebb"
                    TAGREFS="LT33"
                    BASELINE="397 1244 1581 1244 1801 1237" 
                    HPOS="397"
                    VPOS="1186"
                    WIDTH="1404"
                    HEIGHT="84">
            <Shape><Polygon POINTS="397 1263 899 1257 1018 1258 1041 1268 1042 1268 1044 1270 1611 1270 1611 1268 1612 1268 1628 1261 1692 1268 1693 1268 1695 1268 1731 1256 1799 1261 1801 1237 1796 1188 1743 1196 1689 1188 1687 1188 1686 1188 1663 1199 1496 1199 1470 1186 1468 1186 1429 1186 1427 1186 1426 1186 1402 1199 1263 1199 1240 1190 1239 1190 1238 1190 1164 1198 1131 1186 1130 1186 1129 1186 1069 1198 1028 1186 1027 1186 872 1186 871 1186 870 1186 826 1198 807 1186 806 1186 805 1186 803 1186 694 1196 660 1186 659 1186 657 1186 656 1186 611 1198 578 1186 577 1186 575 1186 507 1198 397 1186 397 1244 397 1263"/></Shape>
            <String CONTENT="Regenſpurgeriſche Biſchoͤff, ſo allda, vor Einſetzung derer"
                    HPOS="397"
                    VPOS="1186"
                    WIDTH="1404"
                    HEIGHT="84"
                    WC="0.9758171853372606"></String>
          </TextLine>
          <TextLine ID="eSc_line_e24ad5c8"
                    TAGREFS="LT33"
                    BASELINE="455 1297 1216 1305 1760 1301" 
                    HPOS="454"
                    VPOS="1248"
                    WIDTH="1306"
                    HEIGHT="91">
            <Shape><Polygon POINTS="455 1297 454 1315 588 1333 590 1333 698 1318 841 1318 911 1329 912 1329 914 1329 938 1319 993 1329 994 1329 996 1329 997 1329 1011 1321 1035 1329 1037 1329 1038 1329 1093 1319 1124 1332 1126 1332 1127 1332 1195 1321 1233 1332 1235 1332 1236 1332 1238 1332 1276 1322 1322 1328 1324 1328 1325 1328 1349 1321 1363 1329 1365 1329 1366 1329 1368 1329 1434 1321 1494 1338 1495 1338 1496 1339 1758 1339 1760 1301 1757 1263 1687 1254 1590 1254 1588 1254 1587 1254 1570 1261 1498 1254 1496 1254 1284 1260 1263 1253 1262 1253 1260 1253 1222 1260 1148 1253 1147 1253 1048 1258 1028 1251 1027 1251 1025 1251 932 1258 863 1250 861 1250 693 1257 615 1250 614 1250 568 1257 510 1248 509 1248 455 1256 455 1297"/></Shape>
            <String CONTENT="ordentlichen Biſchoͤffen, ſich auf eine Zeit aukgebalten. Nebſt de⸗"
                    HPOS="454"
                    VPOS="1248"
                    WIDTH="1306"
                    HEIGHT="91"
                    WC="0.985000219807696"></String>
          </TextLine>
          <TextLine ID="eSc_line_23ad4861"
                    TAGREFS="LT33"
                    BASELINE="742 1350 1478 1356" 
                    HPOS="741"
                    VPOS="1308"
                    WIDTH="737"
                    HEIGHT="86">
            <Shape><Polygon POINTS="741 1376 792 1377 810 1391 812 1391 813 1391 814 1391 889 1383 925 1393 926 1393 928 1393 990 1386 1038 1393 1039 1393 1041 1393 1042 1393 1056 1381 1129 1394 1130 1394 1477 1381 1478 1356 1478 1321 1451 1312 1450 1312 1448 1312 1337 1319 1301 1312 1300 1312 1298 1312 1297 1312 1297 1314 1286 1323 1243 1323 1196 1311 1195 1311 1194 1311 1127 1322 1113 1312 1112 1312 1110 1312 1109 1312 957 1321 946 1311 946 1309 945 1309 943 1309 942 1309 940 1309 909 1316 840 1308 839 1308 769 1319 744 1309 742 1350 741 1376"/></Shape>
            <String CONTENT="ven Erſteren , ordenrlichen Dudoͤſfen."
                    HPOS="741"
                    VPOS="1308"
                    WIDTH="737"
                    HEIGHT="86"
                    WC="0.94820662783949"></String>
          </TextLine>
          <TextLine ID="eSc_line_d98d1309"
                    TAGREFS="LT33"
                    BASELINE="1044 1458 1175 1458" 
                    HPOS="1044"
                    VPOS="1422"
                    WIDTH="131"
                    HEIGHT="54">
            <Shape><Polygon POINTS="1044 1432 1044 1458 1044 1472 1174 1476 1175 1458 1175 1427 1051 1422 1044 1432"/></Shape>
            <String CONTENT="Anno"
                    HPOS="1044"
                    VPOS="1422"
                    WIDTH="131"
                    HEIGHT="54"
                    WC="0.9999965727329254"></String>
          </TextLine>
          <TextLine ID="eSc_line_66aeb7cb"
                    TAGREFS="LT33"
                    BASELINE="967 1567 1243 1570" 
                    HPOS="966"
                    VPOS="1517"
                    WIDTH="277"
                    HEIGHT="74">
            <Shape><Polygon POINTS="1236 1529 1215 1519 1213 1519 1212 1519 1211 1519 1172 1531 1086 1531 1073 1519 1073 1517 1072 1517 1071 1517 1017 1517 1015 1517 1014 1517 976 1529 967 1561 967 1567 966 1585 1240 1591 1243 1570 1243 1560 1236 1529"/></Shape>
            <String CONTENT="Garibaldus 1."
                    HPOS="966"
                    VPOS="1517"
                    WIDTH="277"
                    HEIGHT="74"
                    WC="0.9754935640555161"></String>
          </TextLine>
          <TextLine ID="eSc_line_3c2c9838"
                    TAGREFS="LT33"
                    BASELINE="1034 1622 1181 1626" 
                    HPOS="1032"
                    VPOS="1579"
                    WIDTH="149"
                    HEIGHT="64">
            <Shape><Polygon POINTS="1034 1622 1032 1633 1054 1642 1055 1642 1056 1643 1180 1643 1181 1626 1181 1589 1114 1579 1113 1579 1034 1584 1034 1622"/></Shape>
            <String CONTENT="Hertzog."
                    HPOS="1032"
                    VPOS="1579"
                    WIDTH="149"
                    HEIGHT="64"
                    WC="0.9497057273983955"></String>
          </TextLine>
          <TextLine ID="eSc_line_8cb245e9"
                    TAGREFS="LT33"
                    BASELINE="998 1770 1201 1773" 
                    HPOS="997"
                    VPOS="1727"
                    WIDTH="204"
                    HEIGHT="69">
            <Shape><Polygon POINTS="998 1770 997 1785 1099 1796 1100 1796 1199 1787 1201 1773 1201 1738 1175 1729 1174 1729 1172 1729 1116 1736 1106 1729 1105 1729 1103 1729 998 1727 998 1770"/></Shape>
            <String CONTENT="Talkilo 1."
                    HPOS="997"
                    VPOS="1727"
                    WIDTH="204"
                    HEIGHT="69"
                    WC="0.9793641626834869"></String>
          </TextLine>
          <TextLine ID="eSc_line_d623348a"
                    TAGREFS="LT33"
                    BASELINE="1047 1865 1144 1868" 
                    HPOS="1045"
                    VPOS="1821"
                    WIDTH="99"
                    HEIGHT="67">
            <Shape><Polygon POINTS="1047 1826 1047 1865 1045 1882 1141 1888 1144 1868 1144 1830 1047 1821 1047 1826"/></Shape>
            <String CONTENT="60y."
                    HPOS="1045"
                    VPOS="1821"
                    WIDTH="99"
                    HEIGHT="67"
                    WC="0.9164793491363525"></String>
          </TextLine>
          <TextLine ID="eSc_line_155ff03e"
                    TAGREFS="LT33"
                    BASELINE="458 1973 888 1983 1687 1983" 
                    HPOS="457"
                    VPOS="1930"
                    WIDTH="1230"
                    HEIGHT="78">
            <Shape><Polygon POINTS="1675 1946 1669 1944 1661 1944 1646 1944 1632 1943 1624 1943 1614 1949 1485 1949 1410 1936 1406 1936 1392 1936 1378 1934 1363 1934 1349 1934 1263 1934 1262 1934 1260 1934 1239 1944 1221 1937 1219 1937 1218 1937 1165 1946 1141 1933 1140 1933 1138 1933 1096 1942 1071 1933 1069 1933 1068 1933 1066 1933 1042 1946 918 1946 892 1933 891 1933 756 1932 755 1932 754 1932 730 1943 653 1934 652 1934 592 1943 475 1930 473 1930 472 1930 471 1930 458 1957 458 1973 457 1990 669 2000 670 2000 730 1994 781 2002 782 2004 850 2004 850 2002 851 2002 872 1994 962 2004 963 2004 1004 1995 1017 2004 1018 2004 1020 2004 1021 2004 1022 2004 1044 1998 1140 2005 1141 2007 1254 2007 1254 2005 1304 1995 1354 2004 1355 2004 1434 1997 1458 2007 1460 2007 1461 2008 1588 2008 1588 2007 1686 1995 1687 1983 1683 1959 1675 1946"/></Shape>
            <String CONTENT="Ob. und was vor Biſchaͤffe nnter obigen .ertzogen in Negenſpurg gewelen"
                    HPOS="457"
                    VPOS="1930"
                    WIDTH="1230"
                    HEIGHT="78"
                    WC="0.9850223887134606"></String>
          </TextLine>
          <TextLine ID="eSc_line_6904b482"
                    TAGREFS="LT33"
                    BASELINE="947 1923 1254 1920" 
                    HPOS="946"
                    VPOS="1872"
                    WIDTH="308"
                    HEIGHT="75">
            <Shape><Polygon POINTS="1243 1888 1229 1876 1209 1872 1208 1872 1097 1881 967 1874 966 1874 964 1874 962 1874 960 1876 946 1888 947 1923 947 1937 1097 1947 1099 1947 1100 1947 1102 1947 1114 1939 1143 1946 1144 1946 1146 1946 1147 1946 1148 1946 1161 1936 1226 1946 1228 1946 1229 1946 1254 1934 1254 1920 1246 1891 1243 1888"/></Shape>
            <String CONTENT="Garibalaus 1T."
                    HPOS="946"
                    VPOS="1872"
                    WIDTH="308"
                    HEIGHT="75"
                    WC="0.9785659313201904"></String>
          </TextLine>
          <TextLine ID="eSc_line_7212d01b"
                    TAGREFS="LT33"
                    BASELINE="493 2018 1682 2026" 
                    HPOS="492"
                    VPOS="1981"
                    WIDTH="1190"
                    HEIGHT="68">
            <Shape><Polygon POINTS="493 2018 492 2032 1088 2046 1089 2046 1201 2038 1270 2046 1271 2046 1438 2039 1509 2049 1511 2049 1680 2039 1682 2026 1679 1990 1485 1997 1453 1988 1451 1988 1450 1988 1400 1995 1215 1987 1213 1987 1212 1987 1188 1994 928 1987 926 1987 925 1987 905 1992 877 1984 875 1984 874 1984 758 1991 731 1984 730 1984 493 1981 493 2018"/></Shape>
            <String CONTENT="ſeyen? iſt unberannt. Siehe, was pag. 19. &amp; 136. num.V. ans uneren"
                    HPOS="492"
                    VPOS="1981"
                    WIDTH="1190"
                    HEIGHT="68"
                    WC="0.9751671344944925"></String>
          </TextLine>
          <TextLine ID="eSc_line_e97f7f5d"
                    TAGREFS="LT33"
                    BASELINE="498 2055 960 2069 1680 2065" 
                    HPOS="496"
                    VPOS="2028"
                    WIDTH="1184"
                    HEIGHT="61">
            <Shape><Polygon POINTS="498 2055 496 2076 1086 2087 1088 2087 1242 2080 1301 2087 1303 2087 1304 2087 1332 2080 1430 2089 1431 2089 1679 2080 1680 2065 1678 2033 498 2028 498 2055"/></Shape>
            <String CONTENT="Arnoldo gemeider worden, das nehmlich virle ſalſche kehrer unter den"
                    HPOS="496"
                    VPOS="2028"
                    WIDTH="1184"
                    HEIGHT="61"
                    WC="0.9875459311639562"></String>
          </TextLine>
          <TextLine ID="eSc_line_880fbdbb"
                    TAGREFS="LT33"
                    BASELINE="495 2100 1055 2111 1678 2110" 
                    HPOS="493"
                    VPOS="2065"
                    WIDTH="1185"
                    HEIGHT="79">
            <Shape><Polygon POINTS="898 2067 897 2067 851 2074 738 2067 737 2067 735 2067 715 2074 686 2066 684 2066 683 2066 681 2066 660 2074 495 2065 495 2100 493 2118 768 2120 803 2130 805 2130 806 2130 857 2123 882 2132 884 2132 885 2132 887 2132 906 2123 983 2123 1058 2140 1059 2140 1313 2134 1371 2142 1372 2144 1676 2144 1678 2110 1678 2083 1652 2073 1651 2073 1649 2073 1495 2082 1440 2082 1424 2072 1423 2072 1421 2072 1420 2072 1296 2077 1229 2070 1228 2070 1226 2070 1225 2070 1216 2077 1196 2072 1195 2072 1194 2072 1133 2079 922 2077 899 2067 898 2067"/></Shape>
            <String CONTENT="Nahmen eines Biſchoffens , oder Prieſters inn kand hernm gereiſet⸗"
                    HPOS="493"
                    VPOS="2065"
                    WIDTH="1185"
                    HEIGHT="79"
                    WC="0.991088168187575"></String>
          </TextLine>
          <TextLine ID="eSc_line_23d68d7b"
                    TAGREFS="LT33"
                    BASELINE="496 2145 1037 2151" 
                    HPOS="495"
                    VPOS="2106"
                    WIDTH="542"
                    HEIGHT="76">
            <Shape><Polygon POINTS="496 2145 495 2162 551 2171 553 2171 598 2165 608 2172 609 2172 611 2172 612 2172 666 2166 673 2172 673 2174 674 2174 676 2174 677 2174 713 2166 724 2175 725 2175 727 2175 728 2175 759 2169 778 2181 779 2181 781 2181 782 2182 864 2182 864 2181 865 2181 867 2181 874 2174 880 2178 880 2179 881 2179 882 2179 884 2179 922 2172 973 2182 974 2182 1035 2176 1037 2151 1035 2118 631 2106 629 2106 496 2111 496 2145"/></Shape>
            <String CONTENT="und das Voick verfuͤhret haben."
                    HPOS="495"
                    VPOS="2106"
                    WIDTH="542"
                    HEIGHT="76"
                    WC="0.990981972986652"></String>
          </TextLine>
        </TextBlock>
        <TextBlock HPOS="1685"
                   VPOS="2195"
                   WIDTH="94"
                   HEIGHT="44"
                   ID="eSc_textblock_332cbb6d"
                   TAGREFS="BT42">
          <Shape><Polygon POINTS="1737 2195 1779 2200 1779 2239 1696 2239 1685 2206 1737 2195"/></Shape>
          <TextLine ID="eSc_line_3d039b24"
                    TAGREFS="LT33"
                    BASELINE="1700 2226 1771 2230" 
                    HPOS="1699"
                    VPOS="2195"
                    WIDTH="72"
                    HEIGHT="68">
            <Shape><Polygon POINTS="1758 2198 1744 2195 1730 2195 1716 2199 1704 2200 1700 2226 1699 2247 1730 2263 1731 2263 1733 2263 1734 2263 1770 2251 1771 2230 1770 2198 1758 2198"/></Shape>
            <String CONTENT="ss2"
                    HPOS="1699"
                    VPOS="2195"
                    WIDTH="72"
                    HEIGHT="68"
                    WC="0.9997476935386658"></String>
          </TextLine>
        </TextBlock>
      </PrintSpace>
    </Page>
  </Layout>
</alto>
