1935 2499
393 227 91 57 230

898 229 34 45 .

939 227 359 74 228 (0) Eb-

391 280 1406 80 geweſen, als Waynt, Crier, Coͤlln, und Brandenburg) eines

391 333 1399 79 Reichs⸗Tag, beſchwaͤrte ſich vor beſagten Chur⸗Fuͤrſten, Faͤrſten

393 384 1391 81 und Staͤnden, daß er in Beſchuͤtzung des Reichs Freyheit, bom Par

401 437 1345 76 ſo hart gehalten wurde; er bekam von allen den Beyfall, und wi

401 485 1361 82 man das Paͤpſtliche Interdictum nicht achten, auſſer deren HHerr

393 537 1390 80 Dominicanern allhie, und zu Landehur, ſo ihre Kirchen verſperretell

391 584 617 71 die wurden aber bald eroͤffnet.

529 638 1236 79 Bey dem Antrit unſers Kirch⸗ Hofs iſt lincker Seythene

388 690 1369 76 ziemlich hocher Thurn, an St. Michaels⸗Capellen ſtoſſend. Kay

390 739 1386 80 Ludwig lieſſe das Tach abtragen, und dem auf dem Platz und Kirs

393 794 1364 73 Hof ſtehendem Volck die Kayſerliche, und Reichs⸗Inlignia zeigen.

525 846 1214 74 Anno 1227. wurde Ludovicus von dem Roͤmiſchen Rath,

391 889 1373 78 Volck nacher Rom zu reiſen erſucht. Der richtete ſich Anno 152

386 939 1371 82 auf den Weeg; empfieng zu Mayland die eiſene Cron, das ande

386 994 1001 73 Jahr hernach von Sarra Columnio die Roͤmiſche.

522 1048 1242 73 Anno 1329. ſtarbe allhie ein Auguſtiner⸗ Religios, B. Frio.

384 1094 1357 81 ricus, deſſen tieffiſte Demuth ihn wuͤrdig machte, die heilige En

381 1146 1358 79 mit leiblichen Augen zu ſehen, und das HHochheiligiſte Sacrament⸗

381 1196 1369 78 ihren Haͤnden zu empfangen. Ligt im Chor ſeiner Cloſter⸗ Kirchen

516 1253 1192 71 Demnach ſich die Bayriſche Hertzogen vermehrt, wollte.

381 1293 1360 81 das Land zu klein ſeyn. Zu vermeiden aller Ungelegenheit, hielte &i

381 1349 1306 78 ſer Ludwig Anno 1528. ein Zuſammenkunfft, und verglieche die

380 1400 1334 75 tende drey Hertzogen ſeine Vettern, als Heinricum XIII, ſeinen-

386 1450 1293 77 der Otten, und ihren Vettern Heinricum XIV ſolcher G

379 1499 1322 78 Heinrico XIII, des Koͤnigs in Boͤhmen Ayden verordnet er Lande

1729 1488 32 61 ꝛt

381 1554 1274 75 Straubing, Scharding, Pfarikirchen, und was darein gehoͤret.

380 1602 1273 77 tzog Orten fiele zu ſeinem Theil, was um Galtzburg lag, als

379 1653 1289 78 hauſen, Braunau, Traunſtain, Reichenhall. Heinrich den

376 1703 1299 78 Ottens aus Ungarn Sohn, war zu ſeinem Theil, Landau,.

377 1752 1301 79 fing, Viltzhofen, Deckendorff ( allwo er HHof gehalten) Can

375 1807 1272 75 Bogen. Nach dieſer Theilung zogen die Fuͤrſten und Herren

376 1857 1317 76 voneinander, namm ein jeder ſemnen Theil ein, aber ſie wurde.

376 1907 1304 82 Graͤntzen halber immer uneins, und verfuhren gleich mit Senge

373 1951 209 66 Brennen.

508 2004 1163 81 Als in oben gedachten, zwiſchen dem Payſt und Kayſe.

369 2060 1295 71 wigen, ſich enthaltenen Differentien, die Reichs⸗Stadt Rege

372 2111 1296 81 Seiner Kayſerlichen Majeſtaͤt aus dem Welſchland allihero kom

1880 326 35 44 id

1876 376 52 47 ull

1882 472 39 48 At

1879 508 22 68 9

1878 606 36 65 do

1882 1037 23 32 1

1878 1547 22 19 1

1884 406 24 63 d

1880 962 27 58 1
