1918 2545
277 238 97 64 168

793 231 393 72 -2 (O) Ebe-

281 292 1410 71 Fried, dene Hittrudis die Schweſter mit vernhͤnfftigen Urſachen und

285 352 1408 66 Vorſtellung ihres jungen Sohns Taſtuonis defoͤrderet, und nach dem

280 394 910 71 ſich Urilo des Koͤniglichen Titels begeben hat.

413 445 1280 72 Arnoldus Vion part. 2. lib. a. fol. a61. will, daß Chilpericus

280 496 1414 70 I. (dann alſo nennt er ihn) vorher ſchon ein Moͤnch in dem Cloſtek

280 550 1413 69 S. Mariæ de Kale, unweit Pariß geweſen ſeye, und in dem heiligen

278 600 1413 68 Orden den Nahmen Daniel gefuͤhrt habe. Unter Clorhario I. haben

281 653 1409 68 ihn die Magnaten in Franckreich zum Koͤnig gemacht. Indeme er ſich

278 702 1405 67 aber ſchlechtlich verhalten, und Caroli Marrelli (der Clorharium to-

284 753 1402 72 rirte) Gewalt nit hintertribe, ſeye er nach wenig Monath ſeiner Re⸗

280 805 847 67 gierung, in unſer Cloſter relegirt worden.

418 856 1269 70 Gedachter Vion gedenckt ferners von einem Koͤnig in Franck⸗

280 902 1404 73 reich, welcher aus einem Moͤnch Koͤnig, und von ſolcher Dignitær ab⸗

281 952 1402 80 ſtehend wider ein Moͤnch worden, mit folgenden aus Larein in dal

282 1003 553 65 Feutſch verſetzten Worten.

413 1054 1274 75 (h) Childericus I. mit dem Zunahmen Stupidus. Underſtaͤndig⸗

281 1108 1395 71 iſt von Jugend auf in dem Cloſter S. Mariu de Kala naͤchſt Pariß ei

280 1160 1406 70 Moͤnch geweſen. Nachdem aber ſein Bruder Theodoricus H. ohnt

281 1213 1403 66 Erben aufgerieben worden, iſt er mit jedermanns Frolocken aus den

281 1264 1393 63 Cloſter genommen, und zum 1yten und letzten Koͤnig der Merovingo

281 1309 1388 66 rum in Franckreich gecroͤnt worden. Nachdem er aber (wie ſein Vot

278 1360 1396 70 fahrer) alle einheimiſche und frembde hohe Geſchaͤfft ſeinem obriſte.

281 1413 1397 71 HHoffmeiſter Pipino uberlaſſen, wenig unter das Volck gekommen,

278 1466 1393 70 ſeinen Geluͤſten nachgangen, kein Audienz gegeben, und nemand da

281 1517 1365 69 Recht geſprochen, hat Pipinus erachtet, es ſeye rechte Zeit und Ge

281 1563 1393 71 genheit Koͤnig zu werden. Beſchriebe ihn dey dem Pabſt Zachar-

280 1611 1383 72 gar aͤhnlich, und erhielte das Koͤnigreich, wurde von S. Boniſacio ;

281 1661 1389 82 Succeſlion gecroͤnt, und aus Paͤbſtlichen Befelch muͤſte Childericvsn

1551 1715 75 67 unſ⸗

1848 281 48 63 un

1850 330 60 74 Ro

1848 384 55 74 N.

1843 489 67 62 nac

1847 540 65 63 vot

1847 589 58 59 der

1844 630 68 75 Nai

1851 691 47 61 er

1841 735 68 69 drar

1840 781 73 75 ſein,

1843 837 66 65 den

1845 880 33 63 1

1845 933 47 76 te

1840 1040 59 61 and

1841 1083 48 65 M.

1837 1143 59 55 ein.

315 1879 1310 63 C) Sirhe tom. V. Scriptorum Rerum Francicar. Dom. Martin Bouquet. In dieſem

350 1918 1323 61 mo, und denen darinnen enthaltenen Annalitus, iſt vteles von Childerico, letzten Meroribs

353 1959 1234 55 ſchen Xonig zu teren. Ach unde aber nicht, daß Childericos nach S. Enmeram getomn

1629 1939 28 47 et

355 1996 1230 54 kondern, nach Cloſter STTHIIU. NB. In Neſen gans neuen treſlichen Wera/ ſo der

350 2033 1220 46 Beredictiner D. Martin Bouguer Conarc- S. Mauri, verfaſſet, und daran ſcon

1588 1986 21 78 ,

360 2061 1306 64 VII. Tom. m Folio gedrucer worden/ iſt zu Anang eines irden Tomi eme Chronologn

1633 2078 41 45 eret

353 2098 1253 58 Dronung von der Franctiſchen Hiſtorie zu leſen, welche duſer gelehrte Aurnor, mitrele

1613 2108 63 67 tor

350 2139 1224 61 Chroniden, ſo er vorleget, battaſſaget. Wer aiſo rui glelchloͤnmner, und grgnnoerke,

343 2178 681 71 m haden vetlaͤrga, der tn Fe) deranen erſehen.

1835 1343 57 66 ten

1833 1488 39 63 n

1830 1590 41 61 ꝛe

1833 1681 62 66 chaif

1826 1732 80 79 Wi

1826 1791 75 58 mee

1838 1853 33 47 2,

1830 1883 80 80 Sra⸗

1831 1941 48 72 .

1828 2030 61 78 ris
