1991 2551
796 294 334 82 28 (0) 8eB

272 340 1398 89 Dieſes geſchahe zu Ende des achten Sœculi, vermoͤg deren Bullen, wie unten zu

1585 317 86 74 122

269 391 1401 85 ſehen, Anno 797. oder 798. und um dieſe Zeit wurde Apollonius, der Erſte Aodt

270 435 1399 89 i Sr. Emmneram unter Carolo Magno eingeſetzt, welcher biß zu der Regierung Lu-

272 469 642 89 lovici Pii, Carcti AA. Cohns, geledt.

270 575 1400 88 audere Seribenten ihreHiſtorie gezogen, Appollonium ſchon auf das Fahr Sy7. geſer

380 534 1294 83 Warumen aber die alte Catalogi deren Aeddten, ans welchen hinnach die

276 603 41 64 er

336 626 1335 74 aben, mag villeicht aus folgender Urſach geſchehen ſeyn. Der aͤlrnte Catalo-

277 651 61 59 zus

270 691 57 58 tti,

371 667 1302 72 ſo in unſeren Archivo zu ſehen, iſt in dem Chronico Hermanni Contra-

347 712 1315 77 allwo der Copiſt dieſes Chronici, Appollonium Abbten zu S. Emmeram,

273 739 50 58 anf

330 753 1336 78 das ſechshnnderr ſden und neuntzigiſte Jahr ſetzet, wie er dann mehrere Sachen

269 793 1398 88 con der Regenſpurgeriſchen Hiſtorie nir einmiſchet. Dirſer Codeꝛ aber iſi erſt

270 837 1400 84 nno 11cy. geſcprieben, und alſo die Hiſtorie biß auf ſolches Jahr vort conti-

270 880 1397 86 duͤirr worden. Krinen aͤuteren Catologum habe ich nit gezunden, wohl aber an⸗

266 922 1397 87 dere, ip gleich auf dieſen geſolget, und welche alle den Abdren Appollonium auf das

286 967 1384 87 rne Jahr angeſetzet haben. In dieſen aͤlnſten Catalogo, iſt nur Appollonras

265 1013 1405 81 Aein zu unden, von Sandrado, Aladoido, Babone, Sigzirmundo, Richbaldo, Si-

260 1052 1409 90 Fetride, wird nichts gemelder. Nun kan es ſeyn, daß dieſer Copiſt, welcher aͤder

324 1098 1329 88 Jahr, nach Conradum de Monte Puellarum, (Conracus har geſchrieden 1272.

270 1142 1396 83 leren Codicen geſchrieden, und einige Sachen aus odoemelten Conrado in dieſes

273 1181 1394 91 nromcon eingeniſcher hat, vileichr bemercket habe, das Canradur das Eloſter

310 1225 1354 85 Emmerami weit aͤber hundert Jahr, als degen Anang geweſen iſt, zuruckſete.

269 1269 1395 91 Jahero, da er in den alten Schriffren und Traditionen emen Appollonum Abd⸗

316 1318 1348 86 getunden, ſelben auf das 697.ſte Jahr grſetzet habe, um das Auterrhum dieſes

268 1357 1395 88 lonters zu dehaupten. Dieſen haden die andere Scridenten in ihrer Hiſtorie ge⸗

253 1398 1409 88 diger, und, da auch disſe in denen verſchledenen alten Traditionibus ſolche

260 1441 1399 89 ſtagmen, Fandradi, Babonis, Srgirmandi, Riebbaldi, Sigefridi, als Neddt,

258 1482 1404 89 der Archipresby teros gefunden, haben ſie eine Ordnung deren Erſten Aedoten er⸗

259 1520 1400 95 kungen wollen, ohne Obacht zu nehmen, was in ſolchen Traditionibus zu leſen

260 1553 32 58 1

327 1573 1337 97 Von demn Uriprung unſers Cioſters It oben Pas 0. A1. &ec ſchon grmeidet

248 1597 127 90 zonden,

249 1660 118 90 oerde,

364 1636 1299 118 Henit aber vl beſindis, das, was einnahl gemeldel worden, widerherer

246 1716 47 55 an

382 1706 1274 88 oin ich in denen nachfolgenden Eapitlen von dieſen Erſten Aedbten, allwo

302 1733 79 59 zede.

242 1758 109 75 Damnr.

408 1753 1242 109 et Ars, nie es Ador Carlelanus erzehint⸗ Nrlaſen worden, Munds

380 1791 772 83 nmerckungen ſchreiden, wie ich es dennde

662 1901 384 77 P, -,- F,-

840 1972 213 74 eP. 2

831 2047 134 83 75-

899 2121 35 82 E

951 2213 61 118 9

66 483 63 49 nut

87 514 26 61 .

25 623 96 55 annu

65 661 48 60 dor

63 749 57 55 ſten

83 793 36 53 et

77 834 30 51 lo

66 877 43 61 8e

25 980 89 57 mach⸗

66 1017 44 58 ell

35 1115 77 48 Em-

26 1157 80 54 Nat:

49 1196 57 62 del

17 1244 83 52 uwol,

34 1285 70 50 nde.

42 1320 47 63 p

72 1468 14 35 2

48 1547 45 45 mi

59 1583 27 46 ui

49 1619 37 60 ꝛc

36 1758 50 46 an,

31 1838 49 48 nes

39 1979 20 49 e

31 2009 49 55 ar

25 2090 50 58 roͤ

1506 2225 134 103 CA-
