1955 2499
377 172 100 62 218

895 183 404 69 .128 (0) PMZu-

377 227 1391 89 kommen, Anno 911. Conradum l. regierte aber nur 6. Monath, (e,

377 283 1384 80 und B. Guntharium von welchem aber im 12. Capitel gehandlet wol

376 329 1380 86 den. Es vermeynen einige, Conradus und Guntharius ſey ein Perſoh

379 379 1378 86 geweſen, und zwar der Urſachen, weil man von Conrado faſt nicht

377 426 1369 96 denckwurdiges findet, und wegen Kuͤrtze der Zeit beede wohl zuſan

374 481 254 63 men treffen.

510 530 1246 90 Dieſem folgte der 12. Biſchoff Michael (T) ein gottsfoͤrchtist

372 583 1378 88 eyfferiger Herr, wurde von erſtgedachten Kayſer Orto eingeſetzt. &

369 633 1319 90 batte wenig Ruhe, dann unter ihme wurde Regenſpurg belaͤgert,

1699 655 35 57 1

369 684 1368 89 ausgehungeret, von Heinrico eingenommen. Die naͤchſte Nal

369 735 1363 88 darauf Anno 95a. bey nahe gantz abgebrunnen. Die Exemption u

369 781 1374 92 Befreyung unſers Cloſters von den vorigen beſtritten, gabe ihme au

366 834 1359 90 zu ſchaffen, dann dieſe beſchuͤtzte Orto der Kayſer, und ſelbe zu

365 885 1373 88 haupten befahle er jaͤhrlich einen Erkanntnuß⸗ Zins dem Roͤmiſch⸗

369 938 1368 86 Stuhl zu geben; beſonder weil erſtlich 5. Paͤbſt als Leo, Nicolaus

365 988 1344 87 Eugenius, Formoſus und ſoannes XI. das Cloſter ſchon zuvor

365 1039 1365 89 freyt hatten. Wie nit weniger zum andern ſo vil Chriſtliche Kaul

362 1092 1362 83 und Koͤnig, als Carolus Magnus, Ludovicus Pius, Arn.

365 1135 1340 92 phus und Orto I., der in Gegenwart 117. Biſchoͤffen das e

361 1193 1309 84 ſter befreyt, und dem Stuhl zu Rom gantz angehaͤngt, und

1691 1198 47 61 es

370 1241 1292 86 giltigt gemacht. (8) Deren Biſichoͤff Nahmen folgende ſeyn

359 1289 1312 81 ſenlis, Aunenlis, Avecenſis, Weterenlis, Clulenlis Feſolani,

362 1341 1340 86 rentini, Senenſis, Arctienlis, Sutrienſis, de S. Ruſina, Concen

365 1389 1341 92 Aldenſis, Seſlolani, TTertatienſis, Preneſtini, Toſculani, Caſers,

366 1443 1336 88 kundani, Beneventani, Capuani, Salernitani, Neapolitani, M,

361 1495 1337 83 trani, Sipontini Aſcolani, Averienlis, Narnienſis, Nucerien

356 1535 1337 100 Fuliginienlis, Spoletani, Perulini, Firmenlis, Oetenlis Are.

359 1591 1334 87 teni, Fanenſis, Sinogallienlis Humani, Penlaurienlis, Ariminl

352 1643 1289 89 ſis, Pinnenlis, Ravenetis, Mutinenſis, Regienſis, Parmenlis-

1650 1647 50 68 P6.

1678 1697 49 56 8o

354 1695 1305 91 centini, Bononienſis. Imulenlis, Faventini, Forumpolienlis,

1596 1752 117 84 bieob-

1859 244 87 69 dien

1860 302 89 61 cenſi

1861 341 87 68 Noy

1859 401 90 69 Lenſi

1860 447 89 72 Parn

1859 492 87 71 diol⸗

1864 547 56 70 din

1859 599 86 68 aren

1861 644 84 80 Mog

1866 708 79 63 pur

1859 749 89 68 Curi,

1861 794 75 73 end

1864 846 81 71 kun.

1855 899 93 67 genß

1856 951 76 69 Hleig

1888 1069 57 54 au

1892 1103 53 71 En

1860 1153 54 63 on

1860 1193 58 74 Ue

1859 1252 48 57 un

1860 1345 43 72 9

1857 1454 64 64 inn

1853 1506 93 76 dolin

1857 1553 77 71 gen

1853 1596 81 74 Seite

1860 1659 43 51 de,

1848 1692 84 85 Maͤne

390 1918 1267 85 (O) Eiehe Hundium Metrop. Salieb. Brunnerum Libro VIT. Annl. nun ro. P

422 1961 1203 79 Annaliſt. Sanon. bey Eccardo tom. L. Seriptorum Reram German. pag. 287..

423 1993 1021 88 pag. 161. & 188. oder den Caralogumn deren Regenſpurgernſchen Brſcheͤffen⸗

387 2026 1311 89 (O) Arnoldos den Farnsge ton. nL. pꝛ. 122. leen Amenida Saͤcs in Chronies,. &,

413 2071 746 80 crdo. rom. L Serirtprum Nedli wvi. rec. 222.

381 2108 307 66 es) Vide Nplona.
