1991 2551
770 226 364 78 2 (0) Eè-

1585 238 27 68 i

201 289 1434 75 cten kar erhellet, daß unter denen Erſten Biſchoͤffen, zugleich Aebbte bey St. Emmeram

201 341 1426 64 waren, deren Gewalt aber ſehr klein und eingeſchrenckt ware. (Abbates ſecundarꝛ.)

202 384 1427 63 2. Da nun Appolloniur, der zu Zeiten Adalvini Biſchoffens, aus Anoronung Caroli A.

199 422 1428 74 mit Beſtaͤttigung Leonis II. der Erſtere Abbt zu Et. Emmeram deſtellet worden,

201 471 1425 71 und deſſen wenige Nachfolger nach den Tod Caroli M. ſich zwar Aibbten nennten,

197 514 1429 68 welchen ader Ba thuricus, ſo auf Adalwvinum folgte, keinen beſonderen Gewalt

199 555 1426 71 nit geſtartete, ſondern nach den Tod SIGISMUND Abbtens, gar keinen Abbten

197 600 1426 63 mehr gedultete, ſo kan dirſes wohl die Urſach ſeyn, daß unſer Arnoldus den ſce⸗

195 643 1427 64 ligen Lamvoldum als Erſten Abbten nennet; weilen die vorige wenige, keinen Ge⸗

195 685 1425 70 walt nit hatten, ſonder die Biſchoͤff, als Abbten regierten, ſo biß auf die Zeiten

195 728 1418 75 S. VVolſgangi gedauert, welcher noch vor Ende des X. Sœculi den ſeeligen Lan-

194 772 896 69 voldum als Adbten zu St. Emmeram eingeſetzet hat.

368 875 1064 98 Von der Regel deren Erſten Moͤnchen

696 962 403 68 zu S. Emmeram.

262 1055 1346 67 ihero iſt von dem Anfang des Cloſters S. Emmerami, etwas mebrers ge-

275 1105 1326 67 meldet worden. Es wird dem Leſer auch nit mißfallen, wann ich von der

188 1145 1414 63 Regel deren Moͤnchen zu St. Emmeram etwas hier erzehle. Unſer Arnoldus (a)

187 1184 1419 74 ſchreiber alſo: (Promiſlionem faciebant ſecundum Regulam S. Benedicli

187 1232 1415 70 coram Epiſcopo Abbatis vices agente. dein Licentiam dedit cis Epiſcopus

185 1276 1414 70 dandi & accipiendi propter inopiam loci. Lineis camiſiis utebantur Se-

182 1322 1419 66 niores, qui eas habere potucrunt, cœteri laneis induebantur, ob penu-

181 1363 1417 69 riam ſcil. cilicinarum veſtium... gni majoris erant atatis habebant cel-

181 1404 1417 69 las ſeu caminatas, zu nioribus inter ſe diviſis propter cuſtodiam. Com-

178 1445 1421 62 mnniter panverem annonam habebant, volatilia manducabant Cœtera

177 1485 1425 72 kaciebant ſecundum conſuctudines, guœ in Monaſteriis regalibus ad id

181 1529 1414 72 remporis fucrant) Die erſte Moͤnch dey St. Emmeram machten ihr Verſpre⸗

180 1575 1413 74 chen (Proſeſſionem) nach der Regel des heiligen Benedicti, vor dem Biſchaſ⸗

178 1621 1414 71 ten, welcher die Stell eines Abbtens vertratte. Dieſer erlaubte denen Moͤnchen,

181 1665 1411 72 wegen Armuth des Orths, amunehmen, was man ihnen gabe, und, daß ſie auch

181 1709 1408 73 ſtwas, andern geben duͤrfſten. Die aͤltere Moͤuch trngen leinerne innere Kleider,

180 1751 1409 74 gie andere aber von Wol wegen Mangel, (cilicinarum veſtium) (b) deren aus

187 1795 1399 70 Daar gemachten Kleidern. Welche ein hoches Alter hatten, wohneten in denen

177 1838 1412 72 Lellen (caminatis) wo ein Waͤrme von Feuer ware. (c) Die Juͤngere waren

175 1880 1414 72 unter denen Aelteren wegen der Zucht und Ditciplin eingerheilet. Insgemein leb⸗

175 1920 1411 100 en te mie dir Arme, Ee eſeten (volatilin) von denen ſturgenden Cheren., In

1494 1984 97 66 uͤdrr⸗

201 2064 445 63 (2) Darnage tom. III. p. 125.

202 2105 630 70 C) Clollar. au Cange. verdo Cilicinus.

201 2147 434 76 () ldid. verbs Caminata-
