1918 2545
294 231 102 75 160

804 231 392 74 2228 (O) EM-

295 279 1410 80 weilen ſetten ſie ſelbſt die Aetbre ein, damit die Diſciplin in dinen ſolchen cloſtes

297 333 1406 61 widerumben eingefuͤhret wurden. Die Srifftung deren Cloͤſtern, gabe ihnen auch

295 374 1402 68 darzu Gelegenheit, daß ſie ſolche von ihnen geſuifftete Abbreyen, nach Belieben rei

297 419 1406 64 gierten, oder wir ſie wolten, die Aebbten allda vorſetzeten. Bitweilen ware keiͤt

297 460 1406 68 andere Urſach, als daß einige bey denen Koͤnigen und Kanſern um ſolche Asbtereit

295 503 1400 65 anhalteten, die ſie auch leicht dekamen. Unter Kayſer Ortone, (wie un Regino

298 547 1400 65 nis Chronico zu leſen,) wurde Anno 952. von denen verſammleten Biſchoͤfſe.

294 586 1404 74 und teutſchen Fuͤrſten beſchloſſen, daß die Abdteyen, welche das Privilegium de.

292 633 1399 71 ſreyen Wahl hatten, keinem ſremden mehr ſolten verliehen werden. Eihe Thomaſt

294 678 1404 65 num. Parte II. Lib. IL. Cap. XXVIIL. Num. XIV. Es kan wohl ſenn, daß det

291 721 1406 69 beilige Woltgangus, welcher bald darauf Biſchonf zn Rrgenſpurg worden, cher

294 766 1401 73 vermuͤg deren vilfaͤurigen Privilegien, ſo die vorige Koͤnig und Kanſer dem Cloſte.

295 810 1398 70 S. Emmerami gegeben, theils, vermoͤg dieſes gemachten Geſatzes unter Kanſe

295 851 1398 72 OTTONE; hanyrſaͤchlich aber, wie er (der heilige VVoltgangus) ſelbſten be

292 896 1408 66 kennet, aus Antried ſeines Gewiſfens ꝛc. dem Cloſter S. Emmerami einen eigeneit

291 937 1406 69 Abbten gegeben. Von welcher Zeit an, deſtaͤndige Aebbte auf einander gefolget⸗

292 979 1402 67 Ob aber dieſe Abbte hinnach durch eine gantz ſrene Wahl deren Moͤnchen allein er

291 1023 1407 74 waͤhlet worden, oder mit des Koͤnigs, Kanſers Willen ſolchrs geſchehen ſeye, kan

291 1066 1406 75 ich nichts finden. Innocentius II. hat ſich niel bemaͤhet, die Electiones voͤtis

289 1107 1404 80 trey zu machen Anno 1215. Endlichen iſt vermoͤg deren Concordaren in Teutſoͤ

288 1160 1396 79 land, welche Nieolans V. mit Friderico III. Anno 1aa8. geſchloſſen, die frei

288 1213 918 75 Wahl deren Aebbren beſeſtiget und beſtaͤtniget worden.

413 1276 1280 89 VIT In den vorgehenden Numero VI. i) geneldei worden, daß die es

282 1340 1408 73 nig oder Kanſer die Aebdie in denen Roͤniglichen Cloͤſteren ( in Monaſerii⸗

284 1389 1403 70 Regali dus) cingeſetzet haben. Es wird aber zugleich erzehlet, day ſolche Euſte

282 1435 1406 69 ven denen Koͤnigen das Privilegium der freyen Wahl ihrer Aedbren belomm

282 1481 1395 68 haͤnten. Dieſe zwey Erzehlungen ſcheinen widereinander zu ſeyn. Alein beyde e

282 1531 1404 66 zehlungen ſeynd guͤltig; dende Sachen, nemlich der Willen des Koͤnigs, odc

285 1577 1402 65 Kayſers, und die Erwaͤhlung oder CONSENS deren Manchen fndeten ſoͤ

285 1625 1391 61 nar orft benſammen, wann auf Koͤnigliche Anordnung ein Abdt dem Eloſter voros

284 1665 1397 69 ſett wurde. Der gelehrte Sreyhanns Balluzins hat die Epiſilen Lupi Ferrariensſche.

281 1715 1399 69 Abbtens (ſo in IX. Sœculo gelebet,) Anno 1661. auſs neue zum Druck de

282 1758 1399 70 ſoͤrderet: Dieſer gelehrte Abbt (Lupur) wurde von Carolo Calro, als Asbt dei

281 1805 1399 68 Ferrarienliſchen Cloſters beſtellet, und dannoch ſaget Lupur, daß er von )2 Moͤst

282 1850 1399 68 chen als Abbr erwaͤhret ſene worden. Run machet Steybanur Bainziur dieſe Anmei,

282 1893 1401 66 ctung in die HX. Epiſtel Lupi Ferrarienlis Abdatis, und ſaget: f die Moͤnch

284 1937 1335 65 haben zn dteſen Zeiten zn der Wahl des Abdtens ihren Willen (Conzcnſum,

282 1986 1333 58 geben. Der Lands⸗ Fuͤrſt oder Koͤnig beſtelte den reuen Aobten, mit Befelch,

1625 1959 58 71 at

281 2023 1397 66 die Moͤnch ſolchen annemmen ſolren Alsdann, wann nichts wider die Kirchen⸗

281 2065 1400 68 Geſaͤtz zu defoͤrchten ware, erwaͤhlten die Moͤnch dieſen, welchen der Koͤnig wollte-

281 2108 1389 103 En donn nlchabe I znd, dot M VizV E) nnannieted ano nsder er

1553 2143 127 73 wuaͤhlen⸗

1833 288 79 62 daͤhl

1831 330 79 68 geſetz

1833 376 73 62 ram

1835 506 73 58 neyn

1834 545 72 58 derer

1835 583 67 63 Nlr

1838 627 74 62 Oaij

1834 678 78 57 ſtiner

1834 714 76 67 Lach

1841 759 58 61 vobl

1840 801 69 61 verd

1840 880 63 70 Sat

1835 923 73 68 babt

1848 978 60 61 388.

1831 1034 64 47 oder

1841 1068 65 63 es,

1838 1241 53 68 ꝛei

1837 1288 52 58 Aa

1831 1324 62 65 lre-

1838 1372 38 57 2

1834 1411 37 55 ꝛe

1833 1493 38 62 er

1831 1538 38 55 to,

1831 1582 71 65 Len,

1831 1621 44 58 en

1824 1710 75 60 dene,

1823 1754 75 50 gen.

1833 1792 65 71 Set

1830 1838 54 60 un

1824 1876 41 65 dt

1824 1959 69 69 uoͤrꝛ

1827 2010 65 65 ng,

1826 2051 75 65 ſteye

1826 2096 56 77 d.
