1571 2270
651 123 44 57 ad

801 122 188 65 0) 22

421 170 690 69 reoc.- C.TLIT..d.d,

497 305 730 74 11 1) E-. . 2.1 1...

1283 322 108 44 1ro7.

205 382 1268 98 Oennes Haptiſt⸗ Kraus der coſte Abbt, des Heil Romiſcten Re.

359 384 54 47 7.

232 451 1273 74 Fuͤrſt. Gebuͤrtig in Regenſpurg den 12. Fenner 1700. Erwaͤr

219 495 1301 80 let den 21. Octobris 1722. Confirmiret den 20. Tag ſelben Mo⸗

155 543 1368 81 naths. Benediciret den a. Novembris. Empfanget die Regalien von

156 591 1362 82 Carolo VII. Roͤmiſchen Kayſern den 12. Decembris Anno 1722⸗

157 640 1358 93 Item von Franciſco L. Roͤmiſchen Kayſer den ra Octodris Anno

162 712 138 57 1726.

702 693 785 73 ...: E.

667 798 339 106 Ineidentia-

241 915 1271 96 Rterdeſſen dauerte noch beſtaͤndig der Succeſltions-Krieg unter de⸗

152 963 1355 95 &V nen hochen Machten. Man ſahe allhier in Regenſpurg, und

142 1026 718 85 auffer der Stadt allerhand Voͤlcker-

278 1055 1227 97 Den letzten Decembris 1722. ſtarde Se. Churfuͤrſtliche Durch⸗

138 1105 1366 94 laͤucht zu Pfaltz Philippus Carolus, gebohren den 2. Novembris 1660r.

146 1147 1359 105 Nach deſſen HHintritt kame zur Churfuͤrſtlichen Regierung Titl. Titl.

142 1201 1362 92 Carolus Philippus Theodorus Hertzog von Sultzbach, gebohren den

141 1285 428 63 IT. Decembris 1722-

272 1291 1229 94 Den 26. April 1722. berlieſſe dis Zeitliche der Hochwaͤrdige

141 1344 1359 97 Tirl. Herꝛ Bernardus, Abbt zu S. ſacob allhier, Ord. S. Benedicti

140 1393 1354 92 ad Scotos, ein frommer gelehrter Herꝛ, ſeines Alters 70. Jahr. Nach

140 1438 1352 104 welchen den 25. Septembris als Abbt allda erwaͤhlet worden Titl.

133 1491 1362 100 der Hochwuͤrdige Herꝛ Bernardus Sruart, ein fuͤrtreſlicher Marhemati-

141 1539 1349 104 cus, welcher etliche Jahr zuvor auf der Uuniverlitaͤr zu Saltzburg die

137 1624 380 67 Matheſin gelehret.

266 1629 1222 106 Den 6. 7. und 8. Decembris Anno 1713. wurde das VL. Sœ-

136 1682 1352 108 culum der Fundation, von dem loblichen Cloſter EDalderbach an⸗

135 1770 367 71 Regen celebriret.

261 1776 1229 111 Anno 1722. im Monath Fenner ware zu Wienn das Beylager

131 1826 1355 113 zwiſchen Titl. Titl. Carolum Hertzogen von Lothringen, Francilci

138 1879 1347 122 herdogens von Eocheingen, und Bꝛob⸗  hertngene zu Foren; es

1365 1920 121 78 Herin
