1991 2551
29 289 109 52 ndus

77 340 54 52 n,

70 395 63 51 rgt,

58 435 76 69 ſten

58 484 69 65 ndo

86 531 38 68 ile

272 273 1411 106 deret, geſetzet Dieſes Minnſcriptum Widerpi iſt nicht mehr bey nns zn faden.

832 238 79 73 15

940 240 237 77 0) 8ꝛ-

1610 266 63 62 39

273 324 1411 99 Es tan leicht geſchehen ſeyn, daß Aventinus, welcher in denen Eloͤſtern herum

269 368 1414 99 gereiſet, und auf Befelch deren Hertzogen die alte Documenten durchſuchet, ſel⸗

269 410 1414 91 Ses mit ſich genommen, und an ein anders Orth aͤberdracht habe, wie er es mit an⸗

269 453 1408 96 ortn Mlanuleriptis gechan hat. Vide Schelhornii Amœnitates liͤrterarias,

270 483 341 95 omo V. pag.305.

375 558 1304 91 II. Woher Cœleſtinns das ienige, was er in vorhergehenden Capitel vn

272 603 1405 92 F. Cerardo Ratisbonenſi Sc. ( welcher unter den Nahmen ALEXANDER 11.

268 630 55 57 den

340 651 1341 87 ſaͤyſtuchen Thron beſtiegen haͤrte) ſchreibet, geneinmen habe, kan ich nicht

268 674 102 72 viſſen.

265 719 88 61 cbus,

397 697 1282 79 Wohl aber leſe ich, daß GERARDUSRATISPONENSIS, Aona-

367 739 1312 84 Prior Cluniacenſir &c. von ALEXANDROII. zu der Cardinals⸗Wuͤrde

272 778 1399 96 choden worden. Mabillon. tom. V. Annal. pag 2 Arnoldus Wion. lib.

365 829 1314 85 gnum vitœ) cap. VI. Palatins in Faſtir Cardinal. pag. 75. Gcor-

269 844 71 67 ziu,

364 871 1310 85 aſephus Eggs, in libro (Purpura Dosta) pag. 37. Gerardus ut

269 908 1407 101 Aſtorben Anno 1017. Mabill. Annal. tom. V. pag. 112. Da nun GERAR-

380 966 1300 89 n Regenſpurg gebohren worden, kan es wohl ſeyn, das er in dem Elo⸗

263 979 102 72 ſter S.

262 1026 101 63 Nieſem

374 1011 1300 87 Emmerami in dem XL. Sœculo ſeine Unterweiſung bekommen; maſſen in

374 1052 1296 95 XI. S⸗enlo die Schullen allda Uoriret haben; von deme hernach Meldung

270 1071 251 93 eſchehen ſollte.

260 1198 1410 100 Komer Anno a89. unter Tdeodone 1 Fuͤrſten m Bayrn (nach Regenſpurg gekom⸗

368 1152 1301 100 Ir. Abht Cœleſtinus neldet in vorhergehenden Capitel, daß S. Lepur ein

258 1223 68 62 men

360 1254 1306 88 und allda gemartert worden. Dieſes hat Cœleſtinus ans Hundio ( tom.

306 1295 1364 92 etrop. Salis. pag. 182.) entnommen. Hundius ſchreidet, das vermoͤg eines

300 1339 1369 90 iſaueriſchen Eatalogi von denen alldaſigen Fiſchoͤffen, zn Zeiten Teronir de⸗

275 1381 1392 98 ayſers, Tbeodorur Ersz⸗Biſchoff zu Paſſan, ( Patavir) und Lnpus Biſchoff in

266 1421 1396 96 lrgenſpurg von denen unglandigen Vayern unter Theodone L. gemarteret worden.

270 1462 1396 98 (P. Marcus Hanſizins Soc. lel. tom. I. Germanig Sacrœ. pag. 89. haltet

263 1502 1400 102 ieſes aus ſeinen gegruͤndeten Urſachen vor eine Fadel, und ſaget, dat Hundius

290 1550 1370 98 ſeiner Metropoli Salisburg. von denen Paſſaueriſchen Viſchoͤffen, mitrels denge⸗

255 1594 1404 100 stachten Documenten erzehle, daß Theodorus bis auf 527. (522.) ſein Le⸗

253 1615 54 65 den

326 1641 1336 97 rſtrecket habe. Es ſcheinet, daß R-P. Hanlizins nur das jenige geleſen ha⸗

255 1679 1402 108 , nas Hundins de Epilcopis Pararienlibns in Metropoli Salisburg. torn-

313 1713 58 62 a

249 1738 122 70 ſchoͤffen

402 1737 1258 89 ꝛ09. ſchreibet. Alleinig in dem Catalogo deren Negenſpurgeriſchen B⸗

255 1814 1391 99 ny Hiundio iſt. Unſer Arnoldus Mlonachns (Basnage iom. IL. Pag. 113.,

428 1782 1228 87 ſiͤr. loco.) erzehlet kundius das Widerſpille, ſo aber nichrs ſeltſames

253 1853 1400 102 creidet, dab Lnpur unter den Herdogen Diete, als Biſchosf in Regenſpurs ſich anſ⸗

249 1880 142 71 gehalten.

248 1917 122 75 nennrt,

432 1913 1221 86 Da nun Arnoldus ( Basnage tom. III. pag. 105.) ernen DIETO

381 1954 1275 91 der keine Erben in der Regierung unterlaſſen, (welchen I Dieto,) die

252 1985 1402 99 fachutr nene Scridenten, Georg. ad Eccard. R. P. Hanſizius, vor Tdeode-

246 2003 50 56 ne

302 2015 55 58 en

371 2040 1285 91 ſ. Erſten halten, maſſen er wegen den Tod S. Emmerami keinen Erden

243 2039 61 59 zur

316 2076 1331 100 legierung dekommen) As ſolget, das Lrpur lud Tbeodone 1 als Viſchon

253 2114 1400 140 mniꝛ heh nhed, b de wda nad Dnr dao)I dorvi onendo AA

1545 2196 105 63 do L.

35 856 85 52 zu .

26 890 95 62 anta-

48 942 71 61 ge⸗

18 987 105 56 Anno.

24 1034 93 53 œle-

72 1081 40 59 7.

60 1129 53 60 pol-

53 1179 63 46 gEi

39 1206 73 59 uͤrct

56 1249 53 59 mo

69 1347 31 43 n,

83 1378 20 57 e

32 1421 72 62 det,

48 1472 51 47 ꝛn-

45 1505 57 63 s)

21 1554 79 67 uſer

41 1612 46 50 or

51 1645 42 99 .

22 1907 63 55 wel⸗

22 1950 64 55 ans

49 1994 26 53 l
