1566 2270
104 127 84 49 670

604 116 23 58 -

676 110 169 72 (0,

875 113 121 71 Lit--

99 157 1382 82 dieſer erſten Sorg, beeyfferte er ſich, vor die Ehre GOttes in denen

100 213 1380 74 Kirchen; wie dann unter ſeiner Regierung Anno 1721. das ſchoͤnt

102 262 1369 74 herrliche GOttes⸗Hauß zu Haindling: und Anno 1722. das GOttes

104 312 1367 71 Hauß zu Ehebetten von Fundament aus erbanet worden. Er lieſſ

104 365 1361 73 in unſerer Stiffts⸗Kirchen auf den Hoch⸗Altar ein ſchoͤne Uhr aufrne

107 416 1369 72 ten, welche in dem Cloſter, oder Dormitoriis zugleich ſchlagen, uns

105 466 1363 71 die Stunden anzeigen koͤnte. Er ſtifftete einen ewigen Jahrtas,e

109 515 1272 70 Pfoͤrring an der Thonau zwiſchen Vohburg und Neuſtatt ꝛc. t

105 568 1278 66 zu S. Emmeram verſtordene Titl. Titl. Herrn Reichs⸗Praͤlaten,

1400 551 56 55 we

105 612 1320 66 chen Jahrtag ein Herr Pfarr⸗ Vicarius allda, (die Pfarr iſt nac

103 664 1301 68 Emmeram gehoͤrig) jaͤhrlich halten muß. Er erkauffte Anno.

1446 649 26 47 0

111 712 1294 68 zu Nutzen des Cloſters den Zehend zu Anſolfinsz unweit Strau

109 757 1298 74 Bauete das ſchoͤne Wirths⸗Hauß zu Pentling. Er vermehrte die

105 809 1315 69 liothec mit nutzlichen Buͤchern. Und da er aus Liebe des einſamei

109 860 1353 63 dens, die Abbtey zu reſigniren gedachte, reſignirte er ſein Leben dur

111 908 1294 64 den Tod, ſtarbe den 28. Februarii 1725. wurde nebſt S. Wolt

108 953 1293 71 Altar in unſer Stiffts⸗Kirchen begraben. Seine Eminenz Titl.

111 1005 1307 70 Cardinal von Gachſenzeiz, Principal⸗Commiſlarins liebte dieſen 1

113 1053 1288 69 Reichs⸗Praͤlaten Tolfgangum, auf das zaͤrtiſte. Es waren Ihro

113 1103 1316 63 nenz ſelbſten ſehr unpaͤßlich, als welche vor einiger Zeit durche

118 1147 1312 71 Schlagfluß alſo getroffen worden, daß die lincke SGeiten gelaͤht

1442 1133 36 56 et

114 1201 1313 67 der Armb unbrauchbar worden. Sie kunten nichts reden. Nichtt

119 1248 1286 68 ſtoweniger, da ſelbe vernommen, wie Titl. Abbt Molfgang gefaͤ

119 1302 1290 62 kranck ligete, gaben ſie durch viele Zeichen zu erkennen, daß ſie;

118 1348 1286 64 krancken Herrn Praͤlaten in die Abbtey heruͤber wollten getrager

119 1396 1313 65 den. So auch mittls eines Frag⸗Seſſels geſchehen. Die Unter

119 1446 1306 62 tung ware betruͤbt: Abbt Wolfgang gabe ſein Mitleyden zu erken

123 1490 1306 71 welches er ab den Zuſtand Seiner Eminenz hatte. Seine Emit

118 1542 1314 62 entgegen gaben durch klaͤgliches Seuffzen, und vergoſſene Zaͤhe.

123 1586 1315 74 Zeichen ihrer beſondern gnaͤdigen Aſkection, und Condolenr g.

122 1636 1311 69 Abbt Wolfgangum. Nach langen Seuffzen, und Heulen endete

119 1687 1306 70 dieſe betruͤbte Viſire, und wurden Seine Eminenz wider in dero,

129 1746 413 66 denz zuruckgetragen.

1379 1905 112 91 Ine.
