1934 2551
55 289 49 41 en,

1555 238 86 66 187

241 257 1406 97 pabſt, als auch die Synodi, ſo um dieſe (beſonders nm Lndorici Koͤnigs in

241 311 1402 92 Sayrn Zeuten) gehalten worden, ſich ſehr beklagt und verdotten, daß ſolche Asd⸗

241 359 1409 93 leyen keinen Fremden aberlaſſen, ſondern eigene Aedbte aus denen Moͤnchen dahin

238 409 1408 87 rſetzet werden, welches aber nit uͤberall gefruchtet. Wie ſolches mehrmahlen weit⸗

241 459 1405 89 aͤug dey Thomallino cit. loco zu leſen iſr. Eben dieſe Synodi, und Capitula-

238 491 51 67 ꝛa

327 504 31 61 ,

360 510 1287 85 Thomaſlinus citiret, machen genngſame Prob, daß dieſes Verfahren Lu-

236 542 111 75 lorici

355 559 1291 90 Koͤnigs, und deren Biſchoͤffen, welche die Cloͤſter zn ſich genommen, und

236 590 83 70 denen

337 613 1304 80 Moͤnchen keinen Abdten zugelaſſen, ſowohl von denen Paͤbſten als denen Sy-

236 647 92 58 nodis

344 656 1300 90 ſcharff ſene verbotten worden. Dahero anch EUGENIUS der Pabſt unter

255 701 1385 94 CDOVICO P1O, item NICOLAUS, und FORMOSUS Roͤmiſche Paͤbſt,

235 753 1406 87 fazenige, was LEO III. und CAROLUSM. mit Adalevino bey S. Emmera-

299 806 1344 88 Cloſter, vorgenommen, hinnach deſtaͤrniget; aber ohne erſolgten Gehorſam

235 851 1405 94 oren, die es haͤtten bewuͤrcken ſollen. Mithin hat Hundius ein ſchlechte Prob

232 898 1408 95 tmnachr, dann ales was er von denen Biſchoͤſfen, und Ludorico Koͤnig, wegen

235 932 52 65 ꝛen

290 955 1349 86 Cloſter S. Emmerami erzehlet, war von der Kirchen verdotten. Vide Tho-

236 987 309 87 wd loco citato.

63 368 44 47 nr.

51 634 49 40 ucl.

45 667 54 57 nts.

24 838 72 61 prol

683 1143 476 122 Pormerckung

242 1272 1391 131 zu den XXX. und nachfolgenden Capitlen, biß

272 1357 1294 114 auf die Zeiten K. wolfgangt Biſchoffens zu Regenſpurg⸗

493 1429 856 80 und B. Ramvoldi Abbtens zu S. Emmeram.

272 1505 1364 123 Nu der Loſer dren ordertlichen Deguiff von deren Lesſern, Ednigens Den

321 1587 1313 93 denen Biſchoͤſfen zn Regenſpnrg, und Aebdten zu S. Emmeram habe; maſ⸗

231 1594 39 69 len

299 1631 27 51 1

229 1651 73 70 habe

348 1639 1288 85 achtolgenden Capitlen hin⸗ und wider von denenſelben gehandlet wird, als

229 1693 53 65 A0

365 1687 1274 91 nachſolgenden Catalognm entwerffen wollen, damit von Sindderto und

347 1731 54 61 no

225 1743 96 72 Deiter

425 1740 1209 83 (dey welchen ich den Erſieren Catalogum pag. 152. geendet,) die

351 1785 1282 89 er Regierung ſolcher Kanſer, Koͤnig, Biſchoͤff, und Aebdte, (pur zur

330 1831 1314 100 ſchasft der Erſterrn Hiſtorie unſers Cloſters, aber keiner andern Geſchichten)

224 1838 72 112 en

310 1869 418 120 gimndn nn nonde

876 2091 117 115 Ad

1415 2098 209 102 Kayſer,
