<?xml version="1.0" encoding="UTF-8"?>
<alto xmlns:xsi="http://www.w3.org/2001/XMLSchema-instance"
      xmlns="http://www.loc.gov/standards/alto/ns-v4#"
      xsi:schemaLocation="http://www.loc.gov/standards/alto/ns-v4# http://www.loc.gov/standards/alto/v4/alto-4-2.xsd">
  <Description>
    <MeasurementUnit>pixel</MeasurementUnit>
    <sourceImageInformation>
      <fileName>image385.jpg</fileName>
      <fileIdentifier>https://archiv.ub.uni-marburg.de/eb/2010/0168</fileIdentifier>
    </sourceImageInformation>
  </Description>
  <Tags>
    <OtherTag ID="BT1" LABEL="Title" DESCRIPTION="block type Title"/><OtherTag ID="BT2" LABEL="Main" DESCRIPTION="block type Main"/><OtherTag ID="BT3" LABEL="Commentary" DESCRIPTION="block type Commentary"/><OtherTag ID="BT4" LABEL="Illustration" DESCRIPTION="block type Illustration"/><OtherTag ID="BT42" LABEL="text" DESCRIPTION="block type text"/>
    <OtherTag ID="LT33" LABEL="default" DESCRIPTION="line type default"/>
  </Tags>
  <Layout>
    <Page WIDTH="1937"
          HEIGHT="2460"
          PHYSICAL_IMG_NR="385"
          ID="eSc_dummypage_">
      <PrintSpace HPOS="0"
                  VPOS="0"
                  WIDTH="1937"
                  HEIGHT="2460">
        <TextBlock HPOS="262"
                   VPOS="180"
                   WIDTH="1467"
                   HEIGHT="1999"
                   ID="eSc_textblock_4982ae75"
                   TAGREFS="BT42">
          <Shape><Polygon POINTS="325 180 386 180 453 224 546 235 751 235 846 196 1178 202 1243 218 1283 262 1707 273 1729 295 1707 612 1718 813 1690 1055 1680 2092 1658 2168 1555 2179 1357 2152 273 2119 262 1738 300 202 325 180"/></Shape>
          <TextLine ID="eSc_line_e5ebb0d1"
                    TAGREFS="LT33"
                    BASELINE="318 226 392 224" 
                    HPOS="315"
                    VPOS="181"
                    WIDTH="77"
                    HEIGHT="62">
            <Shape><Polygon POINTS="386 181 318 183 315 185 318 226 318 243 392 241 392 224 388 181 386 181"/></Shape>
            <String CONTENT="276"
                    HPOS="315"
                    VPOS="181"
                    WIDTH="77"
                    HEIGHT="62"
                    WC="0.9994660417238871"></String>
          </TextLine>
          <TextLine ID="eSc_line_24ad628d"
                    TAGREFS="LT33"
                    BASELINE="308 282 1086 312 1700 318" 
                    HPOS="307"
                    VPOS="236"
                    WIDTH="1393"
                    HEIGHT="104">
            <Shape><Polygon POINTS="1429 265 1428 265 1410 270 1331 262 1330 262 1328 262 1306 271 1234 263 1233 263 1197 269 1008 254 1007 254 1006 254 981 262 898 262 846 250 844 250 807 256 675 248 673 248 645 254 545 240 544 240 494 250 395 236 393 236 392 236 371 246 308 246 308 282 307 297 512 303 557 314 559 314 560 314 591 306 691 307 751 319 753 319 790 311 810 321 811 321 813 321 933 318 1097 329 1099 329 1197 323 1215 332 1216 332 1310 334 1312 334 1361 328 1398 337 1399 337 1401 337 1402 337 1432 330 1513 340 1514 340 1699 334 1700 318 1699 273 1454 276 1432 265 1429 265"/></Shape>
            <String CONTENT="worden, dahero er gleich zuruck nach Rom um dis Coafirmation gi⸗"
                    HPOS="307"
                    VPOS="236"
                    WIDTH="1393"
                    HEIGHT="104"
                    WC="0.9968011993914843"></String>
          </TextLine>
          <TextLine ID="eSc_line_3f525bd9"
                    TAGREFS="LT33"
                    BASELINE="869 244 1226 240" 
                    HPOS="868"
                    VPOS="196"
                    WIDTH="358"
                    HEIGHT="75">
            <Shape><Polygon POINTS="1209 210 1196 206 1182 203 1168 200 1160 200 1155 200 1141 200 1127 200 1114 200 1100 200 1097 199 1097 200 1096 199 1086 199 1073 199 1059 199 1053 199 1045 199 1032 199 1018 199 1004 198 991 198 977 198 963 198 956 198 950 198 936 198 922 196 909 196 895 196 881 196 868 196 869 244 869 262 1032 259 1043 269 1043 270 1044 270 1045 270 1047 271 1105 271 1105 270 1187 269 1189 269 1190 269 1205 258 1224 258 1226 240 1209 210 1209 210"/></Shape>
            <String CONTENT="28 (0) &amp;-."
                    HPOS="868"
                    VPOS="196"
                    WIDTH="358"
                    HEIGHT="75"
                    WC="0.8832284897565842"></String>
          </TextLine>
          <TextLine ID="eSc_line_500481d4"
                    TAGREFS="LT33"
                    BASELINE="308 333 1276 369 1697 366" 
                    HPOS="307"
                    VPOS="291"
                    WIDTH="1390"
                    HEIGHT="103">
            <Shape><Polygon POINTS="308 333 307 345 370 358 371 358 373 358 393 349 596 353 646 366 647 366 688 359 787 371 788 371 1038 371 1059 379 1060 379 1062 379 1115 374 1208 384 1209 384 1253 377 1331 388 1332 388 1458 382 1473 392 1474 392 1476 392 1477 392 1556 388 1578 394 1580 394 1581 394 1696 386 1697 366 1696 330 1239 328 1152 317 1150 317 921 317 870 307 869 307 828 314 796 304 795 304 794 304 694 310 643 299 642 299 564 306 549 296 548 296 546 296 507 295 505 295 416 302 397 292 396 292 308 291 308 333"/></Shape>
            <String CONTENT="reiſt. Der Thumb⸗Probſt opponirt ſich, haltet fuͤr ſich ſelbſten"
                    HPOS="307"
                    VPOS="291"
                    WIDTH="1390"
                    HEIGHT="103"
                    WC="0.9958699597045779"></String>
          </TextLine>
          <TextLine ID="eSc_line_5ca44872"
                    TAGREFS="LT33"
                    BASELINE="311 386 447 385 738 400 1454 419 1600 419 1695 411" 
                    HPOS="310"
                    VPOS="343"
                    WIDTH="1385"
                    HEIGHT="97">
            <Shape><Polygon POINTS="1254 369 1241 369 1238 367 1133 374 1040 362 1038 362 1037 362 1018 370 821 359 820 359 714 363 661 351 447 347 445 347 444 347 415 353 348 343 347 343 311 351 311 386 310 399 1334 433 1335 433 1428 427 1442 435 1443 435 1444 435 1591 440 1592 440 1693 433 1695 411 1692 378 1614 386 1526 377 1525 377 1524 377 1494 384 1459 375 1458 375 1457 375 1291 378 1265 369 1254 369"/></Shape>
            <String CONTENT="an; unterdeſſen kame des Canonice Electi Sollicitator auf Rom un"
                    HPOS="310"
                    VPOS="343"
                    WIDTH="1385"
                    HEIGHT="97"
                    WC="0.9982971576973796"></String>
          </TextLine>
          <TextLine ID="eSc_line_1da7709b"
                    TAGREFS="LT33"
                    BASELINE="313 431 475 434 740 452 1211 466 1599 470 1693 463" 
                    HPOS="311"
                    VPOS="393"
                    WIDTH="1382"
                    HEIGHT="97">
            <Shape><Polygon POINTS="313 431 311 446 545 452 561 463 563 463 564 463 565 463 567 463 585 455 652 463 653 463 687 457 720 470 721 470 903 474 904 474 906 474 929 466 1015 478 1017 478 1108 472 1129 481 1130 481 1131 481 1364 481 1485 490 1487 490 1692 482 1693 463 1690 427 1425 430 1361 419 1360 419 1358 419 1336 429 1278 429 1183 419 1182 419 991 419 980 412 978 412 977 412 976 412 925 416 911 410 910 410 909 410 809 414 751 403 750 403 703 412 631 411 601 399 600 399 598 399 534 407 497 396 496 396 494 396 374 400 313 393 313 431"/></Shape>
            <String CONTENT="die Conhirmation. Die beede Competenten tragten dem Pabſten vol"
                    HPOS="311"
                    VPOS="393"
                    WIDTH="1382"
                    HEIGHT="97"
                    WC="0.9906900884613158"></String>
          </TextLine>
          <TextLine ID="eSc_line_4f05b8ae"
                    TAGREFS="LT33"
                    BASELINE="311 481 1141 515 1686 519" 
                    HPOS="310"
                    VPOS="437"
                    WIDTH="1376"
                    HEIGHT="108">
            <Shape><Polygon POINTS="1118 464 1104 463 1096 463 1027 470 989 460 981 460 967 459 954 459 940 459 926 457 919 457 894 466 847 457 846 457 698 459 669 448 667 448 516 451 481 442 479 442 478 442 477 442 462 449 440 441 438 441 322 437 321 437 319 437 318 437 311 441 311 481 310 496 585 511 586 511 824 511 892 523 894 523 1010 517 1070 528 1159 531 1160 531 1161 531 1183 523 1252 534 1253 534 1369 530 1382 538 1383 538 1384 538 1510 542 1511 542 1576 537 1596 545 1597 545 1599 545 1685 535 1686 519 1686 479 1599 476 1597 476 1596 476 1556 486 1469 485 1448 474 1447 474 1446 474 1163 474 1123 464 1118 464"/></Shape>
            <String CONTENT="des Electi deſormitatem Corporis (da er doch ein ſchoͤner anſehnlt"
                    HPOS="310"
                    VPOS="437"
                    WIDTH="1376"
                    HEIGHT="108"
                    WC="0.9944404797120527"></String>
          </TextLine>
          <TextLine ID="eSc_line_e76ae7df"
                    TAGREFS="LT33"
                    BASELINE="311 534 1146 565 1689 567" 
                    HPOS="310"
                    VPOS="492"
                    WIDTH="1379"
                    HEIGHT="97">
            <Shape><Polygon POINTS="1118 515 1112 513 1088 523 1078 516 1077 516 1075 516 1074 516 999 520 976 509 974 509 973 509 907 517 883 508 881 508 880 508 837 516 814 505 813 505 811 505 810 505 791 515 736 515 684 502 683 502 601 507 542 498 541 498 489 505 478 497 477 497 475 497 313 492 311 534 310 550 985 578 986 578 1075 572 1092 580 1093 580 1336 587 1338 589 1688 589 1689 567 1686 528 1592 537 1535 527 1533 527 1394 531 1372 520 1371 520 1369 520 1368 520 1338 530 1260 528 1239 517 1238 517 1237 517 1235 517 1204 526 1140 526 1123 515 1118 515"/></Shape>
            <String CONTENT="cher Herr geweſen,) worauf alle drey abgewiſen, und Conraduͤs vos"
                    HPOS="310"
                    VPOS="492"
                    WIDTH="1379"
                    HEIGHT="97"
                    WC="0.9865244053877317"></String>
          </TextLine>
          <TextLine ID="eSc_line_0776c3b2"
                    TAGREFS="LT33"
                    BASELINE="308 580 962 610 1461 619 1686 615" 
                    HPOS="307"
                    VPOS="541"
                    WIDTH="1379"
                    HEIGHT="98">
            <Shape><Polygon POINTS="308 580 307 594 554 613 556 613 766 612 822 621 824 621 855 616 1119 631 1120 631 1161 624 1320 627 1384 639 1386 639 1685 636 1686 615 1682 583 1600 587 1555 579 1554 579 1384 582 1275 571 992 571 903 558 902 558 870 565 859 558 858 558 857 558 601 558 500 546 498 546 431 552 381 542 380 542 348 549 337 541 336 541 334 541 333 541 332 541 308 548 308 580"/></Shape>
            <String CONTENT="Suſato (insgemein Soeſt in Weſtphalen) SS. Theologie Dodor vol"
                    HPOS="307"
                    VPOS="541"
                    WIDTH="1379"
                    HEIGHT="98"
                    WC="0.9760924894963542"></String>
          </TextLine>
          <TextLine ID="eSc_line_dab23433"
                    TAGREFS="LT33"
                    BASELINE="310 632 965 661 1500 669 1682 665" 
                    HPOS="308"
                    VPOS="590"
                    WIDTH="1374"
                    HEIGHT="104">
            <Shape><Polygon POINTS="948 610 947 610 945 610 777 613 725 602 724 602 723 602 697 610 546 608 526 598 524 598 523 598 452 604 436 595 434 595 311 590 310 632 308 645 362 654 363 654 442 650 463 658 464 658 466 658 531 653 561 662 563 662 564 662 664 658 690 666 691 666 693 666 694 666 721 660 772 669 773 669 896 664 952 675 954 675 1104 672 1133 680 1134 680 1135 680 1446 680 1469 688 1470 688 1472 688 1521 684 1589 694 1591 694 1681 686 1682 665 1680 631 1496 627 1495 627 1494 627 1469 634 1446 624 1444 624 1443 624 1402 631 1365 621 1364 621 1362 621 1253 627 1223 620 1222 620 1220 620 1059 621 1033 613 1032 613 1030 613 1029 613 1012 620 959 619 950 610 948 610"/></Shape>
            <String CONTENT="Marrino V. ernannt worden. Welcher mit ermelten Erhardo ſich ver"
                    HPOS="308"
                    VPOS="590"
                    WIDTH="1374"
                    HEIGHT="104"
                    WC="0.9941813154146075"></String>
          </TextLine>
          <TextLine ID="eSc_line_718dc976"
                    TAGREFS="LT33"
                    BASELINE="306 686 1176 716 1678 717" 
                    HPOS="304"
                    VPOS="643"
                    WIDTH="1374"
                    HEIGHT="100">
            <Shape><Polygon POINTS="1185 665 1183 665 1182 665 1060 672 939 669 914 660 907 660 896 658 859 666 781 654 780 654 779 654 757 664 732 653 731 653 729 653 658 661 615 661 597 649 596 649 594 649 593 649 459 656 392 643 390 643 306 646 306 686 304 702 579 705 702 720 703 720 705 720 723 710 747 717 749 717 750 717 790 712 820 722 821 722 822 722 1003 721 1062 729 1063 729 1140 722 1215 733 1216 733 1278 728 1361 736 1362 736 1398 729 1420 739 1421 739 1423 739 1513 731 1574 743 1576 743 1677 733 1678 717 1677 679 1577 686 1515 675 1514 675 1371 680 1286 671 1284 671 1202 675 1186 665 1185 665"/></Shape>
            <String CONTENT="glichen, und darauf an St. Emmerams⸗Tag, Anno quo lopra. i"
                    HPOS="304"
                    VPOS="643"
                    WIDTH="1374"
                    HEIGHT="100"
                    WC="0.9889691543990168"></String>
          </TextLine>
          <TextLine ID="eSc_line_7ac062bf"
                    TAGREFS="LT33"
                    BASELINE="306 735 1325 770 1578 773 1678 766" 
                    HPOS="304"
                    VPOS="694"
                    WIDTH="1374"
                    HEIGHT="101">
            <Shape><Polygon POINTS="306 735 304 747 347 759 348 759 349 759 351 759 371 751 380 758 381 758 382 758 384 758 442 754 503 765 504 765 578 758 628 769 630 769 855 769 881 777 883 777 884 777 918 772 1090 784 1092 784 1093 784 1119 777 1205 785 1207 785 1297 780 1425 795 1427 795 1677 791 1678 766 1677 733 1633 732 1632 732 1630 732 1596 743 1554 729 1552 729 1470 727 1469 727 1468 727 1431 736 1420 728 1418 728 1417 728 1294 721 1293 721 1254 729 1204 718 1202 718 1127 727 1034 718 1033 718 1032 718 1008 724 929 712 928 712 842 717 811 707 810 707 809 707 807 707 776 716 746 703 745 703 743 703 676 713 576 703 575 703 468 706 431 694 430 694 429 694 306 701 306 735"/></Shape>
            <String CONTENT="Begleitung zweyer Pfaltzgrafen einen herrlichen Einzug gehabt, un"
                    HPOS="304"
                    VPOS="694"
                    WIDTH="1374"
                    HEIGHT="101"
                    WC="0.9935836361004756"></String>
          </TextLine>
          <TextLine ID="eSc_line_1c0ec275"
                    TAGREFS="LT33"
                    BASELINE="303 784 1135 815 1671 820" 
                    HPOS="302"
                    VPOS="747"
                    WIDTH="1369"
                    HEIGHT="96">
            <Shape><Polygon POINTS="1293 770 1248 777 1146 768 1145 768 1105 774 948 762 947 762 791 765 775 755 773 755 772 755 770 755 727 763 537 750 535 750 498 757 479 747 478 747 303 747 303 784 302 804 414 804 442 813 444 813 445 813 447 813 479 804 576 813 578 813 630 809 646 815 647 815 649 815 705 811 725 821 727 821 787 822 788 822 909 817 925 826 926 826 928 826 929 826 1041 821 1055 830 1056 830 1058 830 1059 830 1226 828 1245 836 1246 836 1387 840 1388 840 1423 833 1483 843 1484 843 1670 837 1671 820 1671 781 1610 780 1608 780 1607 780 1578 788 1365 783 1294 770 1293 770"/></Shape>
            <String CONTENT="von dem Clero und gemeiner Stadt zierlich empfangen worden. e"
                    HPOS="302"
                    VPOS="747"
                    WIDTH="1369"
                    HEIGHT="96"
                    WC="0.9952679403492661"></String>
          </TextLine>
          <TextLine ID="eSc_line_cb63112a"
                    TAGREFS="LT33"
                    BASELINE="302 836 1354 870 1671 865" 
                    HPOS="300"
                    VPOS="798"
                    WIDTH="1371"
                    HEIGHT="90">
            <Shape><Polygon POINTS="1043 813 1041 813 872 815 861 809 859 809 858 809 857 809 809 814 747 806 746 806 628 809 611 800 609 800 608 800 606 800 580 807 556 799 554 799 302 798 302 836 300 848 416 861 418 861 463 854 539 863 541 863 703 861 753 870 924 874 925 874 926 874 947 867 996 877 997 877 1043 870 1093 880 1094 880 1249 877 1382 888 1383 888 1670 886 1671 865 1669 830 1480 833 1249 828 1239 820 1238 820 1237 820 1235 820 1060 821 1044 813 1043 813"/></Shape>
            <String CONTENT="hat das Schloß und HHerrſchafft TDoͤrrh denen Hertzogen aus Paye"
                    HPOS="300"
                    VPOS="798"
                    WIDTH="1371"
                    HEIGHT="90"
                    WC="0.9854062469676137"></String>
          </TextLine>
          <TextLine ID="eSc_line_64825fd4"
                    TAGREFS="LT33"
                    BASELINE="308 884 1293 918 1671 918" 
                    HPOS="307"
                    VPOS="840"
                    WIDTH="1364"
                    HEIGHT="101">
            <Shape><Polygon POINTS="307 902 494 902 585 914 586 914 587 914 612 906 673 914 675 914 758 910 813 921 814 921 970 919 1175 932 1176 932 1228 926 1354 937 1356 937 1413 930 1547 941 1548 941 1670 936 1671 918 1671 881 1268 880 1116 865 1115 865 1068 871 970 861 969 861 935 867 828 865 818 856 817 856 816 856 814 856 813 856 811 856 799 863 727 863 672 851 671 851 608 858 589 848 587 848 586 848 545 856 453 844 452 844 330 850 310 840 308 884 307 902"/></Shape>
            <String CONTENT="per z5000. Ducaten verſetzt, wider geloͤſt. Hertzog Wilhelm h⸗"
                    HPOS="307"
                    VPOS="840"
                    WIDTH="1364"
                    HEIGHT="101"
                    WC="0.9911541092780328"></String>
          </TextLine>
          <TextLine ID="eSc_line_b054e2ca"
                    TAGREFS="LT33"
                    BASELINE="300 932 1243 967 1675 967" 
                    HPOS="299"
                    VPOS="895"
                    WIDTH="1376"
                    HEIGHT="102">
            <Shape><Polygon POINTS="300 932 299 947 358 959 359 959 360 959 386 951 492 963 493 963 576 958 621 967 623 967 664 959 712 970 713 970 859 967 898 975 899 975 1011 973 1104 982 1105 982 1148 974 1279 988 1280 988 1282 988 1299 981 1384 990 1386 990 1498 985 1587 997 1588 997 1589 997 1607 989 1673 989 1675 967 1675 930 1474 925 1473 925 1418 933 1407 925 1406 925 1405 925 1403 925 1402 925 1388 932 1375 925 1373 925 1372 925 1330 930 1149 918 1148 918 1068 922 974 910 973 910 805 914 703 900 702 900 701 900 672 910 627 897 626 897 624 897 586 906 538 895 537 895 300 895 300 932"/></Shape>
            <String CONTENT="dem Biſtumb zu Chren, und Gutem, von dem Pfand⸗Schilus"
                    HPOS="299"
                    VPOS="895"
                    WIDTH="1376"
                    HEIGHT="102"
                    WC="0.9925812593212834"></String>
          </TextLine>
          <TextLine ID="eSc_line_7ea666a6"
                    TAGREFS="LT33"
                    BASELINE="300 984 932 1011 1368 1022 1660 1016" 
                    HPOS="299"
                    VPOS="948"
                    WIDTH="1361"
                    HEIGHT="100">
            <Shape><Polygon POINTS="299 997 373 1009 374 1009 408 1003 441 1014 442 1014 444 1014 515 1005 583 1018 585 1018 734 1015 746 1022 747 1022 749 1022 750 1022 930 1022 982 1030 984 1030 1026 1023 1056 1031 1058 1031 1059 1031 1187 1026 1201 1033 1202 1033 1204 1033 1248 1029 1260 1037 1261 1037 1263 1037 1264 1037 1265 1037 1283 1029 1298 1040 1299 1040 1301 1040 1302 1040 1334 1034 1390 1042 1391 1042 1479 1034 1584 1048 1585 1048 1587 1048 1607 1038 1658 1038 1660 1016 1656 982 1580 990 1526 978 1525 978 1346 984 1301 971 1299 971 1245 970 1243 970 1242 970 1217 979 1192 968 1190 968 1189 968 1114 975 1099 966 1097 966 1096 966 1056 964 1055 964 1053 964 1037 973 943 973 883 962 881 962 716 964 671 952 669 952 668 952 626 962 596 951 594 951 593 951 534 959 485 948 483 948 482 948 449 956 302 951 300 984 299 997"/></Shape>
            <String CONTENT="10000. fl. nachgeſehen, entgegen iſt ihme ein ewiger Jahr⸗Tag ve"
                    HPOS="299"
                    VPOS="948"
                    WIDTH="1361"
                    HEIGHT="100"
                    WC="0.9875473994761705"></String>
          </TextLine>
          <TextLine ID="eSc_line_34daa6c6"
                    TAGREFS="LT33"
                    BASELINE="296 1041 1386 1071 1667 1066" 
                    HPOS="296"
                    VPOS="996"
                    WIDTH="1371"
                    HEIGHT="97">
            <Shape><Polygon POINTS="1034 1014 1026 1014 1001 1022 962 1014 750 1014 738 1005 736 1005 735 1005 734 1005 671 1014 642 1007 641 1007 639 1007 590 1011 578 1003 576 1003 575 1003 574 1003 516 1009 389 996 388 996 296 999 296 1041 296 1063 388 1055 400 1063 401 1063 403 1063 404 1063 405 1063 430 1056 545 1057 621 1071 623 1071 668 1061 740 1072 742 1072 743 1072 776 1064 835 1076 954 1078 955 1078 956 1078 982 1071 1003 1081 1004 1081 1186 1085 1187 1085 1189 1085 1216 1075 1231 1086 1233 1086 1234 1086 1235 1086 1280 1081 1334 1089 1335 1089 1336 1089 1360 1081 1502 1093 1503 1093 1666 1085 1667 1066 1666 1027 1608 1026 1607 1026 1606 1026 1566 1035 1499 1023 1498 1023 1391 1031 1334 1023 1059 1023 1037 1014 1034 1014"/></Shape>
            <String CONTENT="ſprochen worden. Er regierte ). Jahr gar loͤblich. Gtarb Ann"
                    HPOS="296"
                    VPOS="996"
                    WIDTH="1371"
                    HEIGHT="97"
                    WC="0.9962342669566472"></String>
          </TextLine>
          <TextLine ID="eSc_line_d3cf9338"
                    TAGREFS="LT33"
                    BASELINE="302 1085 374 1094 1053 1113 1528 1119" 
                    HPOS="300"
                    VPOS="1050"
                    WIDTH="1228"
                    HEIGHT="84">
            <Shape><Polygon POINTS="302 1085 300 1102 366 1113 367 1113 421 1107 494 1116 496 1116 539 1109 661 1120 662 1120 701 1113 837 1124 839 1124 903 1119 1004 1128 1525 1134 1528 1119 1528 1085 1413 1082 1395 1072 1394 1072 1392 1072 1239 1076 1228 1068 1227 1068 1226 1068 1224 1068 1122 1074 1107 1067 1105 1067 1104 1067 1008 1071 997 1063 996 1063 995 1063 993 1063 832 1067 773 1057 772 1057 658 1063 593 1053 591 1053 541 1060 449 1050 448 1050 302 1052 302 1085"/></Shape>
            <String CONTENT="1257. den r. May, und wurd im Thumb begraben...."
                    HPOS="300"
                    VPOS="1050"
                    WIDTH="1228"
                    HEIGHT="84"
                    WC="0.9857643196980158"></String>
          </TextLine>
          <TextLine ID="eSc_line_0b1ab3fc"
                    TAGREFS="LT33"
                    BASELINE="430 1143 1175 1168 1664 1171" 
                    HPOS="429"
                    VPOS="1097"
                    WIDTH="1235"
                    HEIGHT="97">
            <Shape><Polygon POINTS="909 1111 895 1109 885 1109 865 1117 783 1117 701 1104 699 1104 620 1111 593 1101 591 1101 590 1101 589 1101 568 1108 545 1100 544 1100 542 1100 498 1105 430 1097 430 1143 429 1156 550 1158 575 1169 576 1169 578 1169 579 1169 613 1161 627 1171 628 1171 630 1171 631 1171 712 1164 724 1173 725 1173 727 1173 728 1173 835 1167 1000 1180 1001 1180 1079 1176 1183 1184 1185 1184 1186 1184 1211 1176 1242 1186 1243 1186 1345 1189 1346 1189 1347 1189 1364 1180 1375 1189 1376 1189 1377 1189 1379 1189 1412 1182 1567 1194 1569 1194 1663 1187 1664 1171 1664 1127 1589 1126 1588 1126 1587 1126 1555 1135 1425 1123 1424 1123 1423 1123 1392 1131 1343 1120 1342 1120 1295 1128 1234 1120 1233 1120 1123 1124 1112 1116 1111 1116 1109 1116 1108 1116 1008 1122 915 1111 909 1111"/></Shape>
            <String CONTENT="Um dieſe Zeit ſeynd die Creutzgaͤng im Thumb, bey arr Cape"
                    HPOS="429"
                    VPOS="1097"
                    WIDTH="1235"
                    HEIGHT="97"
                    WC="0.9986501891037514"></String>
          </TextLine>
          <TextLine ID="eSc_line_203e5820"
                    TAGREFS="LT33"
                    BASELINE="300 1189 1357 1221 1563 1223 1640 1214" 
                    HPOS="299"
                    VPOS="1146"
                    WIDTH="1341"
                    HEIGHT="100">
            <Shape><Polygon POINTS="1200 1169 1198 1169 1179 1176 1156 1169 1155 1169 1153 1169 1096 1173 1084 1165 1079 1165 1034 1172 943 1163 941 1163 852 1167 839 1158 837 1158 836 1158 835 1158 761 1164 751 1157 750 1157 749 1157 747 1157 746 1157 727 1163 667 1154 665 1154 631 1160 552 1150 550 1150 488 1156 431 1146 430 1146 300 1146 300 1189 299 1201 526 1216 878 1219 944 1228 945 1228 981 1223 1036 1231 1037 1231 1081 1225 1131 1234 1133 1234 1261 1231 1294 1238 1295 1238 1297 1238 1315 1231 1371 1240 1372 1240 1496 1238 1547 1246 1548 1246 1639 1239 1640 1214 1637 1182 1555 1186 1544 1179 1543 1179 1541 1179 1540 1179 1413 1182 1351 1173 1350 1173 1317 1180 1305 1172 1304 1172 1302 1172 1301 1172 1267 1179 1201 1169 1200 1169"/></Shape>
            <String CONTENT="len, St. Jacob, Auguſtinern, Franciſcanern, Sr. Mang, a"
                    HPOS="299"
                    VPOS="1146"
                    WIDTH="1341"
                    HEIGHT="100"
                    WC="0.9853839657523416"></String>
          </TextLine>
          <TextLine ID="eSc_line_8a828b01"
                    TAGREFS="LT33"
                    BASELINE="296 1239 995 1262 1652 1273" 
                    HPOS="295"
                    VPOS="1195"
                    WIDTH="1357"
                    HEIGHT="99">
            <Shape><Polygon POINTS="296 1239 295 1250 427 1261 429 1261 503 1257 535 1265 537 1265 538 1265 539 1265 563 1258 630 1258 650 1268 652 1268 653 1268 654 1268 672 1261 745 1269 746 1269 790 1264 805 1273 806 1273 807 1273 955 1277 1090 1280 1092 1280 1093 1280 1094 1280 1105 1273 1167 1283 1168 1283 1312 1277 1328 1287 1330 1287 1331 1287 1332 1287 1377 1280 1436 1290 1438 1290 1476 1284 1490 1291 1491 1291 1608 1294 1610 1294 1651 1284 1652 1273 1652 1231 1383 1231 1320 1221 1319 1221 1317 1221 1298 1230 1264 1223 1263 1223 1222 1231 1141 1230 1109 1216 1108 1216 1107 1216 1105 1216 1073 1227 1008 1227 874 1223 847 1212 846 1212 844 1212 739 1219 678 1205 676 1205 675 1205 656 1212 605 1206 604 1206 602 1206 586 1214 557 1202 556 1202 554 1202 553 1202 531 1209 508 1202 507 1202 505 1202 504 1202 503 1202 489 1210 416 1198 415 1198 414 1198 392 1205 296 1195 296 1239"/></Shape>
            <String CONTENT="Pruͤel gewoͤlbt worden. Anno 1228. iſt Anperrus hernach Biſchoff,"
                    HPOS="295"
                    VPOS="1195"
                    WIDTH="1357"
                    HEIGHT="99"
                    WC="0.9825495435641363"></String>
          </TextLine>
          <TextLine ID="eSc_line_9d8031c6"
                    TAGREFS="LT33"
                    BASELINE="292 1290 697 1298 1388 1321 1658 1317" 
                    HPOS="291"
                    VPOS="1245"
                    WIDTH="1367"
                    HEIGHT="97">
            <Shape><Polygon POINTS="291 1302 332 1310 333 1312 694 1312 1550 1342 1551 1342 1656 1335 1658 1317 1655 1279 1551 1287 1528 1276 1526 1276 1525 1276 1524 1276 1506 1286 1480 1275 1479 1275 1477 1275 1476 1275 1444 1284 1394 1284 1364 1272 1362 1272 1361 1272 1360 1272 1325 1280 1302 1271 1301 1271 1299 1271 1178 1277 1100 1268 1099 1268 1097 1268 1073 1275 1056 1266 1055 1266 1053 1266 1018 1273 982 1264 981 1264 980 1264 910 1271 857 1260 855 1260 807 1268 738 1255 736 1255 647 1264 400 1247 399 1247 397 1247 367 1255 352 1246 351 1246 349 1246 293 1245 292 1290 291 1302"/></Shape>
            <String CONTENT="Regenſpurg, Ortonis Mosbacenlis, und ſoannæ Hertzogs Heinria"
                    HPOS="291"
                    VPOS="1245"
                    WIDTH="1367"
                    HEIGHT="97"
                    WC="0.9880173514286678"></String>
          </TextLine>
          <TextLine ID="eSc_line_34eb8e02"
                    TAGREFS="LT33"
                    BASELINE="289 1340 1353 1370 1572 1372 1656 1365" 
                    HPOS="288"
                    VPOS="1295"
                    WIDTH="1368"
                    HEIGHT="100">
            <Shape><Polygon POINTS="289 1340 288 1354 634 1370 635 1370 732 1363 755 1373 757 1373 758 1373 787 1368 837 1376 839 1376 840 1376 869 1369 891 1377 892 1377 894 1377 1053 1374 1093 1383 1094 1383 1163 1376 1254 1385 1256 1385 1257 1385 1279 1378 1298 1388 1299 1388 1301 1388 1390 1381 1421 1391 1423 1391 1552 1395 1554 1395 1655 1387 1656 1365 1655 1329 1245 1329 1122 1316 1120 1316 1043 1321 988 1310 986 1310 907 1318 877 1307 876 1307 783 1305 781 1305 418 1305 395 1295 393 1295 392 1295 390 1295 389 1295 373 1305 289 1303 289 1340"/></Shape>
            <String CONTENT="von Landshut Tochter Sohn und Bruder Ottocari, Alberti und ſoas"
                    HPOS="288"
                    VPOS="1295"
                    WIDTH="1368"
                    HEIGHT="100"
                    WC="0.9934366846841479"></String>
          </TextLine>
          <TextLine ID="eSc_line_4f03d90a"
                    TAGREFS="LT33"
                    BASELINE="287 1388 462 1399 751 1403" 
                    HPOS="285"
                    VPOS="1344"
                    WIDTH="466"
                    HEIGHT="84">
            <Shape><Polygon POINTS="287 1388 285 1414 410 1421 411 1421 448 1414 504 1424 505 1424 548 1417 567 1425 568 1425 570 1425 643 1421 668 1428 669 1428 671 1428 750 1421 751 1403 751 1373 682 1369 673 1361 673 1359 672 1359 671 1359 669 1359 668 1359 649 1369 639 1359 639 1358 638 1358 637 1358 635 1358 604 1362 531 1350 530 1350 529 1350 498 1361 475 1348 474 1348 472 1348 471 1348 449 1355 437 1347 436 1347 434 1347 433 1347 431 1347 430 1347 430 1348 423 1355 411 1348 410 1348 408 1348 407 1348 405 1348 395 1357 326 1344 325 1344 323 1344 322 1344 322 1346 313 1354 287 1350 287 1388"/></Shape>
            <String CONTENT="nis gebohren worden."
                    HPOS="285"
                    VPOS="1344"
                    WIDTH="466"
                    HEIGHT="84"
                    WC="0.9993847161531448"></String>
          </TextLine>
          <TextLine ID="eSc_line_a33c599e"
                    TAGREFS="LT33"
                    BASELINE="425 1447 1114 1470 1572 1473" 
                    HPOS="423"
                    VPOS="1404"
                    WIDTH="1149"
                    HEIGHT="93">
            <Shape><Polygon POINTS="425 1447 423 1460 574 1465 596 1474 597 1474 598 1474 600 1474 601 1474 611 1467 703 1477 705 1477 754 1470 766 1478 768 1478 769 1478 770 1478 813 1471 919 1482 921 1482 1190 1481 1209 1489 1211 1489 1212 1489 1465 1489 1517 1497 1518 1497 1554 1491 1567 1497 1572 1473 1572 1435 1464 1426 1462 1426 1366 1433 1357 1425 1356 1425 1354 1425 1353 1425 1351 1425 1334 1433 1276 1425 1275 1425 1212 1430 1194 1419 1193 1419 1192 1419 1190 1419 1157 1425 1140 1418 1138 1418 1137 1418 1019 1425 917 1415 915 1415 870 1422 852 1413 851 1413 850 1413 848 1413 816 1421 780 1421 757 1409 755 1409 702 1409 701 1409 699 1409 683 1417 645 1410 643 1410 464 1411 451 1404 449 1404 448 1404 447 1404 425 1410 425 1447"/></Shape>
            <String CONTENT="Anno 1228. haben die HHußiten biß VTirtenau geſtreifft,"
                    HPOS="423"
                    VPOS="1404"
                    WIDTH="1149"
                    HEIGHT="93"
                    WC="0.9925082607702775"></String>
          </TextLine>
          <TextLine ID="eSc_line_f7214f11"
                    TAGREFS="LT33"
                    BASELINE="1250 1413 1349 1415" 
                    HPOS="1249"
                    VPOS="1373"
                    WIDTH="100"
                    HEIGHT="63">
            <Shape><Polygon POINTS="1250 1413 1249 1432 1298 1429 1346 1436 1349 1415 1345 1374 1327 1391 1302 1391 1282 1373 1280 1373 1279 1373 1250 1373 1250 1413"/></Shape>
            <String CONTENT=""
                    HPOS="1249"
                    VPOS="1373"
                    WIDTH="100"
                    HEIGHT="63"
                    WC="0.9998676478862762"></String>
          </TextLine>
          <TextLine ID="eSc_line_d81cbecd"
                    TAGREFS="LT33"
                    BASELINE="287 1492 1233 1523 1498 1525 1619 1517" 
                    HPOS="285"
                    VPOS="1445"
                    WIDTH="1334"
                    HEIGHT="102">
            <Shape><Polygon POINTS="811 1460 702 1466 631 1455 630 1455 568 1462 550 1452 549 1452 548 1452 546 1452 518 1460 471 1450 470 1450 393 1455 380 1447 378 1447 377 1447 288 1445 287 1492 285 1512 531 1512 559 1522 560 1522 652 1525 653 1525 724 1518 837 1530 839 1530 1036 1529 1066 1537 1067 1537 1068 1537 1070 1537 1096 1529 1131 1536 1133 1536 1204 1532 1249 1542 1250 1542 1252 1542 1301 1537 1406 1547 1407 1547 1464 1540 1617 1542 1619 1517 1617 1484 1485 1489 1346 1477 1345 1477 1343 1477 1315 1484 1291 1476 1290 1476 978 1476 813 1460 811 1460"/></Shape>
            <String CONTENT="unſaͤglichen Schaden im Land gethan, den Pfarrer allda entbloͤf"
                    HPOS="285"
                    VPOS="1445"
                    WIDTH="1334"
                    HEIGHT="102"
                    WC="0.9997919987118433"></String>
          </TextLine>
          <TextLine ID="eSc_line_47c3300e"
                    TAGREFS="LT33"
                    BASELINE="1596 1466 1663 1458" 
                    HPOS="1589"
                    VPOS="1403"
                    WIDTH="74"
                    HEIGHT="78">
            <Shape><Polygon POINTS="1596 1466 1597 1481 1663 1465 1663 1458 1654 1403 1629 1417 1589 1417 1596 1466"/></Shape>
            <String CONTENT="unt"
                    HPOS="1589"
                    VPOS="1403"
                    WIDTH="74"
                    HEIGHT="78"
                    WC="0.999531884988149"></String>
          </TextLine>
          <TextLine ID="eSc_line_ff1fc2ba"
                    TAGREFS="LT33"
                    BASELINE="287 1540 1160 1571 1520 1575 1619 1568" 
                    HPOS="285"
                    VPOS="1497"
                    WIDTH="1334"
                    HEIGHT="102">
            <Shape><Polygon POINTS="287 1540 285 1553 788 1578 790 1578 855 1571 919 1582 921 1582 1003 1575 1041 1585 1043 1585 1044 1586 1253 1586 1313 1594 1315 1594 1387 1588 1444 1599 1446 1599 1447 1599 1479 1590 1503 1597 1505 1597 1506 1597 1618 1593 1619 1568 1617 1537 1425 1532 1424 1532 1373 1541 1308 1527 1306 1527 1186 1536 1129 1523 1127 1523 1100 1529 1088 1521 1086 1521 1085 1521 1084 1521 967 1529 940 1522 939 1522 937 1522 755 1522 731 1510 729 1510 728 1510 620 1518 582 1511 580 1511 449 1512 434 1501 433 1501 431 1501 430 1501 392 1508 322 1497 321 1497 287 1503 287 1540"/></Shape>
            <String CONTENT="einer Ketten einem Wagen nacher Cauß nachlauffen laſſen, und"
                    HPOS="285"
                    VPOS="1497"
                    WIDTH="1334"
                    HEIGHT="102"
                    WC="0.9890295177698135"></String>
          </TextLine>
          <TextLine ID="eSc_line_e3ff5c10"
                    TAGREFS="LT33"
                    BASELINE="285 1588 772 1611 1470 1627" 
                    HPOS="284"
                    VPOS="1549"
                    WIDTH="1186"
                    HEIGHT="99">
            <Shape><Polygon POINTS="284 1607 292 1614 293 1614 295 1614 296 1614 298 1614 315 1607 366 1615 367 1615 466 1611 475 1619 477 1619 478 1619 479 1619 542 1615 617 1623 619 1623 620 1623 635 1616 652 1624 653 1624 654 1624 713 1620 781 1629 783 1629 850 1623 904 1633 906 1633 948 1626 1166 1641 1167 1641 1354 1640 1380 1648 1382 1648 1383 1648 1469 1641 1470 1627 1470 1586 287 1549 285 1588 284 1607"/></Shape>
            <String CONTENT="der Gefaͤngnuß ſo hart gehalten, daß er hat ſterben muͤſſen."
                    HPOS="284"
                    VPOS="1549"
                    WIDTH="1186"
                    HEIGHT="99"
                    WC="0.984122708439827"></String>
          </TextLine>
          <TextLine ID="eSc_line_72065fba"
                    TAGREFS="LT33"
                    BASELINE="414 1642 1308 1675 1480 1675 1613 1665" 
                    HPOS="412"
                    VPOS="1600"
                    WIDTH="1201"
                    HEIGHT="98">
            <Shape><Polygon POINTS="1079 1619 1078 1619 1060 1629 1011 1629 997 1618 996 1618 995 1618 993 1618 914 1626 895 1616 894 1616 824 1614 822 1614 821 1614 788 1622 729 1620 717 1611 716 1611 714 1611 713 1611 679 1618 565 1608 564 1608 500 1612 463 1611 451 1600 449 1600 448 1600 447 1600 445 1600 414 1608 414 1642 412 1657 497 1657 539 1668 541 1668 542 1668 615 1663 649 1671 650 1671 652 1671 653 1671 676 1664 719 1674 720 1674 776 1670 784 1676 786 1676 787 1676 788 1676 909 1671 993 1683 995 1683 1181 1682 1197 1690 1198 1690 1331 1694 1332 1694 1334 1694 1354 1689 1405 1697 1406 1697 1407 1697 1409 1697 1418 1690 1473 1698 1474 1698 1476 1698 1491 1691 1610 1693 1613 1665 1611 1635 1421 1630 1420 1630 1376 1640 1345 1627 1343 1627 1342 1627 1293 1633 1207 1626 1205 1626 1160 1634 1081 1619 1079 1619"/></Shape>
            <String CONTENT="Anno 1229. brauchet es mehrmahlen einen Vergleich unter"
                    HPOS="412"
                    VPOS="1600"
                    WIDTH="1201"
                    HEIGHT="98"
                    WC="0.9958792198788036"></String>
          </TextLine>
          <TextLine ID="eSc_line_716f1ecd"
                    TAGREFS="LT33"
                    BASELINE="280 1693 1246 1724 1506 1726 1578 1717" 
                    HPOS="278"
                    VPOS="1649"
                    WIDTH="1300"
                    HEIGHT="98">
            <Shape><Polygon POINTS="280 1693 278 1706 390 1716 392 1716 430 1711 441 1717 442 1717 444 1717 445 1717 493 1711 649 1713 678 1724 679 1724 680 1724 832 1720 846 1730 847 1730 848 1730 892 1731 894 1731 947 1724 1029 1735 1030 1735 1073 1728 1258 1742 1260 1742 1357 1737 1407 1746 1409 1746 1410 1746 1439 1738 1454 1747 1455 1747 1457 1747 1458 1747 1577 1741 1578 1717 1576 1682 1491 1681 1490 1681 1488 1681 1473 1687 1423 1679 1421 1679 1420 1679 1394 1686 1346 1678 1345 1678 1213 1681 1138 1672 1137 1672 988 1674 978 1667 977 1667 976 1667 974 1667 939 1672 926 1663 925 1663 924 1663 887 1661 885 1661 801 1668 481 1649 479 1649 280 1652 280 1693"/></Shape>
            <String CONTENT="nen Fuͤrſten in Bayrn. Kayſer Sigmund zertheilte das Land ii"
                    HPOS="278"
                    VPOS="1649"
                    WIDTH="1300"
                    HEIGHT="98"
                    WC="0.9825236837069193"></String>
          </TextLine>
          <TextLine ID="eSc_line_6ba24527"
                    TAGREFS="LT33"
                    BASELINE="1607 1711 1654 1705" 
                    HPOS="1602"
                    VPOS="1659"
                    WIDTH="52"
                    HEIGHT="64">
            <Shape><Polygon POINTS="1602 1667 1607 1711 1608 1723 1654 1717 1654 1705 1647 1659 1602 1661 1602 1667"/></Shape>
            <String CONTENT="nle."
                    HPOS="1602"
                    VPOS="1659"
                    WIDTH="52"
                    HEIGHT="64"
                    WC="0.870876356959343"></String>
          </TextLine>
          <TextLine ID="eSc_line_d2416d09"
                    TAGREFS="LT33"
                    BASELINE="280 1752 672 1754 1325 1775 1547 1772" 
                    HPOS="278"
                    VPOS="1701"
                    WIDTH="1269"
                    HEIGHT="93">
            <Shape><Polygon POINTS="989 1716 988 1716 986 1716 866 1722 796 1712 795 1712 740 1719 714 1711 713 1711 712 1711 639 1716 616 1708 615 1708 613 1708 578 1713 490 1705 489 1705 429 1712 280 1701 280 1752 278 1760 341 1769 343 1769 427 1764 512 1773 513 1773 676 1769 721 1776 723 1776 895 1775 910 1782 911 1782 913 1782 954 1776 986 1784 988 1784 989 1784 1152 1780 1190 1788 1544 1794 1547 1772 1546 1731 1004 1726 991 1716 989 1716"/></Shape>
            <String CONTENT="Theil. Dem Hertzog Ludwig ſprach er zu, Schaͤrting, Je"
                    HPOS="278"
                    VPOS="1701"
                    WIDTH="1269"
                    HEIGHT="93"
                    WC="0.9832878598460445"></String>
          </TextLine>
          <TextLine ID="eSc_line_ae2c33fe"
                    TAGREFS="LT33"
                    BASELINE="282 1798 1335 1825 1450 1825 1622 1814" 
                    HPOS="282"
                    VPOS="1753"
                    WIDTH="1340"
                    HEIGHT="94">
            <Shape><Polygon POINTS="296 1753 282 1753 282 1798 282 1812 326 1809 347 1820 348 1820 349 1820 392 1810 462 1824 463 1824 504 1817 570 1827 571 1827 572 1827 602 1819 628 1827 630 1827 631 1827 632 1827 662 1817 760 1831 761 1831 831 1824 862 1834 863 1834 865 1834 915 1823 1007 1836 1109 1839 1111 1839 1150 1831 1174 1840 1175 1840 1176 1840 1178 1840 1202 1835 1278 1843 1279 1843 1280 1843 1301 1836 1387 1846 1388 1846 1390 1846 1420 1838 1455 1847 1457 1847 1458 1847 1459 1847 1487 1836 1619 1838 1622 1814 1621 1782 1394 1787 1306 1779 1305 1779 1276 1784 1228 1775 1227 1775 1053 1779 1037 1769 1036 1769 1034 1769 1033 1769 981 1775 947 1767 945 1767 944 1767 868 1775 807 1763 806 1763 766 1768 691 1760 690 1760 632 1769 556 1758 554 1758 553 1758 520 1767 492 1756 490 1756 396 1754 395 1754 348 1763 296 1753 296 1753"/></Shape>
            <String CONTENT="ſen, Tieffenſtein, Dinglfing, Kirchberg, Geißlhoͤring, die Fuden"
                    HPOS="282"
                    VPOS="1753"
                    WIDTH="1340"
                    HEIGHT="94"
                    WC="0.9977143742144108"></String>
          </TextLine>
          <TextLine ID="eSc_line_97273eac"
                    TAGREFS="LT33"
                    BASELINE="1600 1761 1640 1756" 
                    HPOS="1593"
                    VPOS="1713"
                    WIDTH="48"
                    HEIGHT="67">
            <Shape><Polygon POINTS="1600 1761 1603 1780 1641 1767 1640 1756 1632 1713 1593 1715 1600 1761"/></Shape>
            <String CONTENT="at"
                    HPOS="1593"
                    VPOS="1713"
                    WIDTH="48"
                    HEIGHT="67"
                    WC="0.9999966025352478"></String>
          </TextLine>
          <TextLine ID="eSc_line_2076ca05"
                    TAGREFS="LT33"
                    BASELINE="282 1847 1241 1873 1488 1875 1562 1868" 
                    HPOS="281"
                    VPOS="1801"
                    WIDTH="1281"
                    HEIGHT="98">
            <Shape><Polygon POINTS="282 1847 281 1858 339 1860 371 1872 373 1872 374 1872 459 1866 470 1875 471 1875 472 1875 474 1876 508 1876 508 1875 575 1866 591 1877 593 1877 594 1877 596 1877 597 1877 624 1870 634 1879 635 1879 637 1879 716 1880 717 1880 719 1880 742 1870 755 1880 757 1880 758 1880 760 1880 891 1875 940 1884 941 1884 943 1884 960 1876 1032 1888 1033 1888 1079 1880 1134 1891 1135 1891 1137 1891 1172 1881 1194 1892 1196 1892 1197 1892 1269 1887 1335 1895 1336 1895 1338 1895 1366 1888 1453 1899 1454 1899 1561 1890 1562 1868 1559 1832 1454 1838 1302 1827 1301 1827 1181 1831 1157 1823 1156 1823 1155 1823 1019 1827 999 1819 997 1819 900 1816 899 1816 854 1823 734 1812 732 1812 690 1819 619 1809 617 1809 380 1810 282 1801 282 1847"/></Shape>
            <String CONTENT="Regenſpurg. Hertzog Hheinrichen Landau, Natternberg, Plaͤ"
                    HPOS="281"
                    VPOS="1801"
                    WIDTH="1281"
                    HEIGHT="98"
                    WC="0.988561611426504"></String>
          </TextLine>
          <TextLine ID="eSc_line_78d06ff8"
                    TAGREFS="LT33"
                    BASELINE="281 1894 515 1909 1090 1922 1440 1927 1540 1921" 
                    HPOS="280"
                    VPOS="1853"
                    WIDTH="1260"
                    HEIGHT="95">
            <Shape><Polygon POINTS="281 1894 280 1911 377 1913 397 1924 399 1924 400 1924 490 1917 732 1932 734 1932 770 1925 796 1933 798 1933 799 1933 801 1933 832 1925 854 1935 855 1935 857 1935 937 1928 960 1937 962 1937 963 1937 1063 1931 1085 1940 1086 1940 1138 1942 1140 1942 1304 1936 1424 1948 1425 1948 1539 1940 1540 1921 1537 1881 1425 1888 1365 1877 1364 1877 1310 1886 1256 1877 1254 1877 1140 1880 1129 1873 1127 1873 1126 1873 1125 1873 1037 1879 962 1868 960 1868 959 1868 941 1873 784 1865 783 1865 732 1872 634 1870 623 1862 621 1862 620 1862 619 1862 574 1868 548 1858 546 1858 545 1858 505 1866 400 1858 399 1858 397 1858 385 1864 281 1853 281 1894"/></Shape>
            <String CONTENT="Wintzer, Hilckersberg, Hoffkirchen, Viltzhofen. Hertog1"
                    HPOS="280"
                    VPOS="1853"
                    WIDTH="1260"
                    HEIGHT="95"
                    WC="0.9740577979521318"></String>
          </TextLine>
          <TextLine ID="eSc_line_22ad6217"
                    TAGREFS="LT33"
                    BASELINE="1611 1860 1648 1854" 
                    HPOS="1606"
                    VPOS="1820"
                    WIDTH="42"
                    HEIGHT="49">
            <Shape><Polygon POINTS="1611 1860 1613 1869 1648 1865 1648 1854 1640 1820 1606 1824 1611 1860"/></Shape>
            <String CONTENT="g."
                    HPOS="1606"
                    VPOS="1820"
                    WIDTH="42"
                    HEIGHT="49"
                    WC="0.9969465136528015"></String>
          </TextLine>
          <TextLine ID="eSc_line_d6ec6a9a"
                    TAGREFS="LT33"
                    BASELINE="1636 1896 1645 1896" 
                    HPOS="1636"
                    VPOS="1857"
                    WIDTH="9"
                    HEIGHT="53">
            <Shape><Polygon POINTS="1636 1896 1637 1910 1645 1906 1645 1896 1644 1857 1636 1857 1636 1896"/></Shape>
            <String CONTENT=""
                    HPOS="1636"
                    VPOS="1857"
                    WIDTH="9"
                    HEIGHT="53"
                    WC="0.999880313873291"></String>
          </TextLine>
          <TextLine ID="eSc_line_9b62f127"
                    TAGREFS="LT33"
                    BASELINE="280 1946 857 1968 1317 1976 1533 1972" 
                    HPOS="278"
                    VPOS="1903"
                    WIDTH="1255"
                    HEIGHT="95">
            <Shape><Polygon POINTS="909 1918 896 1918 855 1927 764 1916 762 1916 702 1922 634 1913 632 1913 631 1913 606 1920 440 1917 415 1907 414 1907 412 1907 411 1907 400 1913 381 1903 380 1903 378 1903 280 1906 280 1946 278 1959 698 1980 699 1980 749 1972 762 1980 764 1980 765 1980 962 1987 963 1987 965 1987 984 1978 1015 1988 1017 1988 1018 1988 1317 1987 1386 1998 1387 1998 1532 1991 1533 1972 1531 1933 1429 1942 1268 1927 1267 1927 1170 1935 1114 1925 1112 1925 967 1929 917 1918 909 1918"/></Shape>
            <String CONTENT="Haydau, Straubing, Mitterfelß, Bogen, den Herzog⸗ Ho"
                    HPOS="278"
                    VPOS="1903"
                    WIDTH="1255"
                    HEIGHT="95"
                    WC="0.9961327841648688"></String>
          </TextLine>
          <TextLine ID="eSc_line_0570a7ae"
                    TAGREFS="LT33"
                    BASELINE="280 1995 455 1998 596 2010 837 2017 1272 2025 1546 2019" 
                    HPOS="278"
                    VPOS="1957"
                    WIDTH="1268"
                    HEIGHT="87">
            <Shape><Polygon POINTS="1316 1976 1315 1976 1313 1976 1291 1984 1265 1976 1264 1976 1263 1976 1208 1984 1133 1976 1131 1976 1048 1981 1006 1970 1004 1970 991 1970 982 1970 958 1980 877 1972 876 1972 874 1972 873 1972 863 1978 825 1968 824 1968 822 1968 781 1977 754 1969 753 1969 751 1969 660 1974 638 1963 637 1963 635 1963 634 1963 604 1974 515 1972 492 1959 490 1959 280 1957 280 1995 278 2014 498 2015 620 2030 621 2030 679 2024 761 2032 762 2032 764 2032 796 2022 859 2034 861 2034 960 2029 1062 2037 1063 2037 1064 2037 1089 2029 1118 2039 1119 2039 1120 2039 1152 2033 1461 2044 1462 2044 1544 2032 1546 2019 1546 1987 1514 1976 1513 1976 1511 1976 1453 1987 1353 1987 1317 1976 1316 1976"/></Shape>
            <String CONTENT="zu Regenſpurg, ſo 1388. verſetzt ware, Mauth, Muͤns, und"
                    HPOS="278"
                    VPOS="1957"
                    WIDTH="1268"
                    HEIGHT="87"
                    WC="0.9925830491951534"></String>
          </TextLine>
          <TextLine ID="eSc_line_4ec7393c"
                    TAGREFS="LT33"
                    BASELINE="1622 1998 1640 1998" 
                    HPOS="1622"
                    VPOS="1950"
                    WIDTH="18"
                    HEIGHT="108">
            <Shape><Polygon POINTS="1622 1998 1622 2058 1640 2055 1640 1998 1637 1950 1622 1957 1622 1998"/></Shape>
            <String CONTENT=""
                    HPOS="1622"
                    VPOS="1950"
                    WIDTH="18"
                    HEIGHT="108"
                    ></String>
          </TextLine>
          <TextLine ID="eSc_line_588d2985"
                    TAGREFS="LT33"
                    BASELINE="272 2044 1283 2073 1465 2071 1574 2060" 
                    HPOS="270"
                    VPOS="1998"
                    WIDTH="1304"
                    HEIGHT="97">
            <Shape><Polygon POINTS="1201 2025 1198 2024 1178 2029 1161 2024 1160 2024 1146 2024 1140 2024 1123 2029 1100 2022 1092 2022 1078 2022 1073 2022 1059 2028 1010 2021 1010 2021 996 2021 982 2021 969 2019 955 2019 941 2019 928 2019 914 2019 902 2018 783 2021 306 1998 304 1998 303 1998 272 2007 272 2044 270 2055 349 2067 351 2067 620 2065 650 2075 652 2075 727 2078 728 2078 777 2070 809 2080 810 2080 1011 2085 1012 2085 1097 2077 1179 2089 1361 2095 1362 2095 1573 2088 1574 2060 1572 2030 1469 2029 1468 2029 1418 2037 1223 2033 1211 2025 1201 2025"/></Shape>
            <String CONTENT="cheiß⸗Ambt mit andern Gerechtigkeiten allhie. Seinem B"
                    HPOS="270"
                    VPOS="1998"
                    WIDTH="1304"
                    HEIGHT="97"
                    WC="0.9832767943541209"></String>
          </TextLine>
          <TextLine ID="eSc_line_7c85091c"
                    TAGREFS="LT33"
                    BASELINE="282 2097 1257 2126 1459 2125 1599 2106" 
                    HPOS="281"
                    VPOS="2050"
                    WIDTH="1318"
                    HEIGHT="116">
            <Shape><Polygon POINTS="282 2097 281 2123 370 2121 386 2127 388 2127 389 2127 390 2127 426 2118 682 2130 683 2130 714 2125 762 2127 802 2152 803 2152 805 2152 945 2155 947 2155 981 2148 1045 2159 1321 2166 1323 2166 1444 2164 1446 2164 1466 2156 1499 2159 1500 2159 1502 2159 1503 2159 1526 2145 1596 2145 1599 2106 1596 2080 1491 2077 1490 2077 1458 2084 1431 2077 1429 2077 1428 2077 1427 2077 1425 2077 1410 2086 1338 2086 1317 2078 1316 2078 1315 2078 1271 2086 1092 2070 1090 2070 1051 2077 991 2071 989 2071 988 2071 986 2071 976 2078 933 2069 932 2069 776 2074 552 2054 550 2054 459 2066 427 2051 426 2051 425 2051 352 2058 282 2050 282 2097"/></Shape>
            <String CONTENT="Wuͤbelm, Windeiſtain, Dietfurtb, Khelheim, Abbach⸗ Falc"
                    HPOS="281"
                    VPOS="2050"
                    WIDTH="1318"
                    HEIGHT="116"
                    WC="0.9820380427620627"></String>
          </TextLine>
          <TextLine ID="eSc_line_292d00c4"
                    TAGREFS="LT33"
                    BASELINE="1548 2157 1617 2153" 
                    HPOS="1546"
                    VPOS="2107"
                    WIDTH="71"
                    HEIGHT="78">
            <Shape><Polygon POINTS="1548 2157 1550 2185 1617 2181 1617 2153 1611 2107 1546 2118 1548 2157"/></Shape>
            <String CONTENT="ſtal"
                    HPOS="1546"
                    VPOS="2107"
                    WIDTH="71"
                    HEIGHT="78"
                    WC="0.993266224861145"></String>
          </TextLine>
        </TextBlock>
        <TextBlock HPOS="1790"
                   VPOS="267"
                   WIDTH="145"
                   HEIGHT="1825"
                   ID="eSc_textblock_c33be8a9"
                   TAGREFS="BT42">
          <Shape><Polygon POINTS="1815 267 1909 289 1935 338 1935 403 1916 392 1898 415 1935 442 1935 1709 1887 1760 1916 1820 1935 1798 1935 1846 1887 1875 1905 1913 1931 1924 1935 1902 1935 1988 1915 1995 1935 2000 1935 2032 1882 2071 1898 2092 1807 2092 1790 2048 1790 284 1815 267"/></Shape>
          <TextLine ID="eSc_line_e271806b"
                    TAGREFS="LT33"
                    BASELINE="1803 315 1908 322" 
                    HPOS="1801"
                    VPOS="269"
                    WIDTH="107"
                    HEIGHT="74">
            <Shape><Polygon POINTS="1900 287 1886 284 1872 281 1859 277 1845 274 1833 271 1819 269 1804 273 1803 315 1801 326 1905 343 1908 322 1908 292 1900 287"/></Shape>
            <String CONTENT="ſtain"
                    HPOS="1801"
                    VPOS="269"
                    WIDTH="107"
                    HEIGHT="74"
                    WC="0.9965523481369019"></String>
          </TextLine>
          <TextLine ID="eSc_line_8de1e3b5"
                    TAGREFS="LT33"
                    BASELINE="1807 366 1913 374" 
                    HPOS="1805"
                    VPOS="319"
                    WIDTH="110"
                    HEIGHT="73">
            <Shape><Polygon POINTS="1805 379 1911 392 1913 374 1915 333 1809 319 1807 366 1805 379"/></Shape>
            <String CONTENT="Neut."
                    HPOS="1805"
                    VPOS="319"
                    WIDTH="110"
                    HEIGHT="73"
                    WC="0.8713046431541442"></String>
          </TextLine>
          <TextLine ID="eSc_line_8f93d155"
                    TAGREFS="LT33"
                    BASELINE="1804 472 1883 482" 
                    HPOS="1801"
                    VPOS="408"
                    WIDTH="88"
                    HEIGHT="97">
            <Shape><Polygon POINTS="1804 472 1801 486 1811 494 1811 496 1812 496 1813 496 1815 496 1816 496 1831 490 1876 505 1883 482 1889 426 1837 408 1835 408 1834 408 1809 414 1804 472"/></Shape>
            <String CONTENT="nen"
                    HPOS="1801"
                    VPOS="408"
                    WIDTH="88"
                    HEIGHT="97"
                    WC="0.9604822198549906"></String>
          </TextLine>
          <TextLine ID="eSc_line_8bb1e8b6"
                    TAGREFS="LT33"
                    BASELINE="1815 530 1906 535" 
                    HPOS="1813"
                    VPOS="483"
                    WIDTH="93"
                    HEIGHT="74">
            <Shape><Polygon POINTS="1815 530 1813 535 1904 557 1906 535 1906 502 1816 483 1815 530"/></Shape>
            <String CONTENT="kenze"
                    HPOS="1813"
                    VPOS="483"
                    WIDTH="93"
                    HEIGHT="74"
                    WC="0.996996259689331"></String>
          </TextLine>
          <TextLine ID="eSc_line_1f8245e4"
                    TAGREFS="LT33"
                    BASELINE="1803 576 1916 584" 
                    HPOS="1800"
                    VPOS="531"
                    WIDTH="116"
                    HEIGHT="93">
            <Shape><Polygon POINTS="1846 533 1833 531 1819 531 1805 531 1803 576 1800 608 1826 620 1827 620 1829 620 1859 616 1912 624 1916 584 1916 552 1879 549 1854 533 1846 533"/></Shape>
            <String CONTENT="noh de"
                    HPOS="1800"
                    VPOS="531"
                    WIDTH="116"
                    HEIGHT="93"
                    WC="0.9609298308690389"></String>
          </TextLine>
          <TextLine ID="eSc_line_8dbf69d7"
                    TAGREFS="LT33"
                    BASELINE="1818 691 1926 697" 
                    HPOS="1816"
                    VPOS="635"
                    WIDTH="110"
                    HEIGHT="79">
            <Shape><Polygon POINTS="1818 691 1816 701 1923 714 1926 697 1926 665 1876 660 1856 639 1856 638 1854 638 1853 638 1819 635 1818 691"/></Shape>
            <String CONTENT="is an"
                    HPOS="1816"
                    VPOS="635"
                    WIDTH="110"
                    HEIGHT="79"
                    WC="0.9991341471672058"></String>
          </TextLine>
          <TextLine ID="eSc_line_95c149ad"
                    TAGREFS="LT33"
                    BASELINE="1811 732 1865 738" 
                    HPOS="1809"
                    VPOS="694"
                    WIDTH="58"
                    HEIGHT="69">
            <Shape><Polygon POINTS="1811 732 1809 742 1860 763 1865 738 1867 707 1813 694 1811 732"/></Shape>
            <String CONTENT="du"
                    HPOS="1809"
                    VPOS="694"
                    WIDTH="58"
                    HEIGHT="69"
                    WC="0.999988853931427"></String>
          </TextLine>
          <TextLine ID="eSc_line_4eac130e"
                    TAGREFS="LT33"
                    BASELINE="1808 780 1857 783" 
                    HPOS="1807"
                    VPOS="746"
                    WIDTH="50"
                    HEIGHT="54">
            <Shape><Polygon POINTS="1808 780 1807 789 1854 800 1857 783 1857 757 1808 746 1808 780"/></Shape>
            <String CONTENT="ein"
                    HPOS="1807"
                    VPOS="746"
                    WIDTH="50"
                    HEIGHT="54"
                    WC="0.999993085861206"></String>
          </TextLine>
          <TextLine ID="eSc_line_dc827b93"
                    TAGREFS="LT33"
                    BASELINE="1809 836 1895 841" 
                    HPOS="1808"
                    VPOS="792"
                    WIDTH="89"
                    HEIGHT="69">
            <Shape><Polygon POINTS="1809 836 1808 845 1893 861 1895 841 1897 804 1859 792 1857 792 1856 792 1811 794 1809 836"/></Shape>
            <String CONTENT="zehoͤr"
                    HPOS="1808"
                    VPOS="792"
                    WIDTH="89"
                    HEIGHT="69"
                    WC="0.954500416914622"></String>
          </TextLine>
          <TextLine ID="eSc_line_807e1701"
                    TAGREFS="LT33"
                    BASELINE="1811 888 1920 893" 
                    HPOS="1809"
                    VPOS="854"
                    WIDTH="111"
                    HEIGHT="57">
            <Shape><Polygon POINTS="1811 888 1809 895 1917 911 1920 893 1920 867 1874 854 1872 854 1871 854 1811 863 1811 888"/></Shape>
            <String CONTENT="Oaue,"
                    HPOS="1809"
                    VPOS="854"
                    WIDTH="111"
                    HEIGHT="57"
                    WC="0.9964985847473145"></String>
          </TextLine>
          <TextLine ID="eSc_line_44cf7c19"
                    TAGREFS="LT33"
                    BASELINE="1808 937 1882 940" 
                    HPOS="1807"
                    VPOS="889"
                    WIDTH="75"
                    HEIGHT="66">
            <Shape><Polygon POINTS="1837 889 1835 889 1834 889 1808 891 1808 937 1807 944 1879 955 1882 940 1882 904 1857 904 1838 889 1837 889"/></Shape>
            <String CONTENT="Her"
                    HPOS="1807"
                    VPOS="889"
                    WIDTH="75"
                    HEIGHT="66"
                    WC="0.9999951521555582"></String>
          </TextLine>
          <TextLine ID="eSc_line_29babdb0"
                    TAGREFS="LT33"
                    BASELINE="1813 978 1838 989 1900 994" 
                    HPOS="1811"
                    VPOS="938"
                    WIDTH="90"
                    HEIGHT="71">
            <Shape><Polygon POINTS="1820 938 1813 978 1811 990 1895 1009 1900 994 1901 962 1883 959 1872 945 1871 945 1871 944 1870 944 1868 944 1867 944 1844 948 1824 938 1820 938"/></Shape>
            <String CONTENT="eſſer"
                    HPOS="1811"
                    VPOS="938"
                    WIDTH="90"
                    HEIGHT="71"
                    WC="0.9628525257110596"></String>
          </TextLine>
          <TextLine ID="eSc_line_b0e4c707"
                    TAGREFS="LT33"
                    BASELINE="1837 1044 1893 1045" 
                    HPOS="1835"
                    VPOS="997"
                    WIDTH="58"
                    HEIGHT="69">
            <Shape><Polygon POINTS="1837 1044 1835 1060 1890 1066 1893 1045 1893 1005 1867 997 1865 997 1864 997 1863 997 1861 997 1861 999 1850 1008 1837 1008 1837 1044"/></Shape>
            <String CONTENT="ch."
                    HPOS="1835"
                    VPOS="997"
                    WIDTH="58"
                    HEIGHT="69"
                    WC="0.9999104738235474"></String>
          </TextLine>
          <TextLine ID="eSc_line_05c65713"
                    TAGREFS="LT33"
                    BASELINE="1805 1139 1889 1148" 
                    HPOS="1803"
                    VPOS="1094"
                    WIDTH="86"
                    HEIGHT="75">
            <Shape><Polygon POINTS="1805 1139 1803 1153 1885 1169 1889 1148 1889 1117 1850 1113 1830 1096 1829 1096 1827 1096 1809 1094 1805 1139"/></Shape>
            <String CONTENT="denr,"
                    HPOS="1803"
                    VPOS="1094"
                    WIDTH="86"
                    HEIGHT="75"
                    WC="0.9999806404113769"></String>
          </TextLine>
          <TextLine ID="eSc_line_7c129952"
                    TAGREFS="LT33"
                    BASELINE="1805 1187 1868 1195" 
                    HPOS="1804"
                    VPOS="1146"
                    WIDTH="67"
                    HEIGHT="70">
            <Shape><Polygon POINTS="1805 1187 1804 1195 1861 1216 1868 1195 1871 1156 1842 1158 1809 1146 1805 1187"/></Shape>
            <String CONTENT="dro"
                    HPOS="1804"
                    VPOS="1146"
                    WIDTH="67"
                    HEIGHT="70"
                    WC="0.8651485840479533"></String>
          </TextLine>
          <TextLine ID="eSc_line_9d788a53"
                    TAGREFS="LT33"
                    BASELINE="1804 1238 1885 1249" 
                    HPOS="1801"
                    VPOS="1189"
                    WIDTH="86"
                    HEIGHT="83">
            <Shape><Polygon POINTS="1809 1189 1804 1238 1801 1257 1879 1272 1885 1249 1887 1209 1861 1210 1811 1189 1809 1189"/></Shape>
            <String CONTENT="adler"
                    HPOS="1801"
                    VPOS="1189"
                    WIDTH="86"
                    HEIGHT="83"
                    WC="0.9993309259414673"></String>
          </TextLine>
          <TextLine ID="eSc_line_6e4a01a9"
                    TAGREFS="LT33"
                    BASELINE="1811 1288 1876 1296" 
                    HPOS="1808"
                    VPOS="1246"
                    WIDTH="71"
                    HEIGHT="68">
            <Shape><Polygon POINTS="1811 1288 1808 1306 1872 1314 1876 1296 1879 1264 1815 1246 1811 1288"/></Shape>
            <String CONTENT="ind"
                    HPOS="1808"
                    VPOS="1246"
                    WIDTH="71"
                    HEIGHT="68"
                    WC="0.999992847442627"></String>
          </TextLine>
          <TextLine ID="eSc_line_bffdbe0f"
                    TAGREFS="LT33"
                    BASELINE="1803 1340 1864 1348" 
                    HPOS="1800"
                    VPOS="1299"
                    WIDTH="67"
                    HEIGHT="64">
            <Shape><Polygon POINTS="1803 1340 1800 1359 1860 1363 1864 1348 1867 1313 1807 1299 1803 1340"/></Shape>
            <String CONTENT="Zan"
                    HPOS="1800"
                    VPOS="1299"
                    WIDTH="67"
                    HEIGHT="64"
                    WC="0.9999859730402628"></String>
          </TextLine>
          <TextLine ID="eSc_line_086cb6a9"
                    TAGREFS="LT33"
                    BASELINE="1822 1396 1894 1399" 
                    HPOS="1820"
                    VPOS="1354"
                    WIDTH="74"
                    HEIGHT="63">
            <Shape><Polygon POINTS="1820 1403 1891 1417 1894 1399 1894 1372 1823 1354 1822 1396 1820 1403"/></Shape>
            <String CONTENT="500"
                    HPOS="1820"
                    VPOS="1354"
                    WIDTH="74"
                    HEIGHT="63"
                    WC="0.9999614159266154"></String>
          </TextLine>
          <TextLine ID="eSc_line_203e3601"
                    TAGREFS="LT33"
                    BASELINE="1813 1436 1853 1447" 
                    HPOS="1811"
                    VPOS="1399"
                    WIDTH="50"
                    HEIGHT="60">
            <Shape><Polygon POINTS="1813 1436 1811 1444 1848 1459 1853 1447 1861 1404 1822 1399 1813 1436"/></Shape>
            <String CONTENT="at"
                    HPOS="1811"
                    VPOS="1399"
                    WIDTH="50"
                    HEIGHT="60"
                    WC="0.999988853931427"></String>
          </TextLine>
          <TextLine ID="eSc_line_cf89a77b"
                    TAGREFS="LT33"
                    BASELINE="1816 1489 1870 1497" 
                    HPOS="1813"
                    VPOS="1441"
                    WIDTH="61"
                    HEIGHT="69">
            <Shape><Polygon POINTS="1813 1497 1865 1510 1870 1497 1874 1463 1823 1441 1816 1489 1813 1497"/></Shape>
            <String CONTENT="an"
                    HPOS="1813"
                    VPOS="1441"
                    WIDTH="61"
                    HEIGHT="69"
                    WC="0.9999905228614807"></String>
          </TextLine>
          <TextLine ID="eSc_line_e7acb12f"
                    TAGREFS="LT33"
                    BASELINE="1800 1583 1889 1594" 
                    HPOS="1798"
                    VPOS="1536"
                    WIDTH="92"
                    HEIGHT="80">
            <Shape><Polygon POINTS="1800 1583 1798 1593 1883 1616 1889 1594 1890 1560 1850 1559 1838 1542 1837 1542 1837 1541 1835 1541 1834 1541 1805 1536 1800 1583"/></Shape>
            <String CONTENT="ſeine⸗"
                    HPOS="1798"
                    VPOS="1536"
                    WIDTH="92"
                    HEIGHT="80"
                    WC="0.9720243513584137"></String>
          </TextLine>
          <TextLine ID="eSc_line_f6f204a2"
                    TAGREFS="LT33"
                    BASELINE="1805 1697 1867 1700" 
                    HPOS="1804"
                    VPOS="1624"
                    WIDTH="63"
                    HEIGHT="91">
            <Shape><Polygon POINTS="1804 1705 1864 1715 1867 1700 1867 1633 1820 1633 1809 1624 1805 1697 1804 1705"/></Shape>
            <String CONTENT="del"
                    HPOS="1804"
                    VPOS="1624"
                    WIDTH="63"
                    HEIGHT="91"
                    WC="0.9997733036677042"></String>
          </TextLine>
          <TextLine ID="eSc_line_8c5b4c59"
                    TAGREFS="LT33"
                    BASELINE="1797 1731 1839 1742 1876 1742" 
                    HPOS="1792"
                    VPOS="1698"
                    WIDTH="84"
                    HEIGHT="74">
            <Shape><Polygon POINTS="1797 1731 1792 1763 1818 1760 1871 1772 1876 1742 1876 1717 1801 1698 1797 1731"/></Shape>
            <String CONTENT="ner,"
                    HPOS="1792"
                    VPOS="1698"
                    WIDTH="84"
                    HEIGHT="74"
                    WC="0.9636258333921432"></String>
          </TextLine>
          <TextLine ID="eSc_line_273e9b48"
                    TAGREFS="LT33"
                    BASELINE="1822 1836 1846 1842" 
                    HPOS="1819"
                    VPOS="1790"
                    WIDTH="34"
                    HEIGHT="67">
            <Shape><Polygon POINTS="1822 1836 1819 1845 1841 1857 1846 1842 1853 1794 1831 1790 1822 1836"/></Shape>
            <String CONTENT="1"
                    HPOS="1819"
                    VPOS="1790"
                    WIDTH="34"
                    HEIGHT="67"
                    WC="0.9994751811027527"></String>
          </TextLine>
          <TextLine ID="eSc_line_98d57c82"
                    TAGREFS="LT33"
                    BASELINE="1804 1928 1850 1936" 
                    HPOS="1801"
                    VPOS="1886"
                    WIDTH="55"
                    HEIGHT="69">
            <Shape><Polygon POINTS="1804 1928 1801 1940 1844 1955 1850 1936 1856 1891 1811 1886 1804 1928"/></Shape>
            <String CONTENT="At"
                    HPOS="1801"
                    VPOS="1886"
                    WIDTH="55"
                    HEIGHT="69"
                    WC="0.9997402727603912"></String>
          </TextLine>
          <TextLine ID="eSc_line_374b65a0"
                    TAGREFS="LT33"
                    BASELINE="1826 1988 1885 1992" 
                    HPOS="1824"
                    VPOS="1950"
                    WIDTH="61"
                    HEIGHT="74">
            <Shape><Polygon POINTS="1826 1988 1824 1999 1879 2024 1885 1992 1885 1959 1827 1950 1826 1988"/></Shape>
            <String CONTENT="ns"
                    HPOS="1824"
                    VPOS="1950"
                    WIDTH="61"
                    HEIGHT="74"
                    WC="0.9999741911888123"></String>
          </TextLine>
          <TextLine ID="eSc_line_a4b33e72"
                    TAGREFS="LT33"
                    BASELINE="1826 2034 1859 2037" 
                    HPOS="1824"
                    VPOS="1989"
                    WIDTH="36"
                    HEIGHT="67">
            <Shape><Polygon POINTS="1829 1989 1826 2034 1824 2044 1853 2056 1859 2037 1860 2003 1835 1989 1829 1989"/></Shape>
            <String CONTENT="n"
                    HPOS="1824"
                    VPOS="1989"
                    WIDTH="36"
                    HEIGHT="67"
                    WC="0.999994158744812"></String>
          </TextLine>
          <TextLine ID="eSc_line_0dd70107"
                    TAGREFS="LT33"
                    BASELINE="1815 2084 1875 2089" 
                    HPOS="1812"
                    VPOS="2036"
                    WIDTH="63"
                    HEIGHT="70">
            <Shape><Polygon POINTS="1815 2084 1812 2099 1872 2106 1875 2089 1875 2055 1818 2036 1815 2084"/></Shape>
            <String CONTENT="dur"
                    HPOS="1812"
                    VPOS="2036"
                    WIDTH="63"
                    HEIGHT="70"
                    WC="0.9971922039985657"></String>
          </TextLine>
        </TextBlock>
        <TextBlock HPOS="1932"
                   VPOS="1716"
                   WIDTH="3"
                   HEIGHT="15"
                   ID="eSc_textblock_b81b45fe"
                   TAGREFS="BT42">
          <Shape><Polygon POINTS="1935 1716 1935 1731 1932 1731 1932 1716 1935 1716"/></Shape>
        </TextBlock>
        <TextBlock HPOS="1932"
                   VPOS="1858"
                   WIDTH="3"
                   HEIGHT="10"
                   ID="eSc_textblock_932b7420"
                   TAGREFS="BT42">
          <Shape><Polygon POINTS="1935 1860 1935 1868 1932 1868 1932 1858 1935 1860"/></Shape>
        </TextBlock>
        <TextBlock HPOS="1932"
                   VPOS="2044"
                   WIDTH="3"
                   HEIGHT="21"
                   ID="eSc_textblock_add03f65"
                   TAGREFS="BT42">
          <Shape><Polygon POINTS="1935 2045 1935 2065 1932 2065 1932 2044 1935 2045"/></Shape>
        </TextBlock>
      </PrintSpace>
    </Page>
  </Layout>
</alto>
