1571 2270
622 100 357 71 ꝛs (0) Ehz-

1390 100 75 51 615

94 147 1369 78 Herlag erlitten, und um Frieden gebetten, den ſie auf 20. Jahr erhal⸗

95 204 1101 73 ten, aber ſeloſt wieder gebrochen, wie hernach zu ſehen.

92 310 1369 64 SS. Theologiæ Doctor, und Canonicus Capitularis Ratisbon. ( da

222 258 1232 73 Den 8. April 1665. ſeynd Titl. Herꝛ Francilcus Weinhard,

89 363 1370 60 er zuvor von Alezandro VI. als Epiſcopus Littenſis benahmſet wor⸗

88 406 1373 64 den) von Guidobaldo Ertz⸗Biſchoffen zu Saltzburg, bey S. Emme-

88 454 1371 65 ram, als Weyh⸗Biſchoff in Regenſpurg geweyhet worden. Auf Ab⸗

84 501 1379 66 ſterben Titl. ſoannis Georgii de Herberſtein, allhieſigen Biſchofens,

83 547 1374 68 iſt den 6. Auguſti, 1663. einhellig erwaͤhlet worden Titl. Adam Lo-

83 602 1370 57 centz Graf von Toͤrring, Domb⸗ Probſt allhier, und Capellanus ho-

80 646 1377 64 noris, zugleich Domb⸗ HHerꝛ zu Galtzburg und Eychſtaͤtt, welcher das

80 699 1374 60 folgende Jahr darauf 1662. den 12. April in der Domb⸗Kirchen,

79 745 1377 64 in Eegenwart Leopoldi Roͤmiſchen Kayſers, von Guidobaldo Ertz⸗

82 793 1374 63 Biſchoffen zu Saltzburg conſecriret worden, Aſliſtentes waren die

82 837 791 71 Biſche ffe von Speyer und Baderborn.

206 886 1246 86 Den 16. Decembri 1065. kamen nach Regenſpurg Tie. foa-

82 945 1369 72 chim Abbt und Fuͤrſt zu Fulda. Item den 20. Decembris, Titl. ſoan-

80 995 1373 73 nes Phlippus Chur⸗Fuͤrſt zu Mayntz. Samſtag den 22. Decembrie

79 1044 1370 72 Abends gegen 5. Uhr kame Leovoldus Roͤmiſcher Kayſer. Ihine

79 1093 1370 73 ſeynd entgegen gefahren der Chur⸗Fuͤrſt von Mayntz, und Guidobala

80 1141 1367 73 Ertz⸗Biſchoff zu Galtzburg. Titl. Adam Lorentz Biſchoff zu Regen⸗

78 1187 1369 75 ſpurg verbliebe zu Haus, um Se. Majeſtaͤt bey der DDomb⸗ Kirchen

76 1234 1371 78 tu empfahen. Der Fuͤrſt von Fulda ware unpaͤßlich. In dem Domb⸗

79 1283 1368 71 Stifft wurde das Le Deum Taudamus abgeſungen; alsdann Se. Ma⸗

76 1330 1371 74 ſeſtaͤt in die Biſchoͤfliche Reſidentz gefuhret; allwo Ihro Fuͤrſtliche Gna⸗

78 1384 1369 85 den, der Biſchoff zu Regenſpurs den vergoldten Haupt⸗Schluͤſſe.

78 1437 223 75 uberreichte.

199 1474 1244 92 Unter waͤhrenden Reichs⸗Tag, in dem ꝛsdaſten Johr gabe

76 1534 1368 81 Leopoldus Roͤmiſcher Kayſer groſſe Erempel der Frommkeit. Den

76 1581 1365 79 20. Jenner, am Feſt S. Sebaſtiani, wohnte derſelbe dem Hoch⸗ Amt

78 1629 1361 82 mn unſer Pfarꝛ⸗Kirchen S. Ruperti bey, welches Amt Abbt Cœleſti-

79 1684 1362 72 nus mit Aſliſtenz deren Kayſerlichen Herren Hof⸗Capellanen, unter

80 1730 1355 72 Kayſer icher Muſie abgeſungen. R. P. Romanus Roſenbuſch, Pro-

82 1779 1353 77 tels zu S. Emmeram hielte die Predig. Den 2. Mertz wurde von der

82 1824 1352 84 Hochen Domb⸗ Stiffts⸗ Kirchen aus, nach Ober⸗Maͤnſter das

84 1875 1349 111 ſcdwhrdente Enu in ainen hemuchen bwgasdan genraos⸗ i

1258 1915 170 71 Leopol-
