1991 2551
1006 257 61 88 Et

255 318 1365 127 Hlunc Laibrum Curolus quondam perfecit bo-

536 416 242 77 nor A.,

263 496 1338 133 Len mor Emrumumno Romvoldk rengvarerat

551 578 180 88 Almo.

226 749 976 87 ora. Die Panden, ſeynd anſtatt der Vocalen geſett.

1237 714 376 109 1 e io n

327 960 1310 98 n Pag.ro ir Hwird enzehlerdaß R. Ramrordar sorainen crociſrſchlaß⸗

225 980 85 90 end

326 1023 1309 76 von ſeiner Buindheit deren Augen befreyet worden. Nach unſers Cloſters de⸗

219 1062 1414 81 ſaͤndiger Tradition, ſolle es das jenige Erneifir ſeyn, welches in S. Georgii-

235 1108 1397 88 apellen vor der alten Grabſtatt S. Emmerami i dem Altar, nebſt den Eingans

221 1140 442 92 n das Cloſter zu ſehen iſt.

326 1210 1306 110 ut N GcuRen LonroſngegenOcent. vinwelcher pag crolit A Mel.

219 1235 50 88 a-

296 1282 1339 84 geſchieher, wird wegen Feuchte, und unanſtaͤndigen Geruch nicht offt deſuchet.

228 1320 1404 90 Sas Grab B. Ramvolai in dieſer Grutft, iſt anf der Epiſtel⸗Senthen unter den

224 1366 1408 86 bogen, -wo ein kleiner Alrar S. Gregorii Magni zn ſehen. Auf welchen Altar

216 1410 1413 80 loch vor 20. Jahren das heilige Meß⸗Opffer gehalten worden. Der ſechſte Altar

218 1448 1411 84 eſer Grufft, iſt in Mitte des Gangs durch dieſer Grufft, unter dem Hoch⸗Altar

236 1493 1390 81 r Haupt⸗Kirchen. Alleinig, da durch das Gebaͤn Anno 1731. diel neues Ge-

222 1529 1408 95 Aͤuer unter den hochen Haupt⸗ Altar hat muͤſſen gemacht werden, und der Luffe

224 1574 1408 95 aſelbe ſo geſchwind nichr austruͤcknen kan, ſo iſt dieſer Altar noch undrauchbar.

215 1621 1415 98 An eden dueſen Platz ſollen die meiſte heilige Gebeiner deren um Chriſu wilen ge⸗

219 1663 566 91 aͤrterten Chriſten degraben ſeynn.

218 1697 34 61 ,

208 1792 1418 91 den verwrhenen Gebeinern geſunden worden, wurd anjeso noch in unſerem Thelau-

429 1730 1200 106 Dos Honp B Lamrola, t Le, Eeſſfang, vefen Grods ugſer ꝛe.

209 1859 110 118 hn

399 1848 1220 79 Firchen⸗ Schay) verwahret, wie ſolches die cigene Handſchrifft R. P.

333 1891 1079 104 vm, danab din Entys dr nvdm onihn, bissnt

49 702 34 42 it

39 778 46 55 die

41 821 39 57 ri-
