1939 2441
416 162 92 57 588

924 169 17 49 .

967 168 374 72 28 (0) 2izu,

413 208 1393 91 von denen Armen geweſen, als wann man ein reiche Spend ausgabe.

411 260 1393 92 Deswegen als dieſer liebe Vatter und nutzliche Vorſteher die Schuls

411 310 1393 94 der Natur bezahlt, hat ſeinen Todt jedermann in der Stadt, aber

409 360 1388 95 niemand mehr, als die Armen bedauret. Bey deſſen Begraͤbnuß fal

408 409 1383 96 die gantze Stadt von Geiſt⸗ und Weltlichen, HHoch⸗ und Rides

405 462 1386 89 ſtands⸗Perſohnen erſchienen. Die Armen haben durch den gantze.

411 513 1370 90 Dreybigſt das Grab ſchier nie verlaſſen, ſondern ihr Gebert enfferis

404 558 1381 99 fuͤr ſein Seel aufgeopfert. Starb den 9. May obgemelten Jahrs

402 615 1380 90 Dieſes HHerrn Praͤlaten Loͤbl. Regierung, machte ſeines Pruder

402 668 1382 83 Sohn, P. Amdroſium Muͤntzer bey dem Convent conſiderabe, wel

400 711 1381 91 ches ihme dann gleich den 11. May Anno 1777. erwaͤhlt, (an de

401 763 1386 91 Zahl der aoſte Abbt) und wohl gerhan, dann er war ein gelehrter,

400 810 1378 95 verſtaͤndiger und tugendſamer Mann, freundlich gegen jedermann, a

398 861 1378 96 ſonderlich aber freygebig gegen den Armen, in welchen er ſeinem Hert

402 920 1371 86 Vettern ſeel. nichts nachgeben. Er iſt davon auch nit aͤrmer, ſondes

397 962 1369 91 reicher worden. Das weiſeten die groſſe Gebaͤu, die er hin und u

393 1010 1351 97 der in dem Cloſter gefuhrt hat, und Geld, ſo er verlaſſen. Angene

400 1064 1366 94 war er allen Unterthanen. Lieb hatten ihne die Bediente. Den Hel

393 1113 1358 93 GOttes⸗Dienſt ließ er ihme vor allem angelegen ſeyn. Erlangte

392 1162 1376 93 Incorporation der Pfarr Dfoͤring, von Laurentio Cardinale Ans

396 1219 1369 86 152a. (e) die Regalia oder Reichs⸗Lehen von Kayſer Marimilian d.

392 1265 1376 89 22. Septembr. 1517 von Carolo V. aber Anno 1557. Conarmatis

386 1311 1337 97 nem Pririlegiorum. (H) Hertzog Wilhelm betreyt das Cloſter

385 1362 1359 97 der Penſion, die unſere incorporirte Pfarr Pfoͤring der Universil

384 1414 1358 93 zu Ingolſtadt ſuͤhrlich reichen muͤſte. (g) Anno 1522. das. naͤch

386 1463 1333 96 Jahr darauf befalchen die Hertzogen Wilhelm und Ludwig, welche

384 1512 1322 97 ſen Abbten ihren Rath genennt, und ihme alſo geſchrieben, ihren

382 1562 1320 95 ambten, unſer Cloſter zu ſchirmen, als waͤrs im Land gelegen, un

382 1611 1377 96 Unterthanen zu ihrer Schuldigkeit anzuhalten. Beede Fuirzten werde

381 1666 1340 91 Anno 1526. zu ewigen Advocaten angenommen, mit gewiſſem;

382 1715 1311 95 ding, weßwegen ſie ein Revers gegeben, und das Cloſter bey Ka

384 1764 789 88 Maieſtaͤt zu vertretten verſprochen. (h,

1666 1825 100 62 Anne

419 1963 385 56 (o) Originale in Archiuo

408 2002 372 57 &6) Originalia ibidem.

404 2042 419 57 (n) Originalia in Archiro.

413 2084 344 66 (,) Vide ſitterae.

1891 1045 29 102 ,

1890 1680 20 51 )

1886 283 35 57 it

1892 330 25 67 e

1890 379 23 63 e

1888 432 32 76 e
