1959 2500
45 305 73 70 bur

80 363 54 52 0.

80 415 39 55 re

36 463 87 63 rtzog

36 565 84 57 wur⸗

41 613 75 64 tad

20 661 102 76 ordet

26 751 83 75 But

44 816 69 63 He

47 865 65 58 Con

34 915 36 61 2

37 961 76 66 waͤt

69 1006 36 69 ꝛe

778 227 333 77 13 (0) Eht-

1531 241 82 65 211

223 281 1394 82 ten Waͤlderen umgeriſſen; worauf im Fulto und Auguſto ein Comet⸗

223 336 1210 77 Stern, nicht weniger auch folgendes Jahr geſehen worden.

220 437 1397 81 am, S. Ruperti-Pfarꝛ betreffend, ertheilet, welcher Biſchoff Les

326 391 1288 70 Anno 1266. hat Clemens IV. unſerem Cloſter die ſchoͤne Bul-

223 488 1392 77 derdings nachgelebet, und laßt er in einem eodem Anno dem Clo⸗

233 527 43 68 er

295 543 1322 75 gegebenen Brieff folgende Formalia herkommen, gaia Eccleſia &.

222 590 1395 78 immnerami, cum noſtra Eecleſia, videlicet Cathedrali (ingvir Epilco-

225 643 885 70 us) majorem babet pre ceteris unionem. (0)

333 695 1285 71 Anno r267. hat gedachter Leo Biſchoff in Concilio Viennenli

232 744 1385 75 em Cardinal Cuidoni luppliciret, daß er ſeine unſerem Cloſter gegebe⸗

229 777 41 61 e

270 794 1347 75 nncorporation der Pfarꝛ Auffhauſen beſtaͤttigen wolle, ſo auch

268 847 1351 68 dehen. Gedachte Incorporation hat Gregorius X. conkrmiret

237 895 1381 77 aͤno 1277. () Dieſer Biſchoff befahle unter dem Gehorſam, und

236 945 1382 74 enluris Eccleſiaſticis, allen Cloͤſteren unſeres Ordens im Bifrum Re⸗

230 972 38 62 e

270 995 1347 77 wurg, daß ſie ſich in Rubricis, und divinis orhiciis mit St. Em⸗

241 1044 671 75 trams⸗ Cloſter vergleichen ſollten.

241 1147 1378 75 aendardo und Detens Bruder ſchenckt Anno 1268. unſerem Clo⸗

330 1097 1288 72 Graf Ulrich von Abenſperg, Henhards Sohn, Gebbarde,

230 1172 53 68 ter

304 1200 1315 68 ſon wegen ſemner Seelen Heyl, und der vielfaͤltigen Schaͤden,

316 1250 1303 79 eme zugefuͤgt, ſein Hof oder Curiam in Hunſpach, jetzt Gain⸗

227 1270 98 92 pach

329 1309 205 61 genannt.

332 1356 1289 67 Anno 1269. hats in den Heil. Weyhnacht⸗Ferien ein ſo groſſes.

243 1370 34 75 e

307 1402 1312 70 uſer geben, als kein Menſch gedencket Folgendes Jahr war

227 1429 50 58 1

301 1445 1316 74 Sommer ſo trucken, das kein Trayd wachſen koͤnnen; der Wein

226 1469 64 82 dr

312 1500 532 75 vurde ſehr gut und diel

332 1551 1279 74 In dieſem 1259. Jahr, wie ſolche Zeit bey den Adelsreurter,

266 1600 1348 81 mnalidus Barariæ, zu leſen, und ſelbe auch en ipla Hiſtoria Nea-

227 1647 1388 90 dtnrana Landvlghi Coilenutil abzunemmen, ſeynd Conradinus, der

1417 1715 200 65 letzte

295 1861 1318 73 Fue vinan clemnendis, A licterdr Lconi. Epiccopl. Au dieſkar Hulla cleuencis 1v.

279 1893 79 63 1166.

362 1912 1255 63 und aus denen Lirteris Leonis Epiſcopi Ratisdonenſis erhuet, daß lang vorhero dueſe

280 1929 72 58 Har,

362 1954 1252 64 S. Rupertri deſtanden ſeye, und zwar mit guten Eintommen, weilen ſlde zur Rorhdurfft

330 1990 1285 62 Coſters S. Emmerami, deinſeben voltommen incorporiret worden. Ob alſo Conrdus as

277 2022 1340 68 lontr Puelterum in ſrhen rraTtaro de limitiͤdus Parochiarum Raticdonenl. (welchen er

284 2037 73 57 Anna

379 2065 1229 66 112. geſchrirden) allzrit das Wahre grurcheilet, und dawon geſchriubden hade, kan derEeſelt

393 2090 16 43 ?

432 2101 626 61 icrar leſen wil, ſeidren das Urthen nemmen,

375 2127 1060 85 . vnsrnarn vmn cwds aur vnar m duadrſanr vide Muden.

268 2138 240 107 pEns Eulhan

37 1369 60 54 aco

30 1641 74 88 nicͤ

44 1750 62 76 nen

58 1893 42 105 ,
