1934 2551
673 215 51 74 a

745 215 332 74 8 (0) Lsg-

1510 228 90 61 169

197 269 1398 88 anſerm Cloſter verwahrt werden Anno 75o. ſeines Reichs im gten.

198 321 1392 81 Nach der Zeit wurde er zu einem erſten Abbten beſtellt des Cloſters S.

194 372 1029 81 Mauritii Nonienti, allwo er auch begraben worden.

310 426 1285 84 Pipinus hatte zwar ſein Palarinm zu Trier, von welchem her⸗

191 471 1401 93 nach die Pfaltzgraffen Comites Palatini genennt wurden, aber mehriſt

197 525 1395 82 dohnete er zu Coͤlln. Er hatte ein Gemahel Plectrudis genannt, die

197 576 1392 81 ſerlieſſe er ader auf ein Zeit, und drauchete ein Khebs⸗ Weib mit

198 626 1391 82 ſahmen Alphaidis, welches ihme St. Lambert Biſchoff zu Utrecht

197 678 1396 84 erwiſe, aber mit ſchlechtem Lohn, dann Dodo Alphaidis Bruder

195 729 1393 84 tachte ihn detzwegen um das Leben. Pipino gienge zu Hertzen, daß

191 783 1395 82 ſinetwegen der gortſeelige Biſchoff gemarteret worden, verliet Alphal-

194 831 1394 88 liem, und kam wider zu ſeiner Gemahel. Nit lang hernach gebahre

216 885 1370 85 phardis einen Sohn, den ſie Carolum (als einem praven und ſtar⸗

197 935 1077 79 ien Kehrl) nennete, mit dem Zunahmen Martellum,

188 1009 67 76 md

306 992 1280 76 Pipinus hatte von ſeiner rechten Gemahel 2. Soͤhn Dragonem

265 1040 1321 81 Germoldum, luccedirte ader keiner in der Regierung, ſonder

189 1087 1393 85 Harreilus prœvalirte, regierte aber mit ſchlechten Lob, dann er war

259 1140 1321 85 Lvrann, und ſtarbe eines ungluͤckſeeligen Todts. Er hinterlieſſe

238 1196 1342 75 Soͤhn: Pipinum, Carolomannum, und Griphonem von Sunichil-

228 1242 1143 84 are Suvanahilde Urilonis Hertzogen in Bayrn Enicklein.

296 1298 1283 80 Gripho ein Thumbshirn und gar hochmuͤthig wolte ſeinen aͤlte⸗

202 1319 30 59 v

262 1346 1317 83 Gruͤdern nit nachgehen, ergriffe wider ſie die Waffen, gewanne

187 1364 62 73 de

265 1397 1310 75 wenig, kame hernach in Bayrn mit Huͤlff der Sachſen als Fran⸗

231 1438 38 55 0

284 1444 1292 83 Feind, da ſie aber erfuhren, daß Pipinus mit ſo ſtarcker Macht

250 1493 1323 85 inzug ſcye, haben ſie ſich in ihr Land retirirt. Gripho von den

248 1547 1324 87 glen verlaſſen, bekame HHuͤlff von einigen Frantzoſen, und gewan⸗

255 1588 47 64 s

317 1604 1258 81 kand, den HHertzog Thallilonem und ſein Gemahel Hilrrudem

199 1621 84 72 vini

184 1660 106 78 Aua

324 1652 1245 88 und Carolomanni Schweſter, welche aus Anſtiffrung Suni-

178 1706 132 89 Wier

320 1709 1249 79 mnwiſſend ihrer Bruͤder Franckreich verlaſſen, und wider derer

172 1767 78 62 mee

337 1760 1231 79 hallilonem geheyrath. Pipinus kame mit einer ſtarcken Ar⸗

304 1809 1268 78 ingete Griphonem und reſtitnirte Thaſlilonem. Damit aber

207 1826 102 73 iyhe

181 1860 69 77 Ded

336 1857 1229 84 ich auch Fuͤrſtlich halten kunte, gaben die Bruder ihm r2.

286 1908 1283 93 Hafften, die er kaum F. Jahr genoſſe, iſt hernach umgedrache

180 1920 139 86 orden.

171 2009 157 105 rieduch,

328 2006 1241 92 ipinus und Carolomannns regierten mit einander eine Zeit

353 2063 1216 81 dertheilten hernach die Loͤnder. Carolomannus behielt ſein

188 2070 129 94 heu .

328 2114 1235 103 Jahr, dekan ein Verdruß ab der Weit, verlieſſe ales Zeit⸗

1437 2182 122 99 uicde,
