1571 2270
753 110 243 79 (00 2

379 242 147 53 ik.

699 273 334 67 U) 1. T7T

773 364 149 66 Des

302 419 1016 128 Wahrhafftigen Berichts

151 542 1351 112 Eines Ehrbaren Cammerers und Raths

131 636 1370 90 der Stadt Regenſpurg, warum, und aus was Ur⸗

132 704 1360 81 ſachen ſie des HErm Abendmahl, nach der Einſetzung

222 762 1177 72 Chriſti, bey ihnen fuͤrgenommen und aufgericht, auch mit

336 812 947 69 was Form, Weiſe, und Ordnung daſſelbige

638 862 337 62 gehalten wird.

118 902 1367 71 ꝛg-⸗-vs⸗.--R-Zer⸗dss-z⸗--Adg-A----------r--s

150 948 1291 82 Gedruckt zu Regenſpurg durch Hannſen Rhol, am zehenden

135 1013 377 63 ꝛ.n 2i;. a-

536 1001 535 70 Lag Octobris Anno 1722.

161 1051 1180 116 Anzeco, der Jehenn Gedrs Senman⸗ 2n2 1729

384 1338 1081 69 ſchdeme Ein Ehrbahrer Nath der Stadt Regenſpurg,

391 1385 1070 70 BOIE dem Allmaͤchtigen zu Lob und Ehren, auch

386 1437 1079 72 Maͤnniglichen zu Nutz und Guten fuͤrgenommen, neben

383 1483 1075 75 der reinen Lehre des heiligen Evangelti, und Wort GOt⸗

382 1532 1075 80 tes, auch des HErrn Abendmahl, nach dero Einſetzung und

383 1580 1080 87 dem Befelch Chriſti, in ibrer Kirchen zu Unſer Frauen (2).

1284 1633 165 68 daſeibſt⸗

831 1641 51 62 f

1135 1687 13 47 ,

1432 105 79 62 727

128 1800 1320 84 ca) In deſem Dencht, wirs be Aurchen Zu Unſer Frauen annoch genennet. &s wirs aber der

161 1843 1281 77 Suchorucer nicht daran gedacht baben, daß dieſe Rirchen (Anno 1720.) nicht mehr zu lͤnſer

157 1886 1284 78 Frauen, ſondern die Nene Pfarr benahmer worden. Vor zwey hunderr, und noch vielen

157 1919 1281 81 Hahren (Anno 1519.) wurze auda de Jungfrauliche Nuner GHites varyhret, aber mit dr

158 1974 1108 91 Denen zcg Luden nwdt nu Avds Mt) dr Rans Pun zn2t.,
