1991 2551
748 277 29 67 a

1015 283 85 78 EN

1571 300 76 65 12,

243 321 1411 101 gleich die jlingſte Brunſt Anno 1622. verderbet, das 16Saſte Jahze

249 379 1405 92 wieder gegeben hat, von deme, und was ſich ſelbiger Zeit Denckwhͤr⸗

251 430 1403 95 ſiges begeden, ſoll am zwey und drenbigſten Capitelgedachtwerden. NB.

547 653 810 125 APUTXXIV.

449 792 944 127 Von den Fuͤrſten Henrico.

340 911 1310 112 ciaricur der Andere, Heiariei Primni Soſn, wurde in Hachſen bey

252 975 72 77 1

354 983 1298 89 ſeiner Groß⸗Mutter Mechtilda erzogen. Dem verlihe Kayſer

241 1058 87 78 pzabe

361 1038 1289 83 Orto, als ſeines Bruders Sohn das Hertzogthumb Bayrn;

353 1085 1301 89 ihme zur Ehe Gilalam Koͤnig Conrads zu Buraund St. Adel⸗

243 1112 95 74 aide

350 1138 1299 85 Hruders Tochter. Diſer Hertzog wohnete mehriſt zu Abach, zwo

246 1163 80 71 Ner

343 1189 1303 80 Weegs ober Regenſpurg an der Donau gelegen. Er war ein ſon⸗

246 1230 1400 97 erdarer Liebhaber S. Emmerami, dahero ſein GOtts⸗Haus nicht al⸗

242 1282 1405 98 an mit eyfferigem Gebert dey dem Tag offtermals, ſonder wie ſe⸗

253 1335 1393 99 frzeit von aͤlteren gehoͤrt und geglaudt worden, auch in der Nacht

900 1404 106 55 O 2

1559 1425 90 58 von

260 1520 1384 101 Nn. At der Grabkart Ludoriei, Cofns Arnuigti hat es glache Deſchaffenheit wie mut der

290 1571 1354 98 Gradttatt Arnulrhl Kapſers ſemes Datters. Dir Vers ſo dardey vorhmn geleken wurden, ſeyne

290 1608 132 77 dlgene,

355 1668 992 93 Pauſo ſes doe ſaro, EUDOPꝛCUS, Regia proler,

397 1721 584 64 Remani Regen quen ſtaruere Abi,

355 1760 793 75 aꝛr ſait Arnulpbus genitor, qur prorimur ilie

1342 1755 156 67 -.

409 1811 586 66 Cornu altaris conſpiciendu adeſt

357 1848 702 80 tlie ndi vertaſur vite ſua tenpora elauße,

399 1900 674 64 Romani Imperii Sors mibi Sceprra dedit

355 1937 772 81 O Nimis infeliꝛ. qua uor vin luſtra videbam,

392 1991 672 68 lvierit rapidar cuͤm nibi Parca nanur.

276 2025 1364 109 On Nar-Tas Lodocia nm arl gnor aus⸗ n Arrulrn du Kerlas, ele Jetrverer-

293 2076 726 85 et dts Monarhs Janarn mn unſeren Eant grhaten.

266 2134 1373 89 ) Henricus der Andere dueſes Nahmens, Herog m Dayrn, un Pohn Hemici des Erene

293 2182 1339 81 Lenches nohmens, Hertzogens m Darrn. Henriecus der erſte Hergog ders Nahmens, ware

289 2210 1195 102 En Eohn HEd R HI ALcCFls des Narkere, und MALHILDIs der Karteria.
