2002 2447
735 217 403 73 .1ꝛs (0) 22-

1554 228 86 64 577

19 261 141 65 die Stadl

242 261 1396 89 fonnen thun, was groſſer Aufruhr und Zerſtoͤhrung ſolches denen Inn⸗

244 315 1390 84 wohnern, und der Stadt bracht hat, moͤgen E. F. W. ermeſſen,

242 367 1395 82 and gaͤntzlich glauben: ob wir gleich alle ins gemein, und Inſonderheit⸗

244 394 40 62 di

315 420 1323 81 Stadt, und alle unſere Guͤͤtter verlaſſen, daß dannoch der Stadt

250 464 1384 85 Glaubigere gegen dem, ſo unſere Vorfahrer und Regenten von langen

239 509 1398 93 Jahren hero erhebt, und verſchrieben haben, nicht ſoviel Pfand ge⸗

240 560 1397 92 zabt, oder gefunden haͤtten, dardurch ſie eines theils haͤtten koͤnnen

240 603 342 87 ntrichtet werden.

57 619 59 91 ri

356 663 1267 87 Und ſo auch darbey durch die Abloͤſung des Burggrafthums,

77 709 45 72 9

236 713 1396 86 gried⸗Gerichts, Schultheiſſen⸗Gerichts, Cammer⸗ Amts, und an⸗

236 746 74 66 dere

323 768 1310 81 nerckliche HHerꝛlichkeit, Obrigkeit, und Gerechtigkeiten, mit ih⸗

236 792 53 61 ter

314 814 1318 84 cutzung dem HHaus Bayrn in unſer Stadt gehoͤrig, vor viel Jah⸗

238 838 53 66 ten

311 867 1321 85 ider menſchlich Gedaͤchtnuß der Stadt verpfaͤndet, und jetzo von

243 890 61 68 em

325 916 1304 84 Durchlaͤuchtigen, Hochgebohrnen Fuͤrſten, unſeren Gnaͤdigen

239 935 110 84 Derm

233 986 51 63 ter

364 966 1262 83 Hertzog Albrecht von Bayrn, wiederum gelediget, alle Mei⸗

301 1012 1322 83 hafft, Gerichts⸗ Zwang, und Obrigkeit, unter dem wir in Bur⸗

232 1052 1390 98 zruͤcher Einigkeit uns ſelbſt, und die Stadt geregieret, aufenthalten,

227 1084 66 66 andd

307 1107 1315 92 viederbracht ſollen haden, von uns gantz abgewendet, und darzu

235 1150 1378 104 emeiniglichen all unſer Stadt Handwerck, auch alle andere Leuth,

235 1200 1387 103 Handlung, und HHandthierung dem benannten unſerem Gnaͤdigen Hern

228 1233 34 55 U

306 1254 1313 94 Kraͤfftung der Widerloͤ fung unterworffen, dienſtbar und zinnsbar

258 1298 1348 99 dden ſeynd, haben wir als die Bekummerten mit groſſer Schulo,

228 1326 27 57 .

274 1347 1332 99 als die Entbloͤſten alles Gewalts und Herꝛſchung in unſer Stadt,

263 1390 1339 106 cher Noth und Anligen, ja gar endlich Verderben und Untergana,

273 1439 1341 108 r, dann jemand anderer wiſſen und erkennen kan, wohl ermeſſen

231 1477 28 57 1

292 1496 1319 105 erwenen koͤnnen, daß es alſo unmoͤglich zu ſeyn ſcheinet, daß Wir

301 1542 1307 107 die Stadt weder aus Schulden kommen, noch in Burgerlichen

296 1593 1308 109 ſen und Einigkeit erhalten, noch viel weniger zu einen Aufneh⸗

220 1619 75 69 ner

301 1649 478 74 gebracht werden koͤnne.

337 1696 1265 101 Derohalben ſo haben wir nach Entdeckung unſeres Verderbens,

262 1745 1342 101 chuld, und Noth, den gemeldten, HHoch⸗ Gebohrnen, unſeren

232 1790 1364 106 pnaoigen Fuͤrſten und Herm HHertog Albrechten demuͤrhigiſt angeruf⸗

235 1821 37 59 0

314 1846 1286 104 ind gebetten, uns nicht fuͤr Fremde, ſondern fuͤr die Seinen zu

220 1882 1380 117 Aten, uns und die Stadt (welche ſonſt vor eine Frey⸗ Stadt gehal⸗

231 1918 35 57 1

296 1941 1303 102 porden, und niemands mit einigen Zinnſen, oder Tribut unter⸗

289 1995 1303 99 ſen geweſen, noch weder mit Pfuͤchten, noch mir Ayden verdun⸗

228 2013 42 64 er

329 2047 1266 128 E Enoen andd elic nosd en, vot endhichen Fersbrze &

829 2115 118 69 Bob

1410 2124 175 70 ſchuͤtzen,

16 944 62 59 ten

84 1723 35 57 e

87 1764 42 68 di

48 1840 40 57 ur

48 1938 44 64 ut

29 2041 33 57 er
