1955 2499
370 195 95 63 222

877 194 401 65 -29Z CO) EZ-.

504 244 1263 76 Boleslaus Fuͤrſt in Boͤhmen gab Urſach, daß ihne Orto in der

365 292 1401 80 Neuſtadti belaͤgern mußte. Er kunte den Gewalt nicht ausſtehen,

366 345 1394 79 ſondern ergabe ſich ſamt ſeinem Sohn Srratyquas, die Ubergab Orto

369 395 1387 81 Hertzog Hainrichen zu verwahren. Stratyquas mußte ein Moͤnch it

362 447 1391 80 unſerm Cloſter werden um das Jahr 95T, allda hat er fich ſo wob

361 498 1395 79 verhalten, daß er wieder in Boͤhmen beruffen, das Biſtum Praͤs

367 552 1385 74 (warzu der herlige Adalberrus eyfferig ihne wollte promoriren) aus

358 603 1395 73 Demuth und ſeiner Ringſchaͤtzung keinesweegs hat annehmen wollen⸗

355 648 1390 80 muͤßte aber von Adalberto hoͤren: Wiſſe Bruderl gleichwie du ſolche,

355 703 1383 78 jetzt dir zu Guten nicht annimmeſt, alſo wirſt du ſolches nach dieſe

352 753 1396 77 zu deinen hoͤchſten Schaden annemmen. So geſchehen, dann nas

356 803 1389 79 Verflieffung einiger Zeit hat er darnach geſtrebet, und erlangt, abel

354 851 1392 83 in ſeiner Conlecration, als ihme Wiligilus Ertz⸗Biſchoff zu Maynt

351 901 1367 83 die HHand wollte auflegen, hat ihne der Teuffel angriffen, und.

348 953 1357 77 baͤrmlich zerriſſen. (n) Kayſer Orto hatte einen Bruder, der ſ

349 1005 1394 82 ſeinem Varter Heinrico Aucupi (oder Vogler genannt) faſt gleiche

348 1056 1387 78 haͤtt ihn derowegen Marrhild ſein Frau Mutter ſehr lieb, und brad

347 1107 1387 81 te ihme von ſeinem Bruder das Hertzogthum Bayrn aus, abſonde.

347 1156 1387 86 lich, weil er auch einen Zuſpruch vermeint zu haben, wegen ſeint

345 1205 1161 75 Gemahlin ſudirh, Hertzog Arnolphi des Alten Tochter.

484 1257 1244 79 Dieſe ſudirh war eine fromme und Gottsfoͤrchtige FErſtin

341 1306 1368 83 wollte mit Stifftung eines Adelichen Stiffts in ihrem Vatterlano au

341 1357 829 77 ein Gedaͤchtnuß laſſen, wie folgen wird.

477 1409 1243 86 rLider⸗FDuͤnſier (alſo genannt, weils gegen dem Stifft Obe.

340 1460 1359 83 TTuͤnſter viel tieffer oder niedriger, und nahe an der Donau us

338 1506 1385 90 war vorhero als um das Jahr 7a2. ein Zell andaͤchtiger Jungfrouen

337 1559 1383 83 und verlaſſener Witriben, welche unter der Regl S. Augultini (Chon

336 1607 1321 86 radus de Monte puelarum, ſetzt Ordinis S. Benedicti, wie auch L

337 1659 1361 81 Muͤnſter) im Allmoſen ſich bey dem Kirchlein und Grab S. Erhai

334 1711 1353 82 aufhielten, auch ſich mit ihrer Hand⸗ Arbeit ernaͤhrten. Da a

333 1763 1329 83 dey bemeldten Grab taͤglich viel Wunder⸗ Zeichen geſchahen, hat

333 1813 1317 84 ches durch Opfer und andaͤchtiger Chriſten Huͤlf von Tag zu Da

333 1865 1302 84 genommen, daß dieſes Kirchlein ſonderlich nach ausgeſtandener B

1682 1860 31 62 ſt

338 1914 1294 96 ſo Anno 891. allhier vordey gangen, hat moͤgen erweitert, die

1643 1964 75 75 ſte.

1866 231 83 63 ſter.

1868 287 80 62 Mar

1866 334 79 81 der,

1873 430 66 73 boi

1871 484 64 71 Ba

1868 540 77 65 ſeine

1867 588 81 70 Ord

1867 645 76 61 Rarh

1867 691 71 69 teiſt

1864 734 64 74 ſich

1870 789 76 74 Sch

1866 844 75 66 nan

1871 887 45 62 e

1874 937 71 75 Die,

1868 991 56 72 oͤn

1868 1046 73 68 eit

1868 1091 46 65 ee

1863 1139 83 77 Dliy

1867 1196 68 65 wer

1875 1239 36 66 8

1868 1296 67 65 eine,

1866 1339 77 75 elbe

1873 1389 50 74 Ab

1864 1442 85 75 Frau

1864 1504 41 49 Au

1875 1543 66 75 Nie

1863 1593 36 57 v

1868 1641 50 70 Ra

1860 1692 76 67 ſter

1861 1747 57 66 ern

1877 1817 54 54 On

1861 1846 80 74 zege,

1857 1902 77 66 ꝛem

1864 1945 84 75 Vor

1855 1999 83 115 t.

363 2126 683 60 () brunnerus lbro VIIL. Aanl. Pas. 555.
