1923 2446
750 168 403 79 22s (O) Ebt-

1579 190 61 69 ta-

263 210 48 53 un

338 214 1321 93 ngeben gernſt. Dieſem Fuͤrſtlich Bayriſchen Rarb der

21 232 162 73 edachr urt

267 266 1389 95 Veyland Wiguleius Hunad ware, hat ſich niemand getrauer zu wi⸗

55 290 118 57 nder wi

269 322 1387 82 erſprechen. Alſo lanten die Vort dieſes Schreiders. Alſo bethoͤrer man das

131 330 40 51 daͤ

254 366 1399 85 Bemeine Volck. Alſo iſt man gewohnet die Unwahrheit anszuſprengen, und mit Lu⸗

82 372 90 60 von el

262 402 36 58 ꝛe,

55 414 124 67 oder del

334 413 1319 80 as Volck zu perfuͤhren. Hier ſolgen die Worr Wiguleii Hundii en Metro-

277 455 1378 80 Eli Salisburg parte 1. pag. 215. ante Enem paginu: (Cives in locum

73 456 102 72 dieſen

262 494 1389 83 agogæ deltructa ligneam wdiculam in honorem B. Mariæ Virginis

66 516 99 60 er de

256 538 1396 83 (eciolam nunenpatamn dificarunt. Paulo polt codem loco uc anno tem-

66 557 99 65 moc

258 582 1391 85 Vum egreginm lapideum guod nune Parochiam novam vocant, aulpiciis

54 603 113 77 ue nai

259 627 1392 80 ſoannis Epilcopi œdiſicare cœpernnt. Balthalarem Huebmayr vrimum

73 659 87 68 o⸗

308 665 1343 82 Sacellanum inſtituerunt, qui dittamatus kuit, homines kalcinaſle, ut

260 653 48 102 2

51 707 109 87 n Sat

307 710 1341 78 zis itineribus; quibuscungue negotiis accnpatis, er urbibus, villis,

262 754 1385 81 & ꝛplo rure, quali atigno ſiritu rapti veloci curlu Ratisbonam curre-

51 781 87 53 ern

256 781 71 57 rent

365 799 1284 82 ac predictam ligneam dieulam, quali mentis impores vilirarent.

46 815 106 66 Da al

252 835 1397 80 Oekecit vrœdictus Huebmarus poſtea ad Anabaptiſtas, eorum anteſiena-

38 858 127 66 Zanbenl

254 879 1394 84 cus ractus, quam ob caulam, & alia ſua malefacta Viennæ tandem me-

57 903 91 64 deſchuͤ

255 919 1392 89 ſtas pœnas mnit.) In Teutſch: Dir Burger, nach ausgetnebenen Juden, bane⸗

61 949 66 66 wil

251 948 43 57 rn

309 968 1335 83 an den Platz der Srnagog rin hiltzerne Lapellen zu Ehren der ſctoͤnrn Mariaͤ,

43 993 87 54 der 2

255 1012 1390 79 Atꝛv noch eben dieſes Jahr, und an ſelben Orth unter ſoanne dem Biſchoffen ein

46 1030 98 63 en den

254 1054 1387 76 trliche ſteinerne Kirchenz ſo ſir anietzn die neue Pfarr nennen, aufgefuͤhret wor⸗

59 1070 91 60 rr der

245 1078 62 66 den

332 1099 1311 79 Sie beſtellten Balthaſar Hurbmayr zu rinen Caplan an dieſen Orth, welcher

55 1114 91 58 Man

252 1137 1386 95 urdann verſchreyet, bezuchtiget worden, als haͤtte er die Leuch bezauberet,

57 1159 80 61 gems

252 1184 1386 90 at ſe von weiten Orrhen, lange Werg, von ihren Geſchaͤfften, ans denen Staͤd⸗

25 1212 64 51 as

251 1229 1390 87 Aur Doͤrffern, vom Feld, gleichſam durch einen anderen Geiſt getrieben, mit

127 1235 36 49 1

74 1248 27 59 a

250 1270 1387 88 hnellen Lauf nach Regenſpurg gelauffen, und vorbemeldte hiltzerne Eapellen, als

38 1297 53 52 E,

252 1312 1384 90 aren ſie nit dey denen Sinnen, beſuchten Vordemeldter Huebmayr iſt alsdann

120 1322 22 53 ,

42 1335 57 56 Ni

127 1365 27 60 .

250 1352 1388 85 btraͤnnig, und ein Widertauffer worden, wegen welcher Urſach, und anderen aͤb⸗

40 1372 78 77 dre;

250 1388 39 49 en

296 1391 1340 96 Thaten er zu Wienn die verdiente Strarf bekommen. Alſo redet Hundins.

32 1426 93 61 um il

248 1432 1389 98 prneigter Leſer, urtheile ſelbſten, vb eine geſunde Vernunft in dieſen Worten das⸗

20 1474 96 61 dahiu⸗

243 1477 1393 97 tuge hinde, was die Herrn Lutheraner vom Hundio ausruffen. Wo iſt ein Woͤrt⸗

251 1523 1377 103 n darinnen zu leſen, daß bey dieſen geſchehenen VDunderzeichen,

247 1577 1386 99 achrs dann lanter Sanberey vorgegangen ſere, mir welcher Zueb⸗

53 1604 38 51 il

241 1610 94 69 nayr

28 1641 75 60 icht⸗

339 1633 1293 99 fuͤrrrefflich umzugehen gewult? tan Wort iſt alda zn leſen von die⸗

241 1653 40 63 r

288 1668 277 75 uichenlichen Lug.

29 1686 81 57 deme

337 1757 1288 89 Ich frage dieſen gelehrten Chroniſten, oder Paſtorem, der unter dem Vortrag:

243 1793 1383 104 or eſtis ſal terra, Ihr ſerd das Sals der Erden, ꝛc. dieſes ſein Chroni-

239 1819 61 63 an

42 1829 122 73 Author

311 1844 1314 100 oder Predig zuſamm geſchmieret, was heiſt dann das Wort Diffamarus eſ?

240 1884 1386 114 aß es dann, der Huebmayr ꝛt ein dauberer geweſen? Diffamare, iſt eben ſo

57 1892 23 60 r

241 1936 1381 105 A, als einen verleumbden, verſchreyen, mit Unbild verſchwaͤrtzen ꝛc.

38 1922 119 79 nmer,

244 1992 1377 96 a dl n defemnlich drrſer geſaltene Hittoricus oder Paſtor, Sal Terrae in-

46 1978 93 71 ſaut

221 2009 171 135 12

400 2053 1221 88 verſianden haben Hundius ſaget, dirſe Verleundoung, und Ver⸗

43 2088 76 79 um.

865 2107 133 64 Xkk 2

1451 2121 160 69 ſchreyung
