1935 2499
876 255 388 68 12S ( 0) ZM-

375 255 94 58 340

372 306 1393 79 (dann er jedem Churfurſten 100000. fl. verſprochen, und biß zu dero

373 359 1391 82 Erlag, die vornehmſte Reichs⸗Staͤdt, wider ſeine eigene aufgerichte

370 413 1394 78 guldene Bull, verſetzt,) daß er ein Jahr vor ſeinem Todt als Anno

379 462 1383 83 1372. zum Roͤmiſchen Koͤnig erwaͤhlt worden. Dahero unter ſeinet

373 513 1388 81 Regierung ein ſo groſſe Verwirrung im Reich erfolgt. Anno 1278-

368 566 1382 79 ſtard Kayſer Carl mit ſchlechtem Lob, dann wie ſchlecht er dem Roͤmt

368 619 1391 76 ſchen Reich gehauſet und vorgeſtanden, kunten die Hiſtoriei nit genus

366 669 1389 79 deſchreiben. In einem Compendio aus unterſchiedlichen Scribentel

365 721 1389 74 gezogen, gibts Herr Adelsreuter Part. 2. lib. S. fol. 112. Hinterltet

365 767 1379 84 noch zween Soͤhn Sigismundum Koͤnig in Ungarn, hernach Roͤmiſche

363 817 831 75 Koͤnig, und ſoannem Fuͤrſten zu Goͤrlitz.

500 869 1243 83 Anno 1381. wurde Theodoricus Baro von Abenſperg, Udel

365 916 1371 89 rici des aͤltern und Eliſabeth von Gundelfing Sohn, Thumb⸗ Prob

359 973 1381 82 zu Bamberg und Canoniens allhie einhellig zu einem Biſchoff erwaͤhli

359 1023 1384 82 Er war ein anſehnlicher tapfferer Herr, hat ſtattlich HHoff gehalten.

358 1071 1385 84 doch ohne Schaden des Biſtumbs, welches er in kurtzer Zeit wohl uͤbe

359 1121 1378 88 ſich gebracht hat, indem er viel verſetzte Schloͤſſer, Herrſchafften un

355 1173 1366 84 Guͤter, vornehmlich Chonauſtauff, Auͤring, Sulebach, u

356 1221 1381 84 Egloffsbaimb, von erhaltener Inful⸗Steur, und anderen Mittelu

361 1274 1321 87 wvider abgeloͤſt, und zum Biſtumb gebracht, aliſo datz groſſe HHoffi

354 1325 1375 81 don ihme war, ſolches wider forirend zu machen, wo er nit glei⸗

351 1375 1371 79 nach dem andern Fahr ſeiner Regierung den z. Novembris Anno 138.

352 1425 1338 86 allzu fruhe mit groſſem Leyd der Seinigen, aus dieſem Leben verſe

351 1477 1328 82 den waͤre. Er hat zwar vor ſeinem End ſeine Capitel⸗.

348 1528 1321 81 zu ſich beruffen, da aber keiner kam, haden die Freund ſeine&

356 1577 1298 89 und Silber⸗Geſchmeid, was in des Biſchoffs Hoff vorhanden?

1661 1578 61 68 are

352 1628 1302 83 zu ſich genommen, und noch daruͤber das Schloß und Herrl

1665 1636 26 59 .

348 1675 1343 89 Chonauſtauff denen Burgern zu Regenſpurg verſetzt, von denen

347 1727 843 79 wieder an die HHertzog in Bayrn kommen.

1650 1778 79 60 Fuͤn⸗

487 1778 1179 86 ſoannes der rſte dis Nahmens, Hertog Stephans des:

1673 1821 43 65 ot

345 1831 1285 84 geren von Ingolſtadt aus Bayrn Sohn, der ſich ſonſten von

352 1879 1271 86 burg genennet, Domb⸗Probſt zu Freyſing, ſahe, daß die Wal

1640 1878 76 58 eine

350 1929 1373 85 neuen Biſchoffs ſich verweile, und die Canoniei ſich nicht vergleiche

344 1986 1332 75 kunten, lupplicirte in Eyl und Geheim um dieſes Biſtum, uno

343 2036 1319 75 hielt Anno 1282. durch Vorbittr ſeiner Freund deren Hertzogen aus B

347 2081 1375 82 daſſelbe, und zwar wider Wien des Domb⸗Capitets, ſo immitter

343 2132 1375 111 euen andenn, ventzch Arg lron Laulun Docro orun bodtge.

1616 2172 106 72 Cano

1890 1831 28 58 i

1890 512 14 54 .
