1959 2500
48 320 77 57 Aich

725 261 36 57 v.

816 251 296 72 (0) c2g-

1546 268 86 51 329

234 298 1401 83 trauen, und hat man ihme abſonderlich zu Straßburg nach dem Le⸗

234 354 1394 82 zen getracht, ſo aber der getreue Wuͤrth, allwo er uͤbernachtet, ver⸗

238 406 1390 80 ſetet. Den Anfang des folgenden 1222. Jahrs ſtarbe Tudovico ſein

238 456 1391 77 Gemahlin, Beatrix aus Pohlen. Reusnerus in Genealog. und TVurff⸗

236 502 1392 88 bain in Relat. Hiſtor. wollen, ſie ſeye aus Schleſien, und des Fuͤr⸗

233 552 704 81 ſtens von Glockau Tochter geweſen.

352 612 1279 69 In dem Auguſto hielte zu Landshut Hertzog Hainrich mit Har⸗

234 655 1397 85 tarerha, ſoannis des Koͤnigs in Boͤhm Tochter, Hochzeit. Derent⸗

243 709 1385 79 legen dann dieſer Koͤnig mit viel Volck Ludorico wider die Oeſter⸗

243 759 1381 81 eccher zu hilf kame. Beede Partheyen hatten einen ſtarcken Anhang

252 801 45 69 n

307 812 1322 79 Geiſtlich und Weltlichen, auf welche ſich ein jeder Theil verlieſ⸗

250 852 43 67 .

294 862 1334 79 und ein Treffen in dem Herbſt zu Ampfing bey Muͤhldorff wag⸗

245 909 30 39 .

319 912 1306 81 Das Gtuͤck aber Faroriſirte dem Koͤnig Ludwig, der ſchluge

233 937 75 79 feine

236 998 59 58 un

329 966 1299 71 Feind, verjagte die dem Schwerdt entrunnen, bekame Fridert-

311 1015 1318 78 gefangen, man fuͤhrte ihn allbero gen Regenſpurg, logirte ihn in

243 1044 45 60 es

308 1065 1313 78 eichiſten, der Zeit Burgers Lentpold Gumpreches Behauſung,

233 1097 53 62 ml

308 1116 1321 75 er Hayd, ſo in Lebs⸗Zeiten Aventini, TColfſen Crainer, Maut⸗

234 1141 77 70 aers

330 1168 1298 70 und Zolners, und an der Waag und Ermnck⸗ Stuben ligend

236 1191 80 70 var.

352 1220 1279 78 Allwo den kridericum, des Ludovici Vice-Dom ( der TDeigl

237 1261 1389 91 knannt) ubernommen, der begleitete ihne hernach in die Pfaltz, in

237 1291 51 67 at

313 1318 1315 83 Ochloß Craußnirz. Als Fridericus den Ortb von fern ſahe, er⸗

237 1334 32 68 o

297 1372 1329 76 pete er deſſen Nahmen: da man ihme ſagte, Craufinitz; antwor⸗

301 1420 1325 78 t, gar recht, ich hab nicht enttraut gefangen zu werden. Der

255 1444 33 61 e

293 1465 1331 86 ng Leopold ware nicht bey der Schlacht, hielte ſich auf in Zer⸗

280 1513 1338 89 rung der Vonrſortiſchen Gutter, verſaumete alſo den Marck,

236 1559 1388 100 Argete hierauf, wann er ſich gegen Ludorico feindlich erzeigte, ſein

233 1593 35 63 d

268 1616 1354 89 angener Bruder Friderich muͤßzte es vergelten, verließ alſo Bayrn,

345 1672 1276 86 Oben⸗gedachter Hertzog Rudolpb bar in dieſem, nemlich 1522.

240 1683 69 76 zub

352 1723 1270 81 Carl Rrarzern, Burger in Regenſpurg, Eleberh ſeiner Haus⸗

280 1772 1342 86 aen, den Woͤrth oberhalb der ſteinern Bructen von z00. Pfund

284 1822 1335 86 nſpurger, ꝛ00o. fl. angeſchlagen, verſetzt, ſo nachmahls durch

250 1838 95 93 aſe,

364 1876 1055 76 Ludwig vorbemeldt ſeiner Wittib beſtaͤttiget worden.

344 1916 115 54 Anno

227 1931 124 85 oanne

490 1931 1132 82 z22. war ein groſſer Miß⸗ Verſtand zwiſchen Payſt

359 1966 1260 99 AXII und Kanſer Ludwigen, der erſtreckte ſich ſo weir, daß

244 1993 26 48 .

309 2018 1312 95 ayſt den Kayſer im Auguſto in Bann thaͤte. Der Kanſer bielt

234 2065 1384 100 rhe Anno 1326, nach der mu Coͤln gebaltenen Hochzeit, mit Mar-

232 2087 154 97 arend-

408 2131 1211 87 Hertzogin aus Holland, ( wordey die vier Chur⸗Furſten

904 2188 72 75 21

1422 2200 191 83 geweſen⸗

38 422 96 58 cken,

33 469 101 60 tam,

79 520 30 60 n

65 611 65 68 und

80 655 53 71 die

76 716 49 60 nt

54 765 52 72 an

27 818 92 70 onde

38 1526 73 55 nn,

38 1618 70 65 ſon⸗

50 1765 50 58 zer

44 1806 65 67 zbei

51 2016 49 61 ꝛur

40 2076 16 51 .
