1923 2446
780 168 301 77 15 (0) 28.

415 224 700 74 Vnd irem Volck feiſtet das Leben

410 279 716 67 Das hat vnns auch Maria geben

459 331 708 69 Noch groſſere Gnad als das ſindr

456 380 801 71 Darumb waiß ich keyn groͤſſere Sunde

409 429 744 66 Dann ſo man hat der Inden Gunſt

406 481 738 69 Er iſt ein Chriſt, doch das vmbſonſt

455 531 806 69 So frum wardt nye kein Fuden Hundt

456 582 695 68 Der nit verſucht wie er da kundt

407 630 764 67 Schenden, vneren die raynen Mayd

411 680 765 67 Der Gon fur onns am Creutze layd

453 731 726 63 Die Gnad vnd Sicherheyt erwirbt

451 778 681 74 Dem armen Gunder ſo er ſtirbt,

402 834 826 68 Darumb keyn Stat nit Gluͤck mag han

404 881 635 68 Wo die verfluchten Juden ſtan

449 930 855 66 Groß Schandt der Zud auch auf onnß lnd

451 979 751 67 Do er vergoß das Chriſten Blut

403 1030 797 63 Zu Regenſpurg in der werden Stat

404 1080 767 64 Als vnns probirt ein gannzer Rat

455 1130 629 69 Do Keyſer Fridrich hat gelebt

449 1180 730 67 Sechs Kinder handt ſie da ertoͤdt

399 1231 749 69 In einen Keller die verporgen

404 1277 820 76 Das pracht die Purger in groß Sorgen

453 1326 745 69 Die Fuden man in Gfencknuß nam

445 1372 653 72 Etler nam ſich ſtarck vmb ſie an

400 1420 699 69 Gold vnd Sylber da ſchencken thet

396 1470 786 70 Der Rath, biß daß er nichts mer het.

445 1521 712 70 Daß man den Juden nit geb recht

452 1574 753 77 Soͤlch groſſer Sundt, als ir da ſecht

403 1626 625 71 Ir Miſſethat ſach man nit an

396 1678 708 74 Der Jud an Purgern Syg gewan

444 1733 654 68 Die Purger ſchickten Piderlent

449 1782 678 66 Vnd fragten was nur das bedeur

399 1829 722 69 Daß man beſchuͤtzt mit gutem Nut

402 1876 678 75 Die vergieſſen das Chriſten Blut

445 1930 700 71 Darwider die Juden ſtrebten hart-

440 1979 844 86 Brot Schanck man von den Juden gwart

907 2045 172 77 G99 2

1547 190 44 64 11

1481 2038 123 81 Vmi
