1566 2270
80 136 92 58 612

586 155 43 50 -

769 138 210 65 O) Eoz-

215 191 1257 65 Auf Abſterben des HHochwurdigen HHerm ſoann Baptilt, Prob⸗

79 243 1396 67 ſten zu St. Mugn, ſo dem 22. Jenner 1771. dieſes Zeitliche verlaffen⸗

83 292 1388 71 it den z0. Mertz darauf zu einen Probſten allda erwaͤhlet worden del

85 341 1383 72 Hochwurdige HHerr Albertus Angerer, daſigen Sriffts und Cloſtert

84 393 1333 69 Profeſlus, ceme GOtt ein gluͤckſeelige Regierung verleyhen wolle.

213 443 1255 69 Den 15. Merb ware ein ungemeiner Sturm⸗Wind, welche

88 493 1372 68 groſſen Schaden in denen Waͤldern, auch andern Orthen verurſa

83 547 1079 67 chet, und viele Taͤcher von denen HHaͤuſern abgeriſſen.

209 592 1254 71 Weilen Benedictus XIV, Roͤmiſcher Pabſt, wie ich kurtz zuvorge

85 644 1359 69 meldet, das allgemeine heilige Jubel⸗Jahr, ſo Anno 1750. zu Ro

83 693 1387 67 gefeyert worden, auch in andern Orthen zu verkuͤndigen verwilliget,

82 740 1356 73 alſo hat ſelbes allhier in Regenſpurg den 7. May 1777. ſeinen 2

87 793 1379 67 fang, und den 6. Decembris, nach S. Monath das Ende genommen

84 841 1386 68 Der gelehrte, eyfferige, HHoch⸗Ehrwurdige R. P. Franciſcus Beſenella,

84 889 1382 73 Soc. ſel. Domb⸗Prediger allhier befliſſe ſich, beſonders an denen dre.

83 940 1377 72 Proceſtions⸗ Faͤgen von offentlicher Cantzel das in groſſer Maͤnge vel

92 993 1336 68 ſammlete Volck zur wahrer Buß und Rene anzufriſchen, und zu

85 1041 1359 70 terweiſen. Die allgemeine offentliche Proceſſiones, bey welcher

82 1090 1379 70 wohl der Regularis ac Sœcularis Venerabilis Clerus erſchienen, wut

83 1141 1346 69 den den 16. 20. und 27. ſunii gehalten, bey welchen ein groſſe M⸗

92 1196 1332 65 ge deren Chriſtglaubigen ſich eingefunden. Die zur Beſuchung,

80 1243 1340 66 vorgeſchribene Kirchen in der Stadt, waren die Hoche Domb⸗Stif

80 1292 1338 66 dann S. Emmerami, S. Pauli bey denen RR. PP. Soc. ſel. und

82 1339 1354 70 Kirchen bey denen RR. PP. Minoritten; Man ſahe auch waͤhre

83 1387 1337 75 diſen 6. Monathen hindurch, wie die andaͤchtige Chriſten, ſo n

89 1441 1364 68 Hohen, als anderen Stands, haͤuffig in denen vorgeſchribenen Ki

88 1491 1327 58 chen den Allmaͤchtigen GOtt um Gnad und Barmhertziakeit zu bit

1443 1483 18 49 ,

83 1543 1341 64 und durch ihre Verdemaͤthigung ein wahre Buß zu wuͤrcken ſich be

83 1591 1351 69 ſen hatten. GOtt erhalte uns alle in wahrer Buß und 1

82 1648 1306 73 muth, damit wir defſen gerechten Zorn wegen unſerer &

85 1702 1325 88 den beſaͤnffrigen, und durch die Verdienſten JEſu Ch

84 1766 623 72 Barmhertzigkeit erlangen.

218 1821 1252 68 Den 12. Septembris 1751. wurde gantz Franckreich wegen de

85 1868 1380 70 Geburt des Duc de Bourgogne, Sohns des Dauphin, mit Freu

84 1920 1386 68 und Troſt erfuͤllet, wegen dieſer Geburt hat Monſieur Chevalie

85 1968 1372 80 Follard, Frantzoſiſcher Miniſter allhier zu Regenſpurg, den 22. ui

1280 2011 180 79 22. Oct.
