1923 2446
29 233 94 61 ꝛdru-

54 278 68 63 unt

743 184 321 76 2 (0) E

1522 198 58 65 82

305 237 1289 82 Der Kayſer Matrhias als auch ſchon bey Jahren, verlangte ein

194 290 1394 76 Deyſtand, haͤtte das Vertrauen auf Ferdinanden Ertz⸗Hertzogen,

192 342 1400 76 den leß er zu Prag mit Willen der mehriften Staͤnd zum Boͤhmiſchen

197 390 1390 80 Koͤnig eroͤnen. Pfalbz⸗Graf Friderich ſorgte, das naͤchſte werde ſeyn,

195 442 1399 78 daß man ihne auch wolle zur Roͤmiſchen Cron promoviren; ſuchte auf

195 493 1393 73 Ae Weeg dieſe Wahl zu verhinderen. Oferiret das Kayſerthum dem

192 539 1407 76 Hertzog Mazimilian in Bayrn aus ſonderbaren polttiſchen, aber dem⸗

191 593 1401 71 gemeinen Weeſen nicht gedeylichen Urſachen. Der Hertzog aber hat

44 635 76 79 gaͤt

199 644 1392 73 ch um ſolche Offerta hoͤflich dedanckt, und mit hoch⸗ vernuͤfftigen

202 695 1390 72 lrſachen, warum er die Roͤmiſche Cron nicht accepriren koͤnne, oder

206 741 824 68 erlange, dem Pfaltz⸗Grafen erwieſen.

198 843 1393 75 le Cron anderen hochen HHaͤuptern, und bemuhete ſich Ferdinandum

315 797 1276 68 Pfaltz⸗ Graf Friderich von boͤſen Raͤthen verleithet, ofkeriret

192 894 1398 72 verhinderen. Dergleichen thaͤten die Ungariſche Staͤnd von der wi⸗

206 943 1381 74 agen Religion Anno 1618. die zu Ertz⸗ Hertzog Ferdinand auch kei⸗

191 991 1399 74 ſen Magen haͤrten: kunten doch die Wahl zu der Ungariſchen Cron

214 1043 1373 64 cht hintertreiben; gleichwie nach ſeeligem Ableiben Kayſers Matthiaͤ,

243 1095 1341 68 Anno 1619. den 20. April geſchehen, der Chur⸗Fuͤrſt Friderich

195 1141 1392 73 le Admiſlion zur Kayſerlichen Wahl, und endlich auch die Election

194 1191 1396 78 es nunmehr Ungariſchen und Boͤhmiſchen Koͤnigs Ferdinandi IL. wel⸗

188 1242 1255 74 he den 28. Auguſti vorbey gangen, nicht verhinderen koͤnnen.

296 1295 1292 69 Anno 1618. den 29. Junti, iſt naͤchtlicher Weil die Pulber⸗

191 1334 1394 76 Auͤhl allhie abgebrunnen. Den S. Julii hat der Kayſer durch ein of⸗

188 1387 1396 79 entlich an das Rath⸗Haus angeſchlagenes Mandat verbotten, denen

198 1434 742 75 oeuiſchen Boͤhmen Huͤlff zu leiſten.

284 1486 1300 76 Denen Boͤhmen verlaidete ihr ordentlicher neuer und gecroͤnter

194 1534 1390 77 uͤnig Ferdinand, und nach viel rebelliſchen unverantwortlichen Acen

194 1585 1391 76 ad Proceduren ( die ſonderbar erfahren der Boͤhmiſche Fammer⸗

203 1636 1382 80 œldent vilbelm Aawata, Faroslaus Lorzita Hertinin zu Carlſtatt

191 1687 1399 76 Surggrak, und der Cron Marſchal, und Pbrlippur Falricie. Secrera-

277 1742 1306 73 ie von denen Fenſtern der Koͤniglichen Cantztey in den tieffen

192 1781 1387 84 Schloß⸗ Graben dey 25. Werck⸗Schuch tieff geworffen worden)

205 1834 1380 82 olten ſie ihne nicht mehr behalten, ſondern erwaͤhlten wider alles

199 1879 1385 90 acht den 26. Auguſti 1619. zu ihren Koͤnig Pfaltz⸗ Graf und Chur⸗

54 1879 58 68 Oel

188 1932 1395 84 Furſten Friderich, der dann wider vieler hochen und geſcheider Po⸗

194 1985 1389 84 ctatten, und ſeines Schwaͤhers des Koͤnigs aus Engelland ſelbſten

187 2034 1392 96 unidev, de dſenlete Eron, ais aid derwant, nder vulnadr as

788 2098 178 76 Dpp 2

1460 2104 116 82 ans:

76 391 49 51 I,

53 1637 58 64 bou
