1918 2545
362 270 100 50 202.

957 260 55 72 2

1033 257 224 79 (0) Ehs

364 311 1394 86 derlegen. Ich glaubte daß i naͤchſten unſern bevſammen ſeyn, ich der

369 366 1393 80 Herrn Vattern und allen Staͤnden ſolche Sariskaction gegeben habe.

364 421 1387 76 daß er mir ſicherlich trauen, und ich dienen kunte: aber die falſche 2

366 470 1353 78 zicht iſt wider empor kommen. Der Herr Vatter iſt von treult

367 524 1357 74 Leuthen beredt worden: ich ambiere zu Fruhe das Reich, er werd,

366 575 1352 76 zu alt, und herrſche zu lang, mein Fugend koͤnne das End nit ern

366 632 1353 67 ten, und was dergleichen Schmaͤhung mehr. Probiren ſie nun,

366 677 1344 78 was Weiß ſein Alter,ſo ich allzeit hoͤchſtens verehrt,ich gehaſſet? in:

369 732 1349 72 ich den Herrn Vatter um das Reich, ſo ihme von GOrt gegeben ꝛ

367 784 1326 71 den, und er mit groſſer ſeiner Glori, Ehr unſers Hauſes und ni

369 831 1312 78 Freud adminiſtrirt, geneydet? ſoll dann der Ehrgeitz mein Gi

366 882 1346 78 und Sinn alſo eingenommen haben, dab ich nit mehr wiſſe, wie ic

372 931 1376 78 Goͤttliche Gaben, und Koͤnigliche Majeſtaͤt in meinen Herrn Vatta

363 985 1349 76 von dem ich ſo groſſe Gnad und Gurthaten empfangen, auf den

363 1036 1351 79 all mein Hoffnung geſetzt, und (ſo ich mit GOrt und der Welt de

363 1088 1348 81 ge) niemahlen deleydiget, veneriren, und mit meinen Dienſt bel

366 1141 1332 79 tzen ſolle? Ich hab zu Regenſpurg im Angeſicht GOttes, des 1

373 1191 1305 78 Vatters, und des gantzen Hoffs einen And geſchworen, daß ich

369 1242 1339 78 des Herrn Vattern Gewait nit entziehen wolle. Was iſt immi

363 1293 1334 74 dann geſchehen, welches mich Frid⸗ und Aydbruͤchig moͤchte gen

362 1341 1318 77 haben? will man ſagen, ich hab den Herrn Vattern nach dem-

360 1391 1320 80 geſtrebt; mit was Waffen? mit was Geld und Mittlen? mit

369 1442 1379 85 Hulff und Freunden? mit was Macht? ſage der Gundacker mein?.

370 1500 1317 79 heimer Rath, aus einem Freund ein Abtrinniger, doch nur ſtuͤch

367 1556 1270 72 zu dem Vatter, den ich nie fuͤr einen Feind hielte; ſag er (.

363 1606 1297 72 chen ich nichts vorgenommen,) ob er das mindiſte, ſo nur ein.

362 1654 1332 73 ten einer Conlpiration wider ſeine Majeſtaͤt gabe, dey mir obler,

366 1705 1294 73 weilen dann von allen meinen Thun und Laſſen, von meinen ab

366 1757 1277 72 ten Calumnianten nichts kan wahr gemacht werden, ſo ſolle mi

372 1805 1291 79 lich wehe thun, daß der Herr Varter von ihnen alſo detrogen,

367 1856 1261 83 te, daß ich ſeiner Majeſtaͤt treuloß ſeye, an welches ich doch

1645 1842 52 61 nie

374 1911 1293 76 dacht, mindiſten Arawohn geben, Abſcheuhen getragen, ja n

364 1963 1264 80 nen Dienſten das Widerſpihl erwiſen; GOrt gede dem Herrn

1714 1970 34 67 o

369 2016 1257 73 ein langwuͤhrige gilckſeelige Regierung, (GOrt werß, dab

366 2065 1260 75 Hertzen meyne,) und je laͤnger ſie wehret, je gluͤckſeeuger wird

366 2113 1300 79 Auf welche Sinceriter Ludoricus den Widerwillen fallen laſlen

370 2156 1307 110 den Sohn wider in Gnnden andenmmene Guntacker aber ein

1695 2167 57 78 Ie
