1959 2500
15 305 122 68 ich das

51 362 79 57 ayrt

36 408 89 68 un.

27 461 102 69 Dieb

45 505 80 67 , bi

34 597 100 76 obbe⸗

40 663 80 66 dant

48 712 67 64 MNel

48 755 75 74 nich

33 812 73 69 ntit

23 868 83 65 Reg⸗

37 915 78 66 Con

34 961 88 75 zwas

34 1015 68 69 zrob

753 261 107 68 uc-

1092 261 52 73 B-

1569 272 74 66 22,

252 306 1404 89 Als er Anno 1205. die Reichs⸗Lehen empfieng, erhoͤchete ihme auch

257 366 1399 78 ber Kayſer den Lehen⸗Tar. Hatte darzu 2. mißraͤthige Jahr, und

254 416 1402 78 triede ihne die Noth ſo weit, daß er denen Patribus Anguſtinianis all⸗

255 463 1402 82 hie, den Zehend zu Abbach verkauffen muſſen. (2) Er ſtarb nach 20.

254 516 1399 88 Fahren, S. Monath, 22. Caͤs, lgt begraden in S. Colomanni Ca⸗

252 561 120 80 pelen.

776 705 336 95 Incidentia.

339 830 1312 76 S machten Anno 1288. (Bucellinus will das 1280. Jahr) die

307 856 32 77 ,

261 919 43 57 20

368 884 1288 75 Staͤdt am Rhein, Augſpurg, Regenſpurg, ſamt dem Pilegri-

329 933 1324 80 Ertz⸗ Biſchoffen von Saltzburg, aus Anſtifftung Kayſers Wen-

262 979 1395 84 eola, einen Bund wider die Pfaltz⸗Grafen dey Rhein, und andere

265 1031 1388 84 gertzogen in Bayrn, aus folgenden Urſachen wie man findt. r. Weit

266 1083 1385 79 gertog Stepban Pilegrinum zu einem freundlichen Geſpraͤch nacher

313 1134 1343 78 thenhaßlach ciriret, hinterliſtig ubergangen, und gefangen nacher

263 1161 57 70 du

336 1183 1315 82 gzhauſen gefuͤhret, aber bald wider entlaſſen hat. 2. Weilen die

265 1229 1381 91 Fergogen aus Bayrn denen Nuͤrnbdergern die Kauffmanns⸗Waaren,

266 1284 1385 82 enen Regenſpurgern die Wein, denen von Gmundt andere Waͤgen

259 1334 1392 86 Anweg, und hin und wider die Burger gefangen nehmen laſſen: dem

294 1387 1357 75 nceslao war dieſe Urſach ſchon genug, erklaͤrte am heiligen Liecht⸗

261 1416 50 65 ꝛe

354 1437 1300 75 Tag die Hertzogen aus Bayrn fuͤr Feind ſeiner und des Reichs.

255 1461 70 75 And

340 1486 1311 84 damit die aus Bayrn ſich mit Pfaltz⸗Graf Ruperten nicht con-

254 1508 55 68 ur

326 1534 1325 84 iren kunten, befahl er denen Staͤdten am Rhein, Elſaß und

284 1584 1367 84 Serterau, in die Pfaltz zu fallen. Pilegrin von Galtzburg hielts mir

257 1613 101 82 mnen

258 1686 1391 89 aten, mit welchen er der Feind, unweit Spever 200. erlegt, 500.

391 1637 1262 88 Pfaltz⸗Graf Rupert vergas ſeiner nicht, dekam in Eyl Sol⸗

257 1733 1392 92 tongen, die uͤbrigen ſluͤchtig gemacht. 6o. Brenner bekam er ge⸗

248 1787 1401 89 Agen, und weil ſie das Feuer in anderen Haͤuſern aiſo liebten, muͤßten

251 1831 816 85 se in einen Kalck⸗ Ofen auch verbrinnen⸗

375 1887 1276 86 Es giena in dieſem Krieg unterſchiedlicher Orthen uͤbel her. Re⸗

255 1929 1392 101 entyurg detreffend, haben fuͤr dieſe Stadt ſich gelegt die HHertzogen

300 1980 1351 104 Hayrn, Rupert der Juingere, Albrecht von Straubing, Stepbas

897 2050 90 59 Er

1518 2061 132 64 Fride-

47 1227 33 52 ꝛe

40 1620 30 53 u

40 1659 55 66 nt

38 1715 48 62 ol

272 2170 764 110 E vn vun Nabh n nag ei. enwaamn adsno⸗
