1940 2440
413 189 80 65 111

908 203 31 53 .

973 178 335 87 2 0) 225-

401 231 1389 91 ſchreyung (Difamataseſ) ſprengete aus, de waͤren die Leutz don olnts Andataͤ

402 298 1384 68 Geiſt detrieben⸗ als waͤren ſie nit bey ſich ſelbſten geweſen: wo meldet dann Hundius⸗

394 338 1391 79 daß die Leurh bezauberer, unod ohne Sinnen waren? O boßhaffter,

401 389 1365 74 Lugen⸗voller Geiſt derenjenigen. ſo ſich fuͤrſaͤtzlich bemuͤhen, ihren Jrrrhum zu.

395 429 1382 75 haupten. Sehe mein Leſerl wie ſchaͤndlich und lugenhafft der Author dieſes Mi

391 471 1383 73 nuſeripti, ( und vielleichk noch mehrere mt ihme) von dem gelehrten Arunds

398 517 1357 68 ſchreiben. Ader es iſt ſich nit zu verwundern, der Geiſt des Trrihunis, der Falt

399 562 1367 68 heit, ein Feind der Wahrheit, welcher ſich in dem Gemuͤth eines faͤrſehzlichen K

402 608 1357 71 gers feſt geſetzet, kan nichts anders wuͤrcken, als Unwahrheit, Lugen, dann er,

394 647 919 72 Pater mendaciorum, ein Vatter deren Lugen.

519 691 1251 76 Ich erkenne, das ich nich zn weit von der Hiſtorte unſeres Floſters, du

393 736 1372 75 dieſe Anmerckungen entfernet hade, und daß es ohnnoͤthig geweſen, die einfaͤlas

394 783 1364 85 Erzehlung von der bezauberten Andacht zu der ſchoͤnen Maria dem Leſerꝛ

389 837 1340 78 zuzeigen; maſſen kein vernuͤnfftiger Menſch ſolche verzauberte Andach.

391 882 1344 80 wird einſchwaͤtzen laſſen. Doch habe ich dardurch erklaͤren wolen, daß wir Ca

390 927 1356 84 liſche ſolche verzanberte Erzehlungen nicht achten, und dergleich

389 980 1332 74 dauberey⸗ Drediger, oder Hererey⸗ Fribenten in dieſem Umj

383 1026 1322 74 vor Ketzer halten, welche die Ehre GOttes in Verehrung ſeiner HHeiligen

1721 1028 34 53 e

382 1070 1369 71 gedulten wollen. Wir ſuchen die Ehre GOttes, wann wir die Heilige, od

383 1112 1371 72 deren Bildnuſſen verehren. SOTT gibrt uns ſeine Gnaden und Guahua

383 1154 1330 74 durch die Fuͤrbitt ſeiner Anserwaͤhlten, wie und wann er will. Der ⸗

382 1196 1350 78 giedet uns nichts, und hat nichts ans ſich. Was iſt dann in dieſer Andacht fuͤt

383 1245 1310 68 Zauberey enthalten? O GOttl gibe unſeren Herrn Gegnern die G

385 1290 1316 100 des Glaubens, und daß ſe erkennen, was ihre Vor⸗Eltern in der Nc

387 1340 903 71 Catholiſchen Religion allez it geglauber haben. Amen.

1334 1385 101 65 .

1842 638 58 50 leo

1846 669 49 67 tet

1839 717 38 55 ꝛe

1846 774 72 59 rm⸗

1846 814 60 76 ach

1842 864 73 72 zand

1839 961 91 74 tride

1842 1012 73 76 doß

1861 1069 65 65 ſſur

1838 1106 51 69 en

1839 1207 88 82 Brob

1842 1268 46 60 ne

1836 1355 87 83 Mſte

1841 1416 42 60 m

1835 1464 60 59 on

1847 1613 44 61 2

1841 1660 85 113 u,

1835 1754 56 74 ich

1854 1811 31 69 5
