1554 2270
681 110 35 61 an

745 110 315 72 13 (0) 2ag.

1488 116 50 49 72.

192 208 1351 68 Staͤnden des Bayriſchen Creys zu Waſſerburg ein Creyß⸗Tag gehal

314 153 1228 77 Zu Ende des rSgsſten Jahrs iſt von denen Hochloͤbl. Reichs

184 258 1363 64 ten, und in denſelben den z. Decembris ejusdem Anni, der Her

181 301 1367 69 Reichs⸗Graf von Tilli &c. wegen der demſelben angehoͤrig⸗in dieſen

186 348 1359 71 Creyß liegenden Reichs⸗Grafſchafft Brairteneck zu ein Mit⸗ Glit

179 398 1369 66 des Bayriſchen Creyſes wuͤrcklich angenommen, und ihme die Seſlior

181 442 1364 72 ertheilet, auch 1. zu Pferd, und zween zu Fuß, zu ein Reichs⸗Anſchlar

177 493 1366 65 wegen gedachter HHerꝛſchafft Brairteneck, auf vorhergangene Hand.

175 539 472 61 lung alligniret worden.

297 629 1246 74 Fanciſeus Cuilielmus, Graf von Wartenberg, Herꝛ zum Waldꝛe⸗

163 682 1359 77 Domb⸗ Probſt allhie, wurde Biſchoff zu Osnabruck Anno 162;

166 733 1353 71 das andere Jahr von dem Pabſt conhirmiret, Anno 1629. bekam e

158 779 1374 73 das Biſtum HHinden, baloͤ hernach Verden. Anno 1622. iſt er vor

167 831 1355 60 hieſigen Domb⸗ Capitel zu einem Coadjutorn, Alberti IV. erwaͤhle

161 875 1360 70 worden. Anno 1620. hat er nach Lob⸗ werthen Ableiben (D) erſt

162 925 1366 59 gedachtes Alberti das Hiſtum voͤllig angetretten. Dis war ein Hoch⸗

160 973 1376 68 verſtaͤndiger, gelehrter, und Hoch⸗ erleuchter Fuͤrſt, der den Sratum

157 1020 1376 72 Politicum wohl verſtunde, und in Reichs⸗Gachen anſehnliche Erpe-

157 1073 1379 63 rienz haͤtte, dahero er von dem Chur⸗Fuͤrſten von Coͤlln Ferdinan-

161 1118 1371 68 do, aus dem Haus Bayrn, nicht allein fuͤr ein Obriſt⸗ HHofmeiſter

153 1167 1377 67 lang gebraucht, ſonder auch von Kayſerlicher Majeſtaͤt Leopoldo zu

155 1215 1376 58 dem, vor dieſem noch waͤhrenden Reichs⸗Fag, angeſehenen Deputa-

153 1261 1375 68 tions⸗Tag zu einem Kayſerlichen Principal- Commiſlario erkuͤſet wor⸗

152 1306 1376 72 den. Zu vorderiſt aber eminirte er in Geiſtlichen Weeſen, und fuͤh⸗

152 1355 1378 72 rete nicht allein fuͤr ſich ein auferbaͤuliches Leben, ſonder hielte mit al⸗

151 1408 1377 68 lem Ernſt, und nach Vermoͤgen auch den Clerum darzu; deßwegen

151 1461 1372 61 er dann verſchiedene Synodos hielte, und deren Continuation voͤllig

156 1507 1366 70 deſchloſſe. (g) Nach deren heiligen Reliquien, und deren Venerarion

150 1554 1369 69 war niemand begieriger. In Kirchen⸗ Ceremonien hatte er nicht bald

150 1602 1364 68 ſeines gleichen; dahero er auch auf ſchoͤne GOrtes⸗ Dienſt viel hielte,

151 1652 1367 68 biel anſtellete, und darzu viel ſpendirte. Alenandro VII. Roͤmiſchen

858 1710 122 56 &rr

1347 1705 167 76 Pabſten

182 1881 1326 68 (H) ALberrus ſtarde den 12. Aori 1619. wurde von Pacido Abdten zu S. Emeram, den 19.

209 1919 216 55 April begraden.

179 1955 799 81 ſ) Er baner ann Synodun m Regtndurg Anro 16ro.
