1923 2446
830 163 280 68 8 (00 Le.

1561 175 67 56 132

252 206 1389 79 ſenihet ſch hanytſichlich in dieſer Relation, (oder Predig,) des Balrbeſer

25 235 159 69 te. Actor-

248 259 1390 68 ſebnayr (damahagen Caplans den der Capelen zur ſchoͤnen Maria,) Geißihi⸗

73 277 109 65 damit⸗

248 301 1389 69 Rn Beruff zn betrachten, und wie derſelbe dieſen ſeinen Beruif nachgelebet habe⸗

72 317 99 62 und f

248 346 1389 73 Ker en uch als ein VDiderrautfer an den Leben geſiraſſet worden. Areinig in

44 362 123 61 n Gicht

247 391 1389 75 Ar Hiltorie von der Andacht zu der ſchoͤnen Mariaͤ, erzehlet er die auſſerordenrr⸗

72 402 103 65 Cooͤten

251 437 1387 67 ft vanderlche Gutthaten, ſo ſich an dieſen Drrh andegeden. Er widerſprichet kei⸗

70 456 64 54 ſtie⸗

250 478 1384 69 Arnrrgs, daß ſolche Wunder ſich zugetragen, ſondern redet gantz ehrendethig von

69 513 43 44 te-

252 521 1384 67 arnſelden. Er meidet anch, daß der loͤbliche Magiſtrat zu Regenſpurg ſehr be⸗

80 529 87 64 Heißs

248 565 1388 68 gtlan ſich anfgefuͤhrrt, und beſorget habe, daß keine Mißorauch und Betruͤgereyen,

252 608 1382 72 (wu es geſchehen mag,) dey der Wahlfart einſchleichrn koͤnnten. Dann, (alſo

43 619 113 64 uichts

248 653 1386 80 hnd die Wort dieſes Henn Eucheraners, oder Paſtoris.) Erlich, ſo in due

88 671 24 54 c

254 706 1378 79 &pelle kommen, und des Dilds anſichtig worden, fielen nicder,

80 716 76 55 wees

260 736 37 54 le

40 758 94 61 biswe

307 762 1327 73 waͤren ſie von Donner gerroften worden, da dis einig von dem

58 809 45 56 en

285 800 62 56 ve

375 811 1263 66 ſahen, daßi erliche fielen, meinren ſie, es waͤre GOttes

116 838 53 102 .

251 852 1387 76 Krachr, es muͤßre zedermann an dieſer Sreile fallen, da hub fſich

24 865 77 50 n zu

252 900 1385 79 einmahl ein ſolch fallen an, daß ſchier jedermann, der dahin

50 905 54 53 mit

112 929 42 61 Zei

17 952 74 52 unde

250 953 1384 77 ame, allda fiele. Diele aus dem Doͤvel, die da nichr fielen, ge⸗

263 1006 1373 77 scdren ſich des Fallens unſcelig zu ſern, und norbigren ſich dabe⸗

300 1058 1337 75 iu fallen. Da wurd E E. Rarh dahin dewogen, ſolches

256 1106 1380 74 arcd ein ſcharftes Mandar zu verbierren, worauf derley Fallen

23 1127 106 62 Tram

252 1138 38 55 .

304 1156 1333 73 gehoͤret. Aiſo iſt zu leſen in vbgedachtem Manuſcripto. Nachdeme nnn

16 1174 104 62 chwaͤr.

288 1205 1349 70 er Herr Lutheraner, oder Paſtor, in dem vorhergehenten dielen Baͤtteren gans

25 1218 85 52 ware

248 1247 1384 69 Flalſen von denen Wunderen, und der Andacht an dieſen, Orth vieles, und um⸗

29 1251 74 72 riſt

245 1284 1389 74 andig erzehlet, auch von ſich ſeibſten nichts darwider geſchrieben, oder geſpoͤtter⸗

19 1303 78 54 cket.

252 1327 1378 71 ſder rine Einwuͤrif und Saͤtze, wider dieſe Andacht, und wunderliche Begebenhei⸗

21 1349 67 50 dat

259 1364 1439 81 a deygebracht ꝛc. Alsdann melder er () daß ein Moͤnch allhier, (deßiehe oden (

50 1386 53 57 eri

273 1409 1364 74 s. 115.) mit Nahmen Georg ſich zu einigen Vurgeren begeden, und ſich mit

38 1429 61 52 deti

252 1451 1386 88 rnenſelben unterredete, ſagend, der uebmayr, ( Capellan dey der Capellen

118 1496 32 49 ꝛt

245 1489 40 56 nr

65 1515 42 49 1.

301 1501 1339 78 choͤnen Ma ia) muͤſſe zanbern koͤnnen, dann ſonſt waͤren gewislich ſolche Zeichen

245 1530 55 63 u

19 1555 69 59 tor.

319 1555 1319 68 geſchehen. Die Burger aber hieiten dieſen Moͤnch Georgium fuͤr einen un⸗

119 1577 27 56 a

244 1568 42 64 n

43 1600 46 57 die

307 1595 1329 76 en Menſchen, ſpotteten ſemer Rede, und hieſſen ihne von Sich. Anno r523.

112 1627 48 94 ,

307 1637 1331 79 Rontag nach Rogate, hat gedachter Moͤnch Georg, ſich in einer ofſenen

23 1645 72 65 ade,

271 1682 1366 77 riͤt vernehmen laſſen, daß dieſe geſchehene Wunder⸗ Zeichen wider die Ehre

72 1670 44 82 ?

23 1698 38 56 n

258 1723 1375 76 DDites und Naria waͤren, welches um ſo leichter z degreiffen ſene, als die bis⸗

29 1725 113 78 rten!

250 1740 58 61 ers

320 1765 1323 81 feſchehene eichen durch das Opfer geſchehrn. Mana aber haͤrte keine Orſer.

72 1781 44 68 el

254 1801 1382 93 Ag⸗ ſondern, ſo jrmand ciu Gebrrchen hor, ſo maͤdte Maria heliſen, vhne

254 1844 1386 89 Tber⸗Geid, ſonſt koͤunte ſe nicht gnaͤdig ſeyn, noch ein Mutter der Enaden ge-

251 1886 1385 93 tnnet werden. Als dis E. E. Rath zu Ohren kame, wurden alle Wahifarrhen ab⸗

279 1935 1359 85 zaut, und man heſſe keine Wahlfarcher mehr zur ſchoͤnen Maria palliren, ſon⸗

260 1978 1376 84 ꝛdr wann einige zu den Thor kamen, und mit ihrem Fahnen in die Stadt wol⸗

258 2024 1380 97 T wn den ſeldur ncͤt herru gobosſen, norndrr dann nancher m Henden Eer⸗

1554 2094 87 54 nach

50 1910 58 61 nſa

23 1951 116 64 a. teri⸗

66 1998 44 67 hr

77 2051 27 48 u

63 2073 75 79 poni
