1940 2440
919 189 394 76 d (O) Eis-

418 241 1393 76 Udalriei Sohn, etliche Graffen und viel Reichs⸗ Staͤdt, darunte⸗

417 298 1390 70 ich aber Regenſpurg nicht ſinde, dahin ſtellend, ob ſolches mit Willen⸗

416 351 1381 69 nder gezwungen geſchehen. Das iſt nun gewis, daß dieſe Stadt als e

1861 357 72 65 Har

413 398 1386 71 Schiuſſel in Boͤhm, Oeſterreich in Bayrn, der Kayſer Carl hoch ab-

1857 401 49 69 ter

410 448 1390 76 miret, dahero ſich nahend gehalten, und bey dieſer Gefahr ohne notd

1854 452 54 86 ꝛer

412 500 699 70 wendige Guarnilon nicht gelatſen.

546 550 1255 72 Der Feind war ſo keck, um willen er noch ſo ſtarck war s

410 603 1391 69 der Kayſer, daß er gedachter Majeſtaͤt, und des Roͤmiſchen Reid⸗

1860 597 65 75 Sej

1860 657 62 66 ih

412 652 1385 69 HHoͤchſtem⸗ und Ober⸗ HHaupt den Krieg angekuͤndet. Der Kayſer lal

1858 699 52 76 en

408 702 1380 70 durch Duc di Alda bey geſchiekten Botten, dieſen ſeinen RebellenM

1857 750 53 67 der

406 752 1379 70 Aacht zuſenden, und legt ſich mit ſeiner Armee und ;8. Stuck de

1857 802 64 65 airn

406 803 1383 68 Regenſpurg. Der Feind war zwiſchen Muͤnchen und Ingolſta

1855 854 74 63 Cum

412 852 1368 69 Der Kayſer ließz ſich auch finden, behielt aber die von Hertzog Ab

1861 904 69 67 iche

405 898 1384 75 helm ſchon wohl beveſtigte Stadt fuͤr ſeinen Rucken. Man cannon

1861 952 58 67 noͤc

405 952 1377 71 ret zu End des Auguſti offt und ſtarck zuſammen, und gabe imme

406 1005 1352 67 dar ſtarcke Scharmuͤtzl, in welchen deren Feind viel geblieben.

1857 1005 78 65 Her,

1853 1055 72 66 pitet

402 1053 1386 72 der Gegentheil ſahe, dab allda nichts zu richten, verließ er das Laget

399 1106 1379 67 und begab ſich auf Donauwerth. Dem Kayſer kam nun friſcher Su

1860 1150 66 70 um

402 1156 1367 66 curs, daß er alſo 9c00. zu Pferd, und 52000. zu Fuß haͤtte, nau

1854 1198 61 68 den

401 1206 1332 66 darmir ohne Muͤhe Heuburg ein, legte ſich zwiſchen Wembding

399 1253 1329 68 Noͤrdling. Der Feind lieſſe ſich allda auch ſehen, und gleich in

1858 1251 73 73 Sfa

1853 1308 80 66 ſeine

402 1306 1375 67 erſten Scharmuͤhzel verluhr er den Hertzog Albrechten von Brau

1860 1355 74 61 Sta

399 1352 1372 74 ſchweig. OCarins Farnelius uͤberſtiege in einer Nacht Donauwers

1853 1407 77 66 Leſel

398 1405 1356 71 es begaben ſich an den Kayſer andere Stadt an der Donau und.

1857 1459 53 52 21

402 1458 1327 62 Ries. Der Feind mußte immerdar weichen, der angehende O.

1855 1499 72 68 dem

398 1507 1361 69 zertrennete ſelde auch, und machten gern Fried. Es war aber kein⸗

1857 1552 72 59 ꝛtid

399 1556 1366 72 derer zu hoffen, als daß jeder dem Kayſer abbitte, die Waffen nidͤ.

1858 1602 76 72 Aug

398 1607 1335 69 lege, und kuͤnfftig treu und gehorſam verbleibe. Alſo hat Pfaltz⸗E

1869 1670 57 40 ⸗OT

403 1657 1295 65 Friderich den Anfang gemacht, und durch einen Fus⸗Fan ber

1858 1698 71 71 diu

398 1709 1308 65 Kayſer Pardon erhalten. Auf ſolche Weis der Hertzog Ulrich

1860 1745 74 70 Der

399 1758 1309 62 Wuͤrtenbera, und andere; der Chur⸗Fuͤrſt von Gachſen reiſete

1862 1801 59 61 ner

402 1811 1318 65 Haus, der Kayſer ſucht ihn heim mit ſeiner Armee, und bekan

1860 1840 65 71 kah

399 1858 1307 70 endlich gefangen. Auf ſolche Weis zerriß der Schmalckhaldiſche?

1860 1891 54 65 die

397 1908 1281 72 Der Carl von Gent (alſo nennet ihn der Feind) wurd bey

1862 1938 44 64 Ac

402 1958 1363 76 wieder, Allergnaͤdigiſter Rayſer, weil er obſiegte, damit verifeit

1857 1989 76 64 bab

395 2008 179 67 bliebe:

1855 2041 67 102 o.

608 2059 983 109 demper Bona Cauſa Triumphat.

1706 2110 60 65 nt⸗

1865 295 34 65 s
