1935 2499
380 252 93 61 312

939 238 80 79 28

1047 241 239 79 0) Eè-

375 304 1400 68 pert Confirmationem omnium Pririlegiorum, wie er dann auch das

376 356 1396 70 Cloſter in ſonderbaren Schutz genommen. Beede HHertzogen in Bayri

375 405 1391 71 Ernſt und EDilbelm geben unſeren Probſten zu Vograreueb un

376 458 1388 59 Laurterbach, alle Wandel zu ſtraffen, ausgenommen Rord, Dieb

376 510 1383 68 ſtall, und Rothzwang Anno 1200. Regierte von Anno 1297. b.

380 558 984 68 1202. alſo 7. Jahr, 1. Monath, 20. Tag. (d)

513 608 1256 72 Anno 1202. hat Abbt Udalricus Pettendorffer, der zoſte Abbt,

373 658 1382 73 mit dem Stab groſſe Verfolgung und Drangſaal gefunden, dan

375 712 1375 68 weilen der Biſchoff ſoannes, von deme in vorgehenden Capitel Me

372 760 1381 71 dung geſchehen, (wie ſtarck er ſich doch beſtiſſen,) dieſe Election nia

369 814 1381 67 hat invalidiren koͤnnen, hat er den Erwaͤhlten, als Delegatus Ponrit

369 863 1372 68 cius nicht conkirmiren wollen. Kayſer Rupert aber hat ihme die Res

368 912 1376 70 tia verliehen Anno 1105. (e) Udalricus wurd gezwungen die Coi

369 964 1382 71 Eirmation zu Rom zu begehren, () der Biſchoff hintertribs zwaͤ

368 1017 1343 67 nach Kraͤfften, gewann doch nichts, das Cloſter aber ſetzt er in gr

363 1067 1381 65 Unkoſten, indeme der Conkirmations⸗Taͤr allein auf r0;6. Ungariſd

363 1117 1316 71 Gulden ſich erſtreckte. Nach dieſer Beſchwaͤrde, erſinnet der Bt

368 1168 1336 69 ein andere. Aus Anſchaffung Papſt ſoannis XXII. muͤßte das.

363 1216 1371 70 ſter faͤhrlich einem Biſchoff erlegen z0. Pfund Turneiß (Torone-

361 1270 1371 66 ſes, iſt ein Frantzoͤſiſche Muntz) oder ſo viel Gelds Lands⸗Wehrun

362 1320 1321 69 wie cap. 17. gemeldet worden; mit vorigen Biſchoͤffen hat man

1693 1305 48 69 ſiͤ

358 1373 1325 66 deßhalber wohl vergleichen koͤnnen, dann mit 10. Pfund Regen

359 1427 1323 66 ger waren ſie zufrieden. Damit aber dieſer Praͤlat ſeiner Ruhe

356 1479 1301 64 raubet, mortiticiret, und das Cloſter damnihiciret wurde, hat

363 1525 1283 68 muſſen mit groſſer Spela nach Turon ſchicken, und ein ſolche

1708 1504 25 64 s

359 1574 1348 68 heraus bringen laſſen. Die beede Partheyen compromitrirten in He

363 1622 1258 77 Zainrich TLorbbafften Der ſprach, daß anſtatt der z0.

355 1674 1381 72 Corneſer, ein Praͤlat 10. Pfund Regenſpurger, als ein Equivalent

354 1724 1372 72 und wie vor Alters liefern ſolle. Der Vergleich geſchahe Anno 120.

356 1777 1309 75 Mittwoch nach Auguſtini, und hat noch auf dieſe Zeit ſein Valor-

390 1988 419 50 (ꝛ) Originalia in Archivo.

434 2022 366 49 Vide lirteras Ruperti.

1694 2038 32 97 .

390 2056 1254 69 () Rnperrus Romiſcher Kong benilcht Aono 205. dem allbhrelgen Magiſtrar zu Res

418 2097 1190 64 das derſeide Udalricun Addten, und ꝛas Cioſter S. Eanerami wider al geint

418 2142 75 48 ſolle.

376 2165 899 74 (v vn Vergleilchs laſtrunenta Originlia ſeym an Archͤro
