2002 2447
28 270 67 58 um

106 251 55 68 ni

92 312 19 60 ,

51 379 30 51 it

50 420 47 63 ic

106 455 47 65 mn

110 507 39 61 n

735 206 400 74 .18 CO) Ehg--

255 251 1411 90 dermeidter unſeres Gnaͤdigen Herren Gnad, Hulff und Foͤrderung

1576 214 76 66 272

255 304 936 79 ſuͤcht vermoͤcht haͤtten in kein Weis zu fuͤhren.

334 358 1330 75 Bitten darauf mit unterthaͤnigrunverdroſſen⸗willig⸗und freundlichen

258 407 1408 72 Dlenſt Euer aller Gnad, Veſtigkeit und Weisheit geruhen, und wollen

261 456 1403 75 olch VVerwandlung unſers Weeſen und Stands, ſo dem Heil. Reich und

262 505 1399 75 eurſcher Nation nur Nutz, und kein Schaden bringen mag, und unſer

265 558 1392 72 bvermeldte Unterwerffung und Vereinigung mit dem mehr⸗ genann⸗

258 607 1403 74 ſen unſeren Gnaͤdigen Herren Hertzog Albrecht gemacht, von keiner⸗

262 659 1395 69 ey anderen Urſachen, dann allein von unſer groſſen anligenten Noth,

259 709 1397 68 nd ubertreffentlichen Schulden, und beſonders von Vermeydung un⸗

254 736 77 68 erer

349 757 1307 69 Stadi Verderbens, und Zerſtoͤhrlichkeit wegen, beſchehen ſeye,

259 806 1404 77 gnadiglich und in allen beſten verſtehen, uns dardey aller gnaͤdiglichen

259 855 1404 78 Auslegungen bey anderen gunſtlich und gnaͤdiglich entſchuldigen moͤgen.

261 906 1405 72 As wir uns dann deß aller Gnaden und Guts bey Euch ungezweiflet

263 955 1404 74 erſehen, dat wir auch wiederum um Euer aller Enad, und die Eu⸗

261 989 58 63 en

325 1004 1339 87 mit allen Fleiß verdiennen wollen. Datum Samſtag nach

259 1048 600 92 Ot Gilg⸗Tag. Anno 1a86.

346 1189 1207 133 Der Roͤmiſch⸗Eoͤniglich⸗Vertrag

248 1299 1404 103 Lwiſchen der Kayferlichen Majeſtaͤt, und Hertzog

297 1360 1296 106 Albrecht von Bayrn, der Stadr Regenſpurg haiber,

458 1420 980 117 auch der Heſeliſchefft des Eowen⸗ ansgangen.

417 1530 1242 97 er Marimilianus von GOrtes Gnaden Roͤmiſcher Koͤng ꝛc.

412 1587 1247 86 bekennen, als ſich in verſchiedenen Zeiten etwas merckliche

418 1636 1238 91 Speen und Frrung zroiſchen den Aller⸗Durchlaͤnchtigiſten,

281 1685 1379 91 ſroßmaͤchticiſten Fuͤrſten und Herꝛn, Hermn Friderich Roͤmiſchen

259 1736 1398 89 Layſer, zu allen Zetten Mehrern des Reichs, zn Hnngarn⸗ Dalma⸗

255 1764 68 68 ꝛen

331 1790 1329 83 Croatien Koͤnig, Hertzog zu Oeſterreich und Steyer, unſern

258 1828 1403 94 leden Herꝛn und Vattern an einem, und HHertzog Albrechten unſern

261 1880 1396 93 Aden Schwagern und Fuͤrſten anderen Theils, von wegen der Stadt

261 1931 1392 93 fegenſpurg gehoben haben, deſſentwegen der gemeldt unſer Leber Herr

261 1964 57 79 ini

346 1987 1310 88 Zatter der Remiſche Kayſer, gegen genannten Hertzogen Abrecht

259 2032 1394 126 wnairdh Lngnad dedepl, ds De Nenh Det un no nofe e.

869 2096 178 83 Bbb 2

1515 2100 140 69 botten

58 630 37 61 .

114 1151 20 58 2

44 1238 26 42 1

35 1435 31 45 2

50 1530 20 44 9

51 1579 21 46 r

32 1377 18 54 6
