1566 2270
121 118 74 54 10

595 123 32 32 er

656 105 333 72 13.(,0) Zeg-

98 160 1388 72 Lufft gelaſſen, hat er ſeine Uderdliebene bald recolligiret, ein ſtarcken

105 213 1372 69 Frantzoͤſiſchen Succurs bekommen, und wieder ein ſchoͤne Armee zuſam

102 262 1363 68 men gebracht. Die ubrige wenig Monath aber haben die Catholiſa

103 307 1365 92 Volcker unterſchiedlicher Orthen mehr als der Gegentheil prolee,

98 360 105 77 ret..

238 379 1227 106 peſer Krieg hinterließ in Vaytn ein ſchtdͤre weſitent, Se,

98 455 1364 79 Muͤnchen bey 1500. Menſchen, auch allhie zu Regentpurg ein grol

95 508 1330 87 Anzahl hinweg genommen.Ans unſerem Cloſter ſeynd A⸗lgtres,

97 558 416 66 1. Noviz geſtorden.

235 583 1231 95 MHeſes Jehr in auch ein gefaͤhelche Heunſt auf den Herdi

97 644 1357 83 Platz geweſen, iſt aber durch gute Ordͤnung der Stadr nur ein Re

94 699 1267 75 Muͤhl, allwo das Feuer auskommen, in Aſchen gelegt worden.

225 750 1159 76 Der Anfang dieſes 1625. Jahrs ſturtzte den Chur⸗F

95 795 1296 76 Mazimitian in Traurigkeit, indeme er den 2. Fannarii ſeine!

93 844 1298 74 Gemahlin Eliſaberham, gebohrne Hertzogin von Lothringen und2

89 894 1334 74 durch zeitlichen Hintritt verliehren muſſen. Allweilen ſie aber ein

88 944 1350 74 tugendfames Leben gefuͤhrt, und Dero End loͤblich correſpondirt

90 991 1057 74 haben Geine Durchlaucht ſich deſto getroͤſter erzeigt.

225 1041 1187 71 Der Kayſer hat den hieſigen Commendanten avociret, und

88 1087 1327 84 deſſen ſtart verordnet Wolfgang Ferdinand Fitſchen, des Eckenfi

97 1140 893 68 ſchen Regiment zu Fuß beſtellten Leutenant.

223 1186 1229 72 Den 18. Februari bracht. man allhero die Fridlaͤndiſche Adh⸗

90 1237 1364 68 renten, und geweſte Kayſerliche Obriſten ein; darunter vornemt⸗

93 1285 1296 70 Hertzog Tulius von Gachſen, Schaffenberg, und Schaffgorſc

90 1339 1272 64 ariffen waren. Man erwarthete wohl uͤber die 20. Krieas⸗9

1422 1325 27 59 e.

88 1380 1287 76 weilen deren Zuſammenkunfft ſich verweilet, und die Unterhaltun

90 1427 1228 74 ſelben, der erarmten kleinen Burgerſchafft allhie ſchwaͤr fiele

1357 1420 82 73 habe

84 1476 1360 72 etliche von Haus laſſen muſſen. Den 12. Fulit iſt der Obriſt Schaf

90 1523 1348 77 gorſch alihie auf der Heyd ank einer aukgerichten Buͤhn enthaupt mo

84 1573 952 68 den, die uͤbrige haben andere ludicia kuſtiniret.

213 1620 1124 71 Anno 1825. ſeyno durch Befoͤrderung Ferdinandi H. un.

1352 1580 109 97 Anes

87 1672 1254 73 Sohns Ferdinandi I. die Patres Carmetitz Dilealceati allher

1367 1658 94 58 kom⸗

83 1722 1209 67 men, und dem Kanſerlichen Commendanten recommendirei

1304 1706 156 69 worden

80 1763 1372 76 Der Obriſt⸗Wachtmeiſter Colmas Priſebolin, Ritter des Ordens⸗

87 1818 1290 66 foannis, hat ihnen des Ordens⸗HHaus zu S. Leonard allhie, esl

1391 1797 56 68 be

75 1863 1371 82 wohnen bewilliget, bis ſie andere Gelegenheit bekommen moͤchten, aa

78 1914 693 91 wo Le herblieben die tnng 1cao-

1364 1913 92 109 De
