1935 2499
366 262 102 62 326

463 506 1301 75 Nter deſſen, war Biſchoff Nicolaus dem Biſtumb ſehr nutzlich.

375 559 1379 71 Net dann er bezahlte viel Schulden ſeiner Vorfahrer, und loͤſete wi

372 612 1372 72 der ab, alle Schloͤſſer und Veſtungen, ſo ſeine Vorgeher verſe

370 665 1335 61 hatten, und behielt ſelbige unter ſeinem Gewalt, ſo lang er lebte.

370 719 1370 66 lieſſe gieſſen eine ſehr groſſe Glocken die er Unſer Lieben Frauen dedie

373 766 995 67 ret, mit dieſen darein ſormirten Worten:

615 859 935 71 Sanctos collaudo, tonitrua fugo, funera elaudo.

937 941 309 94 Zu Teutſch:

463 1045 1230 93 Die Helligen lob ich, die Werter verſay ich, die Lodra

952 1103 259 82 begrab ich.

502 1212 1219 77 Anno 151a. Nachdeme Kayſer Hainrich der Siebende geit

365 1267 1281 68 ben, vacirte das Reich in die 1a. Monath darumen, weilen

1669 1270 38 58 in

365 1314 1338 70 ſchiedliche die Roͤmiſche Cron afkectirten, und denen die Wahl zuf

365 1367 1269 72 de zu geben, nicht einem jeden Tauglichen hold waren. Doch

363 1417 1251 76 chen ſich endlich die Chur⸗Fuͤrſten zu Franckfurrh, nemlich

1634 1418 67 59 Pet

366 1468 1342 75 Ertz⸗Biſchoff zu Mayntz; Dalduinus, zu Trier; Foannes, Koͤnit

363 1520 1345 72 Boͤhm; Valdemarus, Chur⸗ Fuͤrſt zu Brandenburg; und ſoan

366 1578 1288 63 DHertzog in Sachſen, und erwaͤhlten einhellig Ludovicum, HHertze

363 1621 1283 71 Bayrn, der aber dieſe offerirte Dignitaͤt theils aus Demuth⸗

362 1668 1291 70 aus Hoͤflichkeit, und dann wegen Unvermoͤgens nicht acceprirer

1673 1653 64 72 po.

362 1720 1300 73 te. Allweilen aber die Chur⸗Fuͤrſten die vorgewendte Urſachei

362 1770 1318 75 fuͤr relevant hielten, ſonder dahin kame, daß man Tudovico zuei

369 1828 1229 71 te: Aut impera, aut peri, hat er endlich eingewilliget, undi

370 1872 1258 75 Octob. ( wider Willen Friderici, Hertzogen aus Oeſterreich⸗

1672 1853 76 64 ſein

366 1921 1291 78 rici, Ertz⸗Biſchoffen zu Coͤlln, und Rudolphi, ſein Ehe⸗leil

363 1972 1316 73 Bruder, Hertzog in Bayrn, und Pfaltz⸗ Grafen, die ordentlick

1709 1945 38 72 2

373 2020 1288 77 Wahl Citirt, nicht erſcheinen, noch Geſandte ſchicken wollten

361 2075 1319 68 nonice erwaͤhlet worden. Es waren aber dieſem Kayſer Tudoere

361 2122 1204 102 erſten 6. Jabr nuenuch widerwaͤrns, dann nſtuch Herbos

1676 2092 65 75 rio

900 255 369 69 123 (0) 25g-

904 380 365 93 Incidentia.

1864 359 61 54 nta

1866 394 52 65 ner

1869 441 52 69 B

1878 706 36 60 o

1869 755 46 62 wi

1869 799 38 63 in

1878 849 37 67 er

1876 959 42 58 er

1869 1118 49 50 ze.

1882 1268 25 55 e

1871 1309 45 66 fen

1862 1671 54 94 po

1869 1839 40 125 ;

1865 1985 35 73 9

1862 287 57 67 auf
