1940 2440
313 174 100 63 186

887 168 291 76 1 (0) Et.

309 219 1411 83 rimilian aus Bayrn. In der unteren aber, Ertz⸗Hertzog Albertus⸗

311 281 1406 70 Die denen Pfaltz⸗Grafen noch ſonderbar ſaroriſirten, waren erſtlich

309 334 1403 67 der Graf Ernſt von Mansfelo; naͤchſt dem der Marggraf von Baa⸗

309 380 1405 71 den⸗Durlach; hernach der HHertzog Chriſtian von Braunſchweig⸗

309 429 1403 72 Dieſe angefriſcht von dem Pfaltz⸗Grafen wendeten alle Kraͤfften an,

307 481 1397 70 ihne wieder zu der Chur zu dringen. Es maiſterte aber alle der Bay

306 531 1398 73 riſche General Tillius, der von ihnen viel Sieg erhalten, und ſchoͤnr

310 580 468 65 Veſtungen abnamme.

440 626 1261 76 Auf den 25. November des 1622. Jahrs hat der Kayſer Fer

305 680 1399 72 dinand nacher Regenfpurg einen Chur⸗Fuͤrſten⸗Tag ausgeſchrieben⸗

305 730 1401 71 Ehe er ader ſamt ſeiner Gemahlin, faſt zu End des Jahrs als den 2.

306 779 1391 69 November, allhero kommen, hat er alle Praͤdicanten aus dem Koͤnts

303 826 1388 72 reich Boͤhmen ( als die offene Anſchierer aller Rebellion, und leidige

302 877 1365 77 Kriegs⸗ Weeſen waren) abgeſchafft. Der Einzug des Kayſers al⸗

303 928 368 68 war gar herrlich.

441 978 1259 73 Che nun die Chur⸗und Fuͤrſten zuſammen kommen, iſt der Hoch

300 1030 1395 72 wuͤrdigiſte Fuͤrſt und Biſchoff von Bamberg und Wuͤrhͤburg Hoans⸗

303 1077 1260 68 Godefiridrs von Aſchhauſen den 29. December allhie geſtorden.

439 1126 1248 72 Es erſchienen bey dieſen Comitiis Chur Mayntz und Coͤln. Oi

300 1175 1393 74 von Trier war unpaͤßlich, Chur Gachſen und Chur Brandenburs

299 1229 1379 64 wollten auf dreymahliges und freundliches Einladen des Kgyſers nia

295 1278 1386 72 erſcheinen, damit ſie nicht bey ihren Glaubens⸗Genoſſen darfuͤr ang⸗

299 1332 1377 68 ſehen wurden, als haͤtten ſie zu Abſetzung des Pfaltz⸗Grafen Frio.

299 1379 1344 72 richs von der Chur cooperiret. Von Geiſtlichen Fuͤrſten erſchie

300 1428 1371 71 Galtzburg, und wie oben gemeldt, Bamberg. Von denen Aeltl

299 1478 1375 74 chen der Hertzog Marimitian aus Bayrn; der HHertzog von Neuburs

299 1525 1345 79 der Land⸗Graf von Heſſen, Lndoricus Fidelis; andere Furſten ſaͤ

296 1573 408 68 ten ihre Geſandten.

458 1623 1182 76 zn der Propoſtition, ſo den 7. Jenner geſchehen, leß der &

298 1674 1385 78 ſer neben anderen Puncten des Pfaltzgraff Friderich Verbrechen dene

1621 1710 55 67 es

299 1728 1296 72 Churfuͤrſten und Staͤnden umſtaͤnduch vortragen, und weilen e

1601 1759 81 68 zay

299 1778 1272 75 weaen die Chur verwuͤrckt habe, ſo ſeye er entſchloſſen, den ui

1597 1805 92 69 wohl

296 1827 1271 77 ſerliche Majeſtaͤt, Roͤmiſchen Reich, und gemeinen Weſen,

298 1870 1392 84 verdienten Marimiliano Hertzogen in Bayrn ſelbe zu conleriren

1620 1914 69 58 uno

298 1927 1303 71 Nechſt dieſen ſolte man conlultiren, wie die morus in ungarn,

298 1973 1377 72 Sibenduͤrgen zu verhuten, und man ſich von denen Riderlaͤndiſche

294 2023 1366 97 Enngen benrwadrsd Edndt. Wie vnter lcbledlicher Suͤndey ve1;

1588 2059 64 76 nit

1808 222 115 62 nibus

1809 268 116 73 derbe

1812 368 119 71 der Pr

1811 425 118 67 deweſe

1819 471 91 71 lber,

1811 517 85 75 net,

1816 570 105 71 ten ir

1816 619 115 73 zuch n

1811 671 101 69 mitia

1812 722 118 71 den ne

1822 818 109 76 Biſch

1819 871 100 69 dinan

1807 923 123 63 gebuͤhr

1811 977 96 62 den g

1805 1015 117 76 ſelben

1811 1068 97 69 deric.

1811 1115 119 75 Bayrr

1807 1165 95 68 gen.

1805 1218 128 69 Simme

1813 1268 116 68 Obriſt

1805 1314 126 72 Narſa

1805 1365 99 70 durch

1807 1415 96 66 Len,

1807 1466 126 64 And de

1812 1510 102 67 Vice-

1812 1560 118 78 Abrec

1805 1613 105 66 lien,

1805 1656 117 68 ie &.

1799 1702 134 72 ſertiche

1808 1756 122 74 Anrech

1807 1806 93 68 Chur

1801 1858 76 66 zum

1804 1907 125 68 de Ma-

1807 1954 61 68 unc

1888 1965 39 62 da

1804 1999 74 99 a)
