1959 2500
48 318 92 61 zwi

31 365 117 64 kunten

87 415 46 64 en

52 518 86 66 hor

43 565 90 76 elge

83 618 47 61 rol

38 669 89 69 lend

106 718 17 62 1

800 266 337 79 28 (0) 282

1574 280 84 63 217

257 323 1401 77 den Ausſchwimmenden vom Geſtatt zuruck in die Donau, da er er⸗

257 380 1403 70 auffen muſſen. Der dritte ſaubdere Spieß⸗Geſell wird erſtochen. Die

258 431 1396 64 heilige Hoſtien aber erhebte ehrenbiethig des Faͤrſten Albrecht Caplan,

257 481 1397 71 un welchen Orth nachmahls ein Kirch erbauet worden, welche annoch

255 519 61 72 mit

327 533 1330 71 ſchuldiger Gedaͤchtnuß und Chrerbiethung beſucht wird. Ita Aven-

255 572 111 68 tinus.

257 684 1397 70 ſnuthziger worden, in das Land gefallen, und haben von Regenſpurg

376 631 1284 69 Hierauf ſeynd die Burger, und ihre Bunds⸗ Verwandte deſto

261 720 100 71 ms,

365 738 1295 57 bis an den Lech, mit Nauben und Bluͤnderen jedermann be⸗

261 784 1397 72 ſhaͤdiget, die Schloͤſſer verbrennt, und dem Gluͤck ſo lang gehaͤngt,

266 836 1395 72 is es ſich wider von ihnen gewendet, da ſie dann auch ſchwaͤren Scha⸗

266 887 1392 71 en gelitten, ſonderlich weil der unruhige Kayſer Venceslaus, ſo ih⸗

262 940 1399 73 en zu dieſem Krieg Befelch. und Anleitung geden, nicht dey ihnen ge⸗

259 973 128 71 halten.

262 1087 1399 71 Magiſtrar ſetzte den Koyf Welſchen Wein per 2. Dfen. Den Elſaſ⸗

379 1038 1284 68 In dieſem Jahr war ein groſſe Wohlfeile des Getrayds. DDer

270 1138 1390 68 er um 3. Pfen. Francken⸗ und Neckar⸗Wein um z. Hoͤlbling.

273 1188 1390 71 payriſch 2. Koͤpff per 1. Pfen. 2. Koͤpff Bier per 1. Pfen. Die

268 1238 1392 75 Gaͤrrh, ſo uͤber dieſen Satz ſchreiten wurden, hielte man fuͤr meiney⸗

279 1293 1089 70 8, und ſtraffte ſie noch per 22. Pfund Regenſpurger.

376 1348 1287 61 Eben in dieſem Jahr unterſtunden ſich etliche Auslaͤndiſche vom

270 1393 1394 68 Adel um dieſe Stadt zu beuthen, und zu rauben. Trieben denen

277 1443 1384 66 durgern das Vieh von der Weyd hinweg. Worauf dieſe ausgefal⸗

263 1490 1398 73 een, derer Rauber theils erlegt, theils gefangen, und haben das ihri⸗

266 1531 263 78 ze eingehollet.

379 1594 1284 71 Nach ob⸗ erzehlter Eroberung Donauſtauff, haben die Herto⸗

261 1640 1397 79 gen Anno 1389. die Stadt am Hof (ſo dem edlen Hannſen Zenger,

273 1679 67 66 em

339 1697 1324 64 Reichen, der ein guter Freund und Bunds⸗Genoß deren Regen⸗

265 1745 1399 73 ſpurgern geweſen, verſetzt war) ausgepunderet, und angezuͤndet.

270 1795 1398 74 Zernog Albrecht aus Oeſterreich machte aber Fried; doch mußten die

273 1845 1391 71 ſsgenſpurger dem Hertzogen ein Schuld von 1000. Ducaten nach⸗

273 1893 1392 70 Nen, und dem Fenger ein Vergeltung thun. Hierdurch beede von

265 1925 68 69 ꝛew

355 1948 1309 68 Hertzogen aus Bayrn dieſem denger verſetzt geweſte Staͤdt TTeu⸗

266 1973 64 65 nar

329 1995 1329 74 , an der Donau, und Sradr am Hof zuruck an das HHochloͤbliche

270 2023 106 70 Daus

377 2047 351 65 Bayrn kommen.

390 2098 1271 71 Hertzog Hiderich in Bayrn bewegte Kanſer enceslaum, daß er

266 2143 1391 84 tang tniegende Parthzeyen deren Reichs⸗ Fhrſten mit dened Renie,

916 2206 131 75 Xr 2

1514 2194 144 81 Staͤd⸗

86 966 29 64 e

72 1075 44 56 gu

51 1166 74 75 heus

36 1231 69 64 als

22 1268 100 76 mndert

27 1322 81 80 heile

34 1380 75 60 ꝛm:

18 1425 72 73 naf

27 1577 59 75 uc

20 1638 55 59 zei

65 1720 50 59 det

62 1766 60 61 wie

56 1811 67 72 daß

38 1866 77 71 ꝛtet

72 1929 18 50 ,

43 1970 59 68 aut

26 2036 36 54 lt
