1571 2270
151 153 1382 111 cher deren Haͤuſern ſich Aalviren muͤſſen. Es geſchahe durch Groͤſſe des

826 129 76 60 0)

962 133 73 64 zg-

1453 151 81 57 187

155 204 1373 103 Waſſers haͤuffiger Schaden, die Bruͤcken zerriſſen, wurden dort⸗ und

146 247 1383 116 dahin gefuͤhret. Die Weeg waren unbrauchbar. Das Waſſer ſtie⸗

143 301 1383 110 ge bis zu den goldenen Stern, und Sonnen in der Stadt herauf.

142 348 1383 114 Das Vind⸗ Geſtuͤrm dauerte bis Abends um 10. Uhr. Das Waſ⸗

141 394 1385 114 ſer iſt den 22. gefallen, aber eben dieſen 22. Fag fiele gleich wiede⸗

137 445 1388 109 rum ein tieffer Schnee. Einige vermeinten, es waͤre dieſes Wind⸗

135 493 1386 107 Geſtuͤrm vielmehr ein Erdbiden zu nennen geweſen, dann die Erden

135 537 1383 109 an den 20. Decembris Nachmittag ſich alſo eroͤffnet, daß die Mauern zu

132 587 1387 110 ſchwitzen angefangen, und das haͤuffige Waſſer von ſelben herab ge⸗

131 635 1385 111 floſſen. Die Gemahlde in denen Kirchen, Altaͤren waren voll Waſ⸗

128 678 292 71 ſer und Naͤſſe:

129 730 1382 113 unſeres Stiffts (allwo das Priorat iſt) haͤuffig ſchwitzete. Der

437 696 1079 102 ſo gar ſahe man, wie das Pflaſter des mitteren Stocks

124 779 1388 112 Creutz⸗Gang ware gleichſam mit Waſſer ubergoſſen. Als aber der

126 828 1384 107 Wind ſich geleget, fangte gleich alles wiederum an zu trucknen, und

124 881 1386 106 ware des anderen Tags in der Fruhe der Crentz⸗Gang, bey uns ſchon

122 925 402 72 wiederumen trocken.

249 976 1253 107 Da Carolus VL. Roͤmiſcher Kayſer mit Todt abgangen, ware

117 1020 1383 111 Tirl. Titl. ſoleph Fuͤrſt von Fuͤrſtenberg, Kayſerlicher Principal⸗Com-

113 1074 1386 102 miſlarius von Regenſpurg abweſend, und iſt derſelbe auch nicht mehr

112 1126 1384 97 in Regenſpurg erſchienen. Titl. Titl. einige HHerren Abgeſandten ha⸗

109 1174 1382 97 ben ſich miteinander unterredet, daß ſie allhier auf weitere Ordre

108 1216 1382 101 beyſammen verbleiben wollen, ſo auch geſchehen. Was wegen den

105 1266 1380 104 Reichs⸗ Vicariat alsdann ſich zugetragen, iſt ohnehin ſattſam bekannt,

104 1311 1384 109 und in denen verſchiedenen Hiſtoricis zu leſen. Dergleichen Reichs⸗

108 1364 1379 106 Vicariats-Patenten, ſeynd nebſt einen Schreiben von beyden HHochen

104 1411 1381 103 Chur⸗Fuͤrſten in Bayrn und Pfaltz, unterſchriebener nach S. Emme-

103 1470 1377 91 ram, wie auch in andere Stiffter allhier in Regenſpurg ankommen.

102 1515 1378 106 Solche Patenten wurden von denen Stifftern an gehoͤrige Orth an⸗

99 1565 205 65 gehangen.

235 1615 1241 88 Den 16. 17. 18. Fenner waren bey S. Emmeram die ſolenne

95 1657 1381 100 Exequien vor den verſtordenen Kayſer Carl den Sechſten, aber ohne

98 1706 1374 97 Predig. Bey welchen Titl. Titl. Seine Excellences Herꝛ Baron vnn

99 1755 1369 111 Plettenberg, und Her Baron von Palm als Oeſterreichiſche Geſandte

97 1808 209 69 erſchienen.

225 1860 1229 94 Den 12. Mert 1721. wurde gebohren ſolephus, Benedictus.

95 1904 1363 107 Auguſtus, loannes, Antonius, Michael, Adam &c. Erh⸗ Hertzog

685 1976 171 69 Eeee 2

1408 1998 54 75 in
