1991 2551
720 277 11 43 .

775 266 67 74 13

856 267 251 73 (0) Lotz-

198 318 1411 71 einige gelehrte Commentarii der Regel S. Benedicti, daß der Genuß deren

198 364 1408 73 ſliegenden Thieren dieſen Moͤnchen nit verbotten warc. (ET) ſoannes Tegern-

198 406 1410 74 beck Abbt zu St. Emmeram bekame von Rom die Erlandnntz Anno 1275, daß er

192 447 1410 83 auſſer dem Rekectorio mit 3. Religiolen, und auf der Reiß etwas von Fleiſch

191 498 1414 68 eſſen koͤnte. Lconardo Abbten wurde Anno 1525. die Diſpenlation von Rom

190 535 1412 70 ertheilt, daß er mit ſeinen Bruͤdern, am Sonntag, Erchtag, und Donnerſtaa ſol-

190 585 1412 68 ches genuͤſſen doͤrffte. Eralmus Abbt erhielte auch die Erlanbnnß (ob Malitiam

190 622 1415 73 temporum) Anno 1521. daß derſelbe ſemnen Religioſen ſolches zn eſſen geſtatten

188 663 1414 79 koͤnte. Die Originalia ſolcher ertheilten Diſpenlationen ſennd noch alle in dem

188 708 1413 79 Abbteylichen Archivo zu ſinden. Diejenige, ſo einen Serupel und Zweiſel haben,

190 756 1412 74 warumen denen Moͤnchen in denen alten Zeiten von denen ſliegenden, nit aber ron

187 795 1414 82 denen vierfuͤßigen Thieren zu eſſen erlaubt worden, koͤnnen das mehrere dey Calme-

187 837 221 65 to leſen. (29

299 877 1302 81 Enduͤch ſchluͤſſet Arnoldus ſeine Erzehlung von der Lebens⸗Art deren Moͤn⸗

184 929 1414 78 chen zu St. Emmeram, und ſager: lIm uͤbrigen lebten die HIoͤnch allda

182 975 1416 85 nach denen Gewohnheiten deren Roͤniglichen Cloͤſtern.H In dieſen

182 1024 1414 85 Zeiten waren ABBATTEREGALES, und EPISCOPALES, Koͤniglich⸗

182 1074 1411 90 und Biſchoͤffliche Abbteyen. Jene waren von denen Koͤnigen, und Herts⸗

182 1123 1413 80 gen, die andere von denen Biſchoͤffen geſtifftrt. In denen Koͤniglichen Abdecyen

181 1170 1412 72 koͤnte ſich ein Biſchoff in die Wahl eines Abbtens nit einmiſchen, weder ctwas in

188 1214 1404 71 (hh, Rerwaltung deren Guͤtern allda anordnen. In die Koͤnigliche Abbteyen vnr⸗

180 1255 1408 81 den Koͤnigliche Abgeordnete (Miſti Dominici) abgeſchicket, allda nachzuſehen,

180 1301 1409 73 und wegen denen Einkuͤnfſten Rechenſchafſt zu ſordern. Die Aebdte und Adbuſinen

180 1343 1404 74 gurden nach Geduncken deren Koͤnigen ꝛc. deſtelet, (ii) obwohlen die Moͤnch anc

177 1384 1408 74 dißweilen die frepe Vahl hatten. Carolus Magnus hatte nach Abſetzung Waſt-

175 1425 1413 77 lonis, das Cloſter S. Emmerami in ſeinen Koͤniglichen Schutz genommen, wie

173 1465 819 64 ſolches aus deſſen Diplomate (1) zu'erſehen.

285 1507 1301 84 Ludoricus, ein Sohn ARNOLFI des Kayſers, beſtaͤttigte dem Eloſter

177 1549 1409 83 S. Emmerami Anno qoz. alle Privilegia und Vuͤrden, deren fuaͤrnchmnſten Abs⸗

171 1595 1415 88 teyen in Reich. (11) In dem Tridentiniſchen Concilio wurde denen Biſchoͤffen⸗

171 1639 1411 88 als Delegatis Pontifeiit, der Gewalt gegeben, iene geiſtuche Oerter zu rilitiren,

173 1685 1411 85 delche unter Koͤnalichen Schut ſtehen, jedoch ſolen ne ſolches ohne Erlaudnnß d⸗

173 1730 1408 82 ten Fanſer oder Koͤnig nit ihun. Non tamen, que lunr lnb Regum imme-

171 1767 838 85 diata Prorectione Eine eorum licentia. (mm)

1456 1836 128 87 Von

198 1978 286 61 (EL) Calmer Tdia.

198 2015 207 55 (eg) Lbider.

197 2054 1297 88 (nd) Thomailinus de veteri & nova Dileiylim. varte 1. lid. 5. car. ꝛ7. nam. 1. ce-

197 2091 832 84 (O Thomulil. parte 1T. lib. 11. cnP. 28. num. 2. & 1.

195 2124 621 78 (t) Vide Divloma Caroli Magni inkra.

195 2158 538 75 (I) Vide Diploma Ludovriet indra.

195 2193 338 67 (umn) Seil. 22. e2r. 2.
