1935 2499
893 227 359 70 .S (0) Eb

380 227 96 64 272

373 277 1405 75 letzte Hertzog in Schwaben, ob hochgedachten Ottoni⸗ Bertzogen uͤ

372 334 1396 67 Bayrn, eꝛ Filia Elilaberha Nepos, und Fridericus Hertzog in Oeſter

375 384 1390 68 reich, aus Anordnung und Befelch Caroli Andegarenſis zu Neapol

372 433 1393 73 hingerichtet worden. Dieſe beede Hochfuͤrſtliche Printzen hat das Jah

375 487 1391 68 vorhero ſoannes Frangipanius Nobilis Romanus, Commendant, ode.

375 537 1383 72 Gubernator zu Aſtura, auf dem Weer gefangen, und in die HHaͤnd s

373 585 1057 73 dachten Koͤnigs Caroli, mithin alſo in Todt geben.

515 637 1251 72 Nun hat ſich Anno 1670. auch Franciſcus Frangipan neben dent

377 690 1384 69 Deter Serin, und denen anderen Ungariſchen Rebellen unterſtanden,

373 741 1385 68 gegen den allerguitigiſten und ſrommeſten Kayſer Leopoldum 1 Koͤnd

369 791 1360 65 in Ungarn und Boͤhm, Ertz⸗ Hertzogen zu Deſterreich ꝛc. deraleic

370 841 1384 61 gefaͤhrliche Machinariones, und Conſpirariones zu tentiren, den

369 887 1354 73 es gleichwohl die Guͤtigkeit GOttes ſo weit nicht verhenger, das

368 942 1353 68 und ſeine Complices ihre loſe, und zu Ertirpirung des Hoͤchſt⸗loͤ

368 991 1387 72 chen Teutſchen Haus Oeſterreich angezihlte Blut⸗degierige Inrenrion

369 1045 1345 65 gleichwie obgedachter ſein Vatter, oder Progenitor ſoann Frangi

365 1092 1372 63 haͤrte zu Werck richten, und vollbringen moͤgen, ſonder die Nſmnas

363 1143 1385 71 GOttes ( in deren Protection HHoͤchſt⸗loͤblich⸗ gedachtes Ertz⸗HHaus

365 1193 1369 62 usque ad Finem ſaculi, juxta notos Caracteres 2. v. LO. 17 vide-

361 1241 1372 75 cer Auſtria erit in orbe ultima, ſtehen und verbleiden thut) hata

358 1293 1363 71 derſt, und zwar dergeſtalten wunderdarlich dilponiret, daßz beſas

356 1343 1359 74 Frangipan, und ſeine Nit⸗Geſpaͤnn (ſo alle von mehr Hoͤchſt⸗ermi

358 1395 1390 72 ten Haus Deſterreich unzahlbare und hoͤchſte Gnaden empfangen

359 1453 1325 60 und doch deren alle vergeſſen haben) in die Haͤnd Geiner Kayſer.

359 1499 1346 69 Majeſtaͤt gerathen, welcher ſodann nach gefuͤhrten jaͤhrigen Procell

1715 1538 38 100 .

356 1547 1342 73 der Oeſterreichiſchen Neuſtadt, wegen ſo verſtandenen ſeinen verbres

359 1595 1325 76 und deleydigter Majeſtaͤt Anno 1871. mit dem Schwerd gericht,

355 1645 1364 76 hierdurch nach gerechter Goͤtrlicher Vindicta, das jenig an ihme.

356 1699 1326 71 ſtrafft, was von demſelben verſchuldt worden; ob nicht etwann 6

1697 1736 53 106 ,

355 1750 1303 67 noch in gedachten ſoannis Erangipan poſteris, und Nachkoͤmm.

352 1804 1284 68 nemlich in ermeloren Francilco Frangipan, doch nicht ohne ſet

1639 1842 100 66 ihren

358 1850 1236 75 eigen Verbrechen, und Verſchulden, nach verfloſſenen a02.

354 1902 1247 74 Friderici, HHerhzogen von Oeſterreich, und Letzten von des

354 1950 1251 76 Leopoldi Geſchlecht, unſchuldiges Blut habe vindiciren laſſen

1618 1960 25 47 1

352 2001 1370 74 Dergleichen Erempel mehr, und in lpecie dey unſeren heiligen Em

350 2050 1368 76 ramo vorhanden, deſſen unſchuldig, und heilige Marter in des La⸗

355 2099 1356 97 tern Geſchlecht, nach vergangenen ꝛoo. Jahren, als von GOrt,

1608 2153 53 100 2
