1566 2270
606 126 40 51 a.

673 126 310 65 1 (0) 222

117 132 68 58 76

100 166 1377 86 DDer Titul dieſes Buchs iſt, Denedidiniſches Welt⸗TDunder vorge

105 225 785 75 ſtellet in ꝛc. S. Valburga Sc. 1716.

238 267 1248 78 Da Anſelmus Abbt in Durctgehung deren alten Documenten

102 320 1380 74 befunden, daß vor einig hundert Jahren die Aebbte zu S. Emmeran

103 370 1375 72 mit dem Reichs⸗ Fuͤrſten⸗Titnl von denen Kayſeren begnaͤdiget wot

103 418 1378 73 den, ſuchte er zu Ehren des heiligen Emmerami dieſe Wuͤrde den

1384 455 99 59 Ron

107 470 1250 74 Stifft wieder zu erlangen, welches auch geſchehen Anno 1752.

103 514 1365 77 dieſem und vielen anderen, ſo Ticl. Anſelmus Sc. waͤhrend ſeiner Re

1388 548 85 68 nach

105 568 1250 73 gierung bewurcket hat, ſolle hernach unter denen (Ineidentien

1438 599 38 64 e.

109 617 1305 72 folgenden Anmerckungen ein mehrere Meldung geſchehen Ind

1414 648 64 65 um

103 665 1310 67 muß ich nothwendig beyfuͤgen, daß dieſe Muͤhe, ſo ſich Anſelmnus

1460 697 12 52 1

104 713 1332 72 Erhaltung dieſer Wuͤrde gegeben, keinesweegs von einen Ehrſuͤchtil

104 761 1349 66 Gemuͤth herkommen ſeye, dann von jedermann, wer nur immer n

1414 799 44 57 ne

111 813 1304 67 denſelben umgehen muͤßte, deſſen ſanfftmuͤthige und demuͤthige Leb

103 857 1365 73 Arth angeruhmet worden. Endlichen nachdem derſelbe ſich beſtaͤnd

104 908 1308 70 vor die Chre des groſſen heiligen Schutz⸗Patrons S. Emmerami

1424 938 47 67 ul

103 962 1305 63 eyfferet, iſt er nach 8⸗ taͤgiger Kranckheit, ſo von einem Schlag⸗

104 1013 1296 61 den Anfang genommen, in Vigilia, am Vor⸗Abend des heiltgen

1428 1039 40 59 ꝛt

105 1058 1299 63 merami den 27. Septembris in Herꝛn entſchlaffen. Seine Grat

103 1107 1315 57 bekame er unweit des alten Grabs S. Emmerami, in der kleinen Gi

107 1155 1166 70 in S. Georgii-Capellen, unter dem heiligen Creutz⸗Altar.

184 1408 1274 78 Nno 1725. wurde beo denen Herren Minoriten alhie die Kirohe

111 1471 1282 58 AA gantz erneueret, alsdann ein ſchoͤne Orgel ober den Eingant

1415 1449 47 63 zul

113 1518 1262 62 geſetzet, und neue Altaͤr verfertiget. Den 20. Auguſt ſtarbe ir

1401 1500 71 71 ine

108 1565 1285 64 Reſidence zu S. Emmeram Ahro Eminence Tirl. Cardinal

1410 1544 68 61 por

112 1610 1283 67 Sachſenzeitz Tirl. Kayſerlicher Principal-Commillarius auf auhi⸗

112 1660 1282 66 Reichs⸗Fag. Und indeme in Regenſpurg weirers keine GOtres⸗

1415 1653 23 52 e

111 1708 1277 62 gehalten, ſondern der Leichnam mit ſolennen Ceremonien aul

1415 1686 63 63 dae

113 1757 1276 66 Waſſer bis zu den Schiff ſollte getragen werden, ols wurde die

1410 1745 24 58 2

111 1805 1308 69 ſtalt zu dieſer Proceſlion gemacht, indeſſen der Leichnam vorhere

116 1855 1292 65 Fag lang in dero zugerichten Zimmern offentlich ausgeſetzet, unt

1425 1828 52 61 die

113 1897 1367 114 peiios Reſen vei ſed Nach Do Hiehuao drerer Ladeo tepir ae-

1415 1932 71 64 den

632 1291 352 76 Incidentia.
