1991 2551
693 238 123 82 -88

866 238 225 79 0) Eoͤg-

192 290 1418 81 ta, Veritate dileulla dirimere curaremus: vobis quldem eadem apud

192 348 1410 71 vos elle dicentibus; ciribus antem aur incolis urbis prœfatz adſtruen-

192 401 1414 69 tibus, ea per invictillimum Arnulphum quondam Imperatorem ad Ec-

188 452 1420 68 cleliam Beari Mart vris Emmerami elle translata, ibidemque deinceps

190 503 1416 66 contineri, gur quidem inibi ſita eſt. arque ab omni lubjettione ac

190 551 1412 71 jurisdiſtione libera, & erempra, ad lus & proprietatem B. Petri,

191 600 1414 71 Apoſtolicrdue ſedis immediate pertinere dignoſcitur, oblatione vide-

191 653 1414 68 licet Excellentillimi, Romanorum Imperatoris Caroli Magni, ac

191 704 1412 68 Poſterorum iplius, qui eidem hactenus ſuccellerunt Seu in Imperio,

191 753 1417 61 leu in Regno Id iplum nihilominus Venerabilis Abbas Reginhar-

192 807 1416 67 dus ac fratres ejusdem Ecclekir, cum univerlirate Ratisponenli in-

192 856 1416 69 ſtantiflime petiverunt fieri. Nos ergo ntriusque partis precibus in-

192 907 1413 70 elinati, nec volentes ulteriuͤs corda fidelium dubii hujus ambigno

197 963 1412 65 caligare: in Fratrum noſtrorum ac plurium Epiſcoporum ac Erœla-

197 1010 1411 68 torum prelentià & conlpectà ſcripturà Arnulphi Anguſti, ordinem-

198 1064 1410 62 que rei diligentiffimè perlegentes, nec eo contenti, caplas, thecas,

199 1108 1410 69 & ſcrinia, in quibus lacræ reliquig condite dicebantur, ac tirulos

202 1159 1407 72 A Epigrammata corundem oculo tenuͤs Solerti eraminatione dilcu-

198 1210 1411 72 tiendo; nihilque omittendo, quod ad indagationem certitudinis per-

198 1264 1414 68 tiner, ram Imperialibus quaͤm Papalibus Anreceſlorum noſtrorum lit-

199 1313 1411 70 teris ſuthicienter inſtructi: picturis quogne parierum multiplicibus

199 1366 1410 63 & ſculpruris veruſtiſtimis erprimentibus indicia veritatis & notas

194 1411 1415 67 indubirara fide comperimus: dicti doctoris & Martvris olla vene-

192 1458 1416 69 rabilia (enceptà parricnlaͤ unica ſimiliter & minima manus deXtre)

197 1507 1412 71 apud memoratum B. Emmerami cœnobium integraliter contineri.

198 1558 1412 74 Erenim ne reſtimonia hominum, quæ iam dinimns, non lucthcerent⸗

202 1612 1410 73 Divina quoque non detuere prodigia, & porrenta, quæ dubium omne

201 1663 1408 74 penituͤs abegerunt: qur nos quoque conleribi jullimus diligenter,

205 1717 1411 71 robisgne transmirti, per veltros nuntios & legatos, nec non apud

205 1765 1408 78 Eecleliam pradidam conlervari, ut & ad poſteros geſtæ rei notitia

202 1815 1411 76 de ducatar, N ulterius litigandi materia penitus conquieſcar. Inluper

205 1869 1408 69 ctiam diſtride prœcipimus ſtatnentes, ur translatrionis ipſius vene-

205 1918 1408 71 fanda lolennitas, tam à trarribus eius dem Eccleſia, quam ab univerlis ur-

209 1969 1404 71 sis zam dictœ, annis lingnlis cum omni jucunditare & gaudio celebrerur,

209 2020 1407 71 oragne tripudiet Regio Germanorum tanti Patris atgne Patroni ad-

215 2071 1400 73 enrui non ingrata. Vos autem in domino flii dilectillimi ReꝛFran-

215 2122 1400 87 drum, tuigne Edeles, guamris inridendi Teutonie gaudio vider-

908 2178 87 66 J;

1503 2172 110 68 mini
