1935 2499
375 206 86 88 z8.

976 206 296 89 S (o) Z-

725 377 709 81 dA 1L. L Ah I..

507 477 1259 85 Achdem obbemelter Abbt Ulrich ſeiner Dignitaͤt entſeszt, und is

519 533 1249 77 das Cloſter Ainhauſen verwiſen worden, hat man Piderievs

416 551 57 94 e

513 581 1251 82 von Ceurn (den 27ſten Abbten) erwaͤhlt, der regierte nur 8.

366 634 1393 78 Jahr, ſtarb Anno 1271. und findt ſich ſein Begraͤbnuß in S. Colo-

365 684 1399 79 manni Capellen. Sein Vorfahrer impetrirte von dem Paͤbſtlichen

366 731 1392 85 Stuhl den Gebrauch der Inful fuͤͤr ſich. Dieſer aber erhielts fuͤr ſuͤ

359 784 1400 82 und ſeine Succeſſores. (E) Er erlangt auch von Pabſt Gregorio?

362 835 1395 82 Anno 1271. Privilegium luper decimas Novalium, und Conſirms,

368 888 1229 71 tionem omnium Privilegiorum. (a)O..

475 934 1279 80 Nach dieſes Praͤlaten Ableiben kam an ſein Stel UdslrieusiV

359 984 1394 87 in der Zahl (der 28ſte,) die Inful hat er kaum aufgeſetzt, da ha

358 1035 1389 88 der Todt ihme ſelbe abgehebt: dann er regierte nur z. Monath, un

356 1089 1397 81 9. Tag. Worauf das Convent unſers Cloſters Haymonem (an de

356 1139 1392 84 Zahl den 2yſten) erwaͤhlt Dieſer gefiele dem Biſchoff nit, wols

358 1192 1367 79 lrolfoangum intrudirn; dieweilen man dieſen nit wolte annehmen, h

355 1239 1386 82 er das Convent (aber wohl vergebentlich) eꝛcommunicirt. Haymoi

355 1288 1388 86 beſchuͤtzte des Cloſters Freyheit nach Vermoͤgen, uͤbergab aber endlis

359 1342 1346 83 nach z. Fahr, z. Monath, 29. Tag die Abbteyliche Gorg. Iſt.

358 1399 1346 76 der vorbenennte Noltgangus (als zoſter Abbt) noch zukommen.

359 1442 1184 85 dieſe Wuͤrde genoſſen z. Jahr, 2. Monath, und 1. Taͤg.

872 1507 354 56 Lr..

1616 1542 121 93 Inci

376 1717 1307 68 (O) Unter Clemente TV. deklagten Ach die Giſchoffe, das die Aebbte, welche das Peivil.

1722 1714 15 45 .

409 1756 1262 68 hatten die Enful zu tragen, in denen Conciliis nnd Syaodis, von denen Diſchsffen nncht un.

412 1795 1278 63 den waͤren. Dahero befahle Clemens IV, daß dic arempten Aebdte in denen Synodis emn⸗

412 1835 1210 61 Gold geſtickten Inful, ader ohne Edelgeſtein ꝛ. de jenige aber, ſo nicht evempr ſodren

1648 1829 60 50 einer

412 1871 1189 56 meinen Inful ſch gedrauchen toͤnnten. Aber auſſer den Synodo. an anderen Orrher

1658 1865 36 46 ꝛti

394 1906 1309 62 ſolchr Infuln haben, we es dre Paͤoſrliche Erlaudnuß mit ſich brmnge. Alſo ſacobus Sirmunda

415 1939 1244 71 Notis aad Gorfridum. und diſes mag du Gelegenhrit gemeſen ſeyn, daß FEridericus..

416 1971 739 74 Rachtolger den Gedrauch der Inful dehauyter haben.

390 2007 385 60 (a) Originale in Archiro.

393 2031 1276 90 ꝛcte Adnn Feicicd ſrn gurden d clsſis Lcrerdit, w da chss Rohe,

1711 2079 11 38 :

409 2096 1248 60 gleich gemacht, Kranſt deſſen, das Lentere raͤbruich ( quingue Serdas Sigali. & quinqu-

1700 2106 23 52 le

409 2132 1252 58 nr) 1. Schaͤſtel Korn, und . Schanf Hadern, & decein ſolidor longos Rꝛrisbonen

413 2164 1283 87 nnts. nacd d E nnerenvnra chnd hett. Deſteit arſcden dano ꝛꝛbe Dlsuelein ars

1886 587 37 61 5i

1876 635 42 66 ul

1873 684 53 65 ſtaͤ

1875 738 46 56 De

1883 1454 18 45 e

1884 1482 20 61 ,

1890 1549 17 51 .

1883 1592 26 100 1
