1571 2270
709 110 75 77 i8

802 110 232 71 O) Ehz-

1443 116 72 58 175

142 209 1372 72 Ober⸗Munſter zu einer Furſtin erwaͤblet, Maria Anna Magdalena von

267 156 1248 77 Den 22. Novembris 1719. wurde in den Fuͤrſtlichen Stiffe

141 259 1369 62 Dondorſr &c. GOtt verleyhe deroſelbden eine noch lang waͤhrende be⸗

140 307 439 71 gluͤcktiſte Regierung.

266 384 1245 70 Anno 1720. den 2. Jenner ſtarbe Titl. Herr Placidus Hem-

136 431 1374 67 wing. Abbt zu S. ſacob bey denen Herren Schotten allhier in Reaen⸗

135 484 1374 62 ſpurg. Ihme ſuccedirte den 25. ſulii 1720. Titl. D. P. Maurus

131 533 1378 62 Stuart, ein eyffriger, beruͤhmter Miſlionarius &c. welcher aber den

140 580 1365 63 12. Decembris dieſes Zahr noch mit Todt abgangen. Den 12. Fe-

132 630 1373 63 bruarii 1721. wurde erwaͤhlt D. P. Bernardus ein frommer, gelehr⸗

128 677 523 83 ter, und haͤußlicher Herr.

133 739 53 60 .

259 742 1236 85 Nach erfolgten Todrfan der Kaoſerin Eleonore, Leopodi,

124 805 1372 62 dritten Gemahlin, ſo Anno 1720. in Wienn verſtorben, wurden all⸗

123 855 1368 65 bier in Regenſpurg die ſolenne GOttes⸗Dienſt nebſt Leich⸗Predig,

123 900 1367 78 ſowohl in hohen Thumb⸗ Stifft, als zu S. Emmeram, Nider⸗ uno

121 955 502 86 Ober⸗ Muͤnſter gehelten.

249 1027 1241 73 Den 23. ſunii 1720. kame mehrmahlen die Stadt Burglen;

119 1080 1367 76 genfeld in einer herrlichen offentlichen Proceſlion zu den Grab S. Wolk

119 1140 518 63 gangi nach S. Emmeram.

244 1205 1242 81 Auf erfolgten toͤdtlichen Hintritt ſoannæ Francilce von Nug⸗

113 1257 1370 75 genthal, Fuͤrſtin zu Nidermuͤnſter, welche den 192. Fenner 1697. er⸗

113 1309 1369 69 waͤhlet worden, iſt den 27. April 1722. als Fuͤrſtin ſuccediret, Titl.

109 1358 1371 70 Maria Catharina Helena Graͤfin von Aham, welcher GOtt noch fer⸗

111 1408 979 78 ners ein gluͤckſeeligiſte Regierung verleyhen wolle.

237 1465 1241 98 Den z. OCtober 1722. wore zu Wienn das Beylager Csroli

109 1532 1366 80 Aldert Durchlaͤuchtigiſten Chur⸗Printzens und Hertzogens aus Bayrn⸗

107 1578 1368 85 mit der Durchlaͤuchtigiſten Ertz⸗HHertzogin Maria Amalia, Kayſers ſo-

107 1634 1370 77 lephi anderten Printzeßin Tochter. Den 7. tratten beyde Hoche Ver⸗

105 1676 1367 84 maͤhlte ihre Reis nach Muͤnchen an Die Beſchreibung dieſes Fren⸗

109 1726 1361 79 den⸗Feſts, ſo hinnach in Muͤnchen begangen worden, hat in Fran⸗

108 1775 1360 78 tzoͤſiſcher Sprach beſchrieben A. R. P. Petrus de Bretagne, Ord. Ere-

105 1824 1366 80 mit. S. Augultini, weche Beſchreibung hernach in das Teutſche uber⸗

107 1868 1361 111 Evet worden Dahero unndthio ſ⸗ von deſer Eoſtrutdͤt enwoe

105 1930 377 99 der zu widerhollen⸗

745 1992 187 68 Ceee ,

1361 1955 111 84 Den
