1923 2446
744 173 118 89 2128

1038 173 109 85 ez-

55 218 161 76 daruntes

375 222 1284 100 Anno i za7. um wilen dieſe Gtaot Regentpurg vieie groſſe uns

81 278 121 67 Willet

263 293 1397 79 dichtige Gebaͤn zu fuhren und zu unterhalten benoͤthigt, iſt ein Loͤbl.

38 330 160 70 dt als e

263 346 1397 77 Dau⸗ Amt angeſtellet worden, deſſen Director ein Stadt⸗Camme⸗

43 377 156 75 boch al

260 390 1400 96 ter iſt, der hat Alleſlores, einen von den Inneren Rath, und 2. von

47 429 151 68 hne notl

260 442 1154 104 ei Bemeind⸗ neben einem Ban⸗ Schreider und Diener.

1542 493 45 50 1

47 532 150 67 war a

375 524 1284 99 1ano 1 128. den s Augugt, in Ceodroies, von demn vornehmen

70 580 124 69 Reid

265 591 1392 84 Heſchlecht deren Reichs⸗Marſchalen von Dappenbeimb, Canonicus

78 630 120 71 ſer lat

259 646 1400 79 ahie, und Domb⸗Dechant zu Aichſtaͤt, zum Biſchoff erwaͤhlet wor⸗

70 693 89 59 ellen

266 697 1390 80 en, allweilen er aber allhie kein eigen Reſidentz hatte, iſt er gleich in

74 740 80 61 uck

263 731 55 72 er

324 751 1333 75 Biſchoͤflichen einquartieret worden. Er hielte vor erlangter Con-

267 800 1389 77 emarion, unter dem Nahmen des Domb⸗ Capitels einen S7n0-

262 845 1395 84 tum, in welchem man von Retormation und Verbeſſerung deren Geiſt⸗

50 884 142 65 cannon

258 894 1397 85 cchen, und was zu Erhaltung der Catholiſchen Religion dienſtlich

43 934 141 70 e imme

262 945 1397 85 noͤchte ſeyn, gehandlet. Er war ein fromm⸗ und Gottsfoͤrchtiger

48 994 101 57 en.

258 998 1399 78 Derꝛ, der, wie man ſagt (lunt Verba Hundii) fuͤr ſein gans Ca⸗

55 1034 131 70 Lage

255 1047 1404 82 Rtel gebett, und zu Kirchen gangen. Zu Eingang des folgenden

69 1085 80 70 er.

286 1100 1370 75 Aoſten Jahrs, am Feſt Trium Regum, iſt er nach erhaltener Con-

72 1133 91 64 nar

260 1144 1397 85 fwrmation conlecriret worden. Hat darauf ohn Verzug, des wancken⸗

88 1191 42 61 ꝛg

262 1194 1394 88 ſen Religions⸗Standes ſich mit Enffer angenommen, die abgefallene

95 1246 34 53 in

260 1246 1395 88 Pfaffen aus Pfaltz⸗Neuburg (ſo dazumahl dem Kayſer Carl gehoͤrte)

67 1282 93 67 Bral

255 1293 1405 87 ſeines Biſtums citiret, und ſie zur Widerkehrung ihres verlaſſenen

106 1328 66 64 errl

256 1341 1403 88 Stands ernſtlich ermahnet; deren doch wenig umgekehret. Und dis

84 1387 64 60 und

256 1391 1401 84 Leſchah im Svnodo, in welchem auch gehandlet worden, rmoͤ. Wer

262 1437 1397 94 ꝛ Clero auf den Metropoli taniſchen Synodum nacher Galtzburg mit

62 1487 80 67 kein

259 1486 1397 98 dem Biſchoff reiſen ſollte. 2do. Begehrte er Sublidium Charitarivum.

44 1532 109 70 en nioͤ

262 1528 58 60 zrie

357 1540 1300 97 Daß der Clerus Steure zu der Reis auf den Reichs⸗Tag gen

39 1583 96 70 altz⸗.

260 1576 45 66 A

331 1595 1326 90 ſpurg. Das Sublidium Charitativum iſt commnniter, die Reichs⸗

47 1638 59 64 ber

265 1645 1392 87 Contribution iſt von gar wenigen, und dieſe auf gewiſſe Termin ver⸗

262 1693 1395 91 oilliget worden. Von denen Praͤlaten wollte keiner nichts thun ohne

76 1743 34 60 e

269 1744 1386 89 Dewilligung Hertzog VOilbelms aus Bayrn. Er hat auch viel Kum⸗

50 1786 69 64 kan

260 1780 159 87 wer und

433 1801 1223 85 Unruhe wegen der zertrennten Religion bey dieſer Stadt er⸗

33 1834 75 67 he 2

262 1841 1395 98 ſahren; dann wie der Rath allhie von ihm begehret, daß er ihnen

265 1869 51 63 Ne

50 1895 31 52 9

330 1897 1326 89 Abgefallene Prieſter, ſo der Biſchoff zuvor ihres Amts und Bene-

265 1920 47 63 ꝛc

315 1936 51 62 en

376 1952 1279 87 deraubt, wieder wollte zulaſſen, und er ſolches abgeſchlagen,

262 1967 113 72 haden

392 2001 1267 86 die Burger nichts deſto minder an unſer lieben Frauen kiecht⸗

266 2045 1393 121 aied de ueni ſoͤs Red gepalten, nnd das intemnninuroaosiret. Eert

1553 2115 110 75 Carl

107 2098 46 57 ta
