2111 2572
277 351 1413 97 dar mit denen Cloͤſtern und Gottes⸗Haͤuſern, welche ſie in ihren Um⸗

410 292 1285 106 Diſer Stadt Regenſpurg Ehr und Nahmen, wachſete ſonder⸗

1656 274 62 73 2.

274 397 1418 103 tang bekommen. Unter andern aber wirds vornehmlich geziert mit dem

275 447 1415 103 alten Benedictiner⸗Cloſter, ſo den Nahmen von dem Heil. Martyrer

275 501 1415 99 und Bayriſchen Apoſtel S. Emmeram erworben. Dis Cloſter ligt an

282 545 1401 106 der Stadt⸗Mauer gegen Mittag, hat in 1028. (anjetzo allbereits r100.)

274 594 1416 109 Jahren ſeiner Wehrſchafft viel Veraͤnderung erfahren, Ungluͤcks er⸗

271 644 1416 106 litten Verfolgungen mit GOttes Gnad, durch deſſelben heiliger, und

271 698 1422 105 allda ruhenden Patronen Vorbitt und Beyſtand uberwunden. Aber

271 744 1422 110 endlich in naͤchſt vorgehenden zo⸗ jaͤhrigen Krieg durch unterſchiedliche

274 790 697 95 Zuſtaͤnd faſt dem Arhem verlohren.

831 913 282 128 Zu ſatz

668 1018 618 103 Zu den erſten Capitel.

285 1108 1402 119 FHon der Etade Regenſpurg, und was deroſelben Stadtiſche Verfaſang an⸗

368 1173 1319 92 gehet: von Dero Zierde: Alter: Przrogativen, und verſchiedenen

272 1215 1414 92 Begebenheiten, haben Cœleſtinus, Abdt zu Et. Emmeram in ſeinem Mauſoleo

274 1260 1409 96 S. Emmerami, (deſſen dritte Anflag Anno 1680. vermehrter herans gangen,) und

271 1310 1409 94 lang nach celeſtinun, Aaſelmur Abbt allda (hinnach Reichs⸗ Fuͤrſt.

270 1358 1413 89 in ſeinem Stattiſchen Regenſpurg, oder Ratisbona Politica, ſo Er Anno

272 1401 1414 92 1729. im Druck heraus gegeben, vieles geſchrieben Beyde, ſowohl COELE-

272 1441 1407 107 STINU8, als ANSELMUSPlen. Tit. haben ihre Erzehlung von Regenſpurgz,

270 1487 1209 90 meiſtens aus der Hiſtoria Franciſci Hieremie Graͤenevvald entnommen.

403 1540 1279 94 Franciſcur Hieremias Gruͤenevvald ein gebohrner Regenſpurger, deſſen Vor⸗

268 1581 1414 96 Eltern in Nuͤrnberg gehauſet, gienge in den ſtrengen Carthaͤuſer⸗Orden, und mach⸗

267 1634 1419 96 te in dem Cloſter Druͤell nebſt Regenſpurg ſeine Prokeſlion. Allda verfertigte er

270 1686 1415 81 anus Lebe vor ſeine Geburts⸗ Ctadt zwey Buͤcher, deren das erſte 20. das anderte

271 1720 1414 93 22. Capitula in ſich enthaltet. Unter folgenden Titul. RATLSBONA: oder

271 1761 1412 97 Summariſche Beſchreibung der uralren namhafften Sradr Ne⸗

268 1817 1415 89 genſpurg: von ihrem Urſprung, Auf⸗ und Abnehmung, und wie

268 1864 1415 90 man ſie heunt noch ſiehet: dero fuͤrnehmſten Geiſt⸗ und TDeleli⸗

268 1911 1414 95 chen Hierden. Geſtellt durch Er. Franciſcum Hieremiam Griͤene-

271 1963 1409 98 vvald Ratisponenlem, naͤchſt daſelbſt in der Carrhauß bey St. Veir

270 2009 649 80 zu Druͤell Conventualn 1615.

385 2060 1292 84 Daß aber diſes Buch nicht ſchon laͤngſtens zum Druck befoͤrderet worden, daͤrfte

271 2100 1405 111 ſdoh nedh andermn auch diſr Er ſad ſeyns waten de Erempleriſche Sngnode gee

1586 2166 93 65 diſer
