2034 2583
383 269 66 66 11

897 281 393 73 .828 (00 Leg-

516 335 1273 69 Diſe Koͤnigliche Printzeßin und Hertzogin, nit allein von Ju⸗

383 390 1408 66 gend auf ein Chriſtin, ſonder ein Spiegel aller Tugenden, unterlieſſe

384 440 1403 62 kein Zeit oder Gelegenheit ihren Gemahl Theodonem auch zum Chriſt⸗

383 490 1408 68 lichen Glauben anzureitzen. Erhielte endlich ſo vil, daßz er begierig

383 540 1406 64 worden St. Ruprecht den wunderthaͤtigen Biſchoff zu ſehen, und von

386 589 1402 69 der Chriſtlichen Lehr diſcuriren zu hoͤren. Es wurckete die Gnad

384 640 1404 73 GOttes ſo vil bey dem Fuͤrſten, daß er durch vortreffliche Geſand⸗

384 691 1404 70 ſchafft Rupertum, zu ſich in Bayrn geladen. Rupertus, als ein Eyf⸗

386 740 1406 73 ferer GOttes Ehr, und des Seeten Heyls begierig, erfreut ſich ob der

386 792 1402 73 guten Gelegenheit, und allhier Guts zu ſchaffen; erhebt ſich nacher Re⸗

384 840 1405 78 genſpurg (d) unverzuglich Anno s16, begleittet mit S. Vitale Prie⸗

383 888 1408 80 ſter (hernach Biſchoffen zu Saltzburg) PP. Chunaldo und Gistario

384 941 1407 67 auch Prieſtern und ſeiner Schweſter St. Ehrentraud. Ab der An⸗

384 1000 1407 63 kunfft S. Ruperti erfreute ſich Theodo ſo hoch, als ſahe er einen Engel⸗

384 1047 1407 67 hoͤrte nit allein ſeine heylſame Predig mit Eyffer an, ſondern es muͤſten

386 1094 1403 75 auch ſelbigen die Hoff⸗HHerrn und Unterthanen beywohnen; und nach⸗

384 1143 1408 75 dem S. Rupertus den Hertzog genug unterricht, hat er ihm den Heile

389 1195 1402 77 Tauff in dem groſſen Thurn, auf dem Korn⸗ Marckr, naͤchſt dem

386 1247 1403 67 Bayriſchen Mauth⸗ Hauß, als Theodonis damahligen Hoff, verlie⸗

384 1297 1404 71 hen; deme dann die HHoff⸗Herren und vil Volcks geſolget. Und gleich⸗

386 1346 1403 70 wie St. Ruprecht ſich demuͤhet die Adgoͤtterey aus denen unglaubi⸗

386 1396 1402 76 gen HHertzen zu vertreiben, alſo beſchaͤfftigte er ſich auch die Kirchen

384 1446 1403 69 von denen Goͤtzen zu reinigen, und dem wahren GOtt zu wenhen⸗

386 1496 1403 73 Maſſen dann ſolches unter anderen Orthen allhie zu Regenſpurg bes

383 1551 1399 69 der Alten Capelen, im Land Bayrn zu Alten Oetting durch ihme geſche⸗

386 1597 1401 69 hen, und wie dißmahls dem Avenrino wohl zu glauben, hat er an

384 1648 1401 72 dem Orth, wo anjetzo unſer Cloſter ſtehet, damahls aber auſſer Re⸗

384 1696 1395 76 genſpurg ein Luſt⸗ Wald, und von den Chriſten der Marter⸗Berg ge

383 1752 1395 71 nannt worden, Anno 616. zu Ehren GOttes, des HHeil. Ritters Ge

383 1795 1396 84 orgii, (e) und deren Heiligen, ſo in groſſer Anzahl um des Chriſtl⸗

1708 1842 73 88 che

1942 292 86 66 chen

1947 342 81 66 denf

1947 391 79 61 dure

1945 440 74 65 den

1945 490 83 62 dam

1945 539 81 66 ſchie

1937 642 75 56 len

1936 690 92 64 bein

1937 747 91 52 aber

1937 822 82 70 ſich

1934 883 92 69 vred

1934 927 94 73 Zuͤn

1933 990 93 60 gunt

1930 1043 98 47 com.

1934 1086 91 57 und

1932 1136 94 56 regie

1930 1182 91 66 grof

1930 1236 96 56 Dev.

1927 1275 99 71 ting.

1927 1328 99 63 ſo A.

1930 1383 68 47 to,

1924 1420 104 65 Leber

1920 1472 105 73 Lano

417 2000 1361 72 (a) Von der Antunſt des heigen Ruperu m Dayrlan teſche R. P. Merger: Aasrlos

465 2047 1309 72 Hanſitiun, Tom. H. Germanie ſacra. Eckardum in biſtorra Francie Orien

465 2097 165 52 zalis &e.

419 2129 1356 69 ze) Henric. Caniſ bey Barnage. Tom. ITT. Pag. r0V. Cap. XITV. in 1b. de virs S. Enu

466 2172 1239 66 rami Hier grſchieht nur die Meldung von Et. Georgn Earruen, nor cder, daß

467 2215 391 70 S. Ruyerns endaunet hoͤrte.

1926 1779 79 126 A

1922 1902 97 49 ricos

1922 1944 86 44 viles

1919 1977 94 53 don.

1919 2019 63 45 als

1923 2054 95 82 an-
