1566 2270
123 100 91 57 622

624 95 27 52 -

681 97 337 70 28 (0) Eg-

114 145 1386 76 daß der Feind nach all angewendeten Fleiß und Kraͤfften, aber den

118 199 1384 70 ſelben nicht hat kommen moͤgen. Im uͤbrigen hat er dem Land faſt den

117 247 1380 73 Reſt geden, und mit Sengen, Brennen, Blindern, Morden, unt

118 292 1374 78 anderen Kriegs⸗Zwang ſolchen Schaden gethan, daß man darvor

119 340 1363 78 noch heut zu Tag Wahr⸗Zeichen ſihet; ja auch noch wohl empfin

116 388 1374 81 det. Es ſeyno gar etliche deren Schweden bis fuͤr Regenſpurg kon

121 437 1361 77 men, Bieh hinweg getrieben, und von unſers Cloſters Acker⸗Pfer

116 485 1360 79 den a. erdappt, 2. Knecht geſchoſſen, daß ſie ſterben muͤſſen. Nach

116 535 1336 79 dem der Feind zu Dinglfing im HHaupt⸗Quartier ein geraume Zeit,

114 583 1354 77 aufgehalten, und aus Mangel Proviant und Fourage nicht mehr lut

113 630 1370 81 ſtiruiren kunte, hat er ſich nacher Muͤnchen gezogen. Der Prans

112 678 1355 79 beluſtigte ſich bey Cachau mit einer Jagt, iſt aber von denen Kayſer

117 726 1356 82 ſchen und Bayriſchen unverſehens uͤberfallen, geſchlagen, und ſo we⸗

111 776 1089 79 getrieben worden, daß er Bayrn hat verlaſſen muͤſſen.

243 852 1235 87 Die Ober⸗Vfaltz muͤßte auch noch heimgeſucht werden, dat

109 906 1353 80 thaͤte der General Roͤnigemarck, und gab ihr guten Theils den Re

109 957 1356 77 Ziehete ſich hernach in Boͤhmen, und gewann mit leichter Muͤhe, vermittel

104 1003 1358 79 eines Verraͤthers Odoaldi Streitberger den Rarſchin, und kleine Geythe

108 1049 1326 80 zu Prag. Die Alt⸗ und Neuſtadt haben ſich alſo gewehret, daß

105 1098 1334 82 nichts richten koͤnnen; immittelſt hat GOTT den lang⸗ erwuͤnſch

111 1145 1307 85 Frieden geſchickt, der zu ⸗Huͤnſter geſchloſſen, den 2a. Oetober;

104 1195 1320 87 mulgiret, und dardurch des Kriegs und Blut⸗Vergieſſens ein

105 1243 353 69 gemacht worden.

235 1317 1217 91 Den 26. April iſt alhie der uralte Fhurn auf dem Fgeobe

107 1373 1313 87 Hof, der Arnolphs⸗Thurn, ( weil dieſer Kayſer vor Alters daſe

100 1422 1300 83 ſein Reſidentz gehabt) genandt, an einem Sonntag Nachmittag

98 1470 1351 83 pioͤtzlich einge fallen, mit ſolchem Krachen, als ob etlich grobe Cannl

98 1519 1363 81 nen los gebrennt wurden. Ein Magd wurde in dem naͤchſten Haur

102 1565 1358 84 erſchlagen, und ein Baurn⸗ Weib an beeden Fuͤſſen zerquetſcht. Naa

100 1616 1333 83 abgeraumten Platz hat gemeine Stadt ein groß Maltz⸗ BHaus fuͤr.

97 1663 647 73 weiſſes Braͤu⸗ Weeſen gebanet.

227 1740 1231 93 Dis Fabr iſt der innere Thurn auf der ſteineren Becken re⸗

90 1789 937 114 nonitet, und darauf ein Uor verichtel worden
