1918 2545
359 254 92 69 190

929 248 311 68 23(0) 2i2

356 303 1397 74 iſt. (a) Vermoͤg dieſer Tradition ſchenckte nebpaldus dem heiligen

356 356 1396 70 Emmeramo ſein Erbſchafft zu Neuhauſen ꝛc. Anno ſecundo Imperil

356 415 1392 60 Domini Ludovici Auguſti. (b) Die Hiſtorici, Hundius in ſemner Me

359 459 1392 69 tropoli Salisb. parte l. pag. 189. Item Cœleſtinus Abbt, ſchreiben,

356 507 1389 71 daß Liebpaldur Abbr, von LUDOVICO PO Sohn Caroli ꝛ. un

356 561 1386 72 und von EUGENIO Roͤmiſchen Pabſten, die Beſtaͤtrigung der B.

355 615 1379 67 freyung des Cloſters S. Emmeramni erhalten habe. Alleinig da Rieh

356 664 1395 69 paldus nur biß auf 820. Abbt verblieben, und EUCENIUS Anno s2s⸗

353 715 1379 68 Roͤmiſcher Pabſt erwaͤhlet worden, muß ſolches unter den nachfo

362 766 1377 72 genden Abbten geſchehen ſeyn. Adalrvinus Biſchoff ſtarbe Annosꝛ.

353 820 823 69 Barhuricus folgte demſelben in Biſtumb.

486 878 1253 80 sicErniDus der dritte Abbt zu S. Emmeram, muß Ano

349 937 1385 73 820. zu dieſer Regierung ſchon kommen ſeyn, weilen ſeine Schai

349 993 1366 74 ckung, (c) die er dem heiligen Emmeramo mit ſeinen Erbtheil (Lai

349 1047 1393 75 rerbach) gemacht, (d) Anno 220. im vierdten Jahr BarburiciB.

350 1104 1365 70 ſchoffens, und in ſibenden Lndovici Auguſti geſchehen iſt. Nach.

355 1150 1345 77 Tod Adalwin Biſchoffens, wolte Batburicu. ſein Nachfolger,,

350 1206 1364 76 Cloſter S. Emmerami wider unter ſich bringen, und nennte ſich ein

355 1254 1377 73 Abbten (e) zu S. Emmeram. Er hatte aber noch nit freye HHano

356 1307 1341 65 maſſen Lndovicus Pius, ein Sohn Caroli Magni ſolches Cloſter,

350 1355 1337 73 ſein Vatter, in Schutz genommen. Dahero gar wohl zu ſchliet

347 1408 1331 75 daß auf Bitte Figeftidi Abbtens, Lndovicus Pius, die von Kayſer

347 1461 1316 73 rolo, ſeinen Vatter, geſchehene Befreyung, auf ein neues det

349 1514 1341 73 get, welches auch EUCeNIUS Roͤmiſcher Pabſt, (ſo Anno 529.

349 1572 861 66 waͤhlet worden,) widerum verordnet. (H)

1649 1592 49 82 9

387 1781 833 68 (a) elrhe Tradtitonem Rienyalai z Ende Neſes Duche.

383 1825 1293 80 cs Reuhauſen ugr men Landehut. Di Uetenganm auda hda vamsg ata en

407 1880 860 58 berſchurdene echnogteiten gegen den Cloſter S. Emmerami.

381 1928 991 62 (r) Deſuehe du Tradition Figekridi Abtens z Ende dieſes Duchs.

381 1970 602 71 (a) kantterbach urger nachn Gaſenſed.

381 2011 1343 82 () Ngenr dn An ꝛrs. Eeocrr. uucin Ru ecudutr Herrnarnaneras

410 2067 616 59 tenl. Er nare gezwnngen ſolches zu thun-

383 2081 1254 85 rt) vide Diplens Lrdo la Fig h Cac acſer Hogr. Dons Niglals urdn cœed⸗

413 2140 1200 71 mrromni udſt and ern Diplomaudvs enttorrn wordenr tod u Lues Cwu dir anderr)

415 2175 486 67 aurm Tradition Duh i urſen.
