1566 2270
649 110 326 71 8 (0) 2582

76 161 1377 76 Pabſten waren ſeine Onalitaͤten und Merira alſo bekannt, das er ih

74 211 1386 74 ne zu einem Cardinal gemacht Dieſer Hoch⸗loͤbliche Fuͤrſt hat be⸗

73 258 1393 76 beſchehener perſoͤhnlicher Antrettung allhieſigen Biſtums einen ſolennen

74 310 1387 73 und offentlichen Einzug uͤber die ſteinerne Brucken herein, nacher deta

75 360 1383 72 Domb (H) ſelbſt reuttend den 2. Aprilis Anno 1650. gehalten⸗ del

76 411 1386 69 erſten⸗ Stein zu der Kirchen, und dem Cloſter deren PP. Reformate,

1364 441 94 59 NIl.

79 461 1285 68 S. Francilci zur Stadt am Hof gelegt, die deroſelden ab Urbano

75 508 1379 72 berehrte Religuien S. Lconrii in allihieſiges Domd⸗Stifft gegeben

79 558 1357 63 Corpus S. Erhardi aus der alten, in ein neue fſilberne Garch,:

1423 590 39 97 .

83 602 1293 62 Weiland Frau Anna Maria von Salis, Abbtißin zu Nider,gnt

85 651 1348 76 ſeel. mit den Stifft⸗Fraͤulen alldort machen laſſen, daſelbſt transtei

79 703 1370 67 ret, beede relpectivè in Kriegs⸗Zeiten, und wegen der Frieden⸗

78 750 1345 72 Contingent-Gelder verſetzt geweſte Heriſchafften DPechlarn in ,

84 802 1320 66 ſterreich, und Ebersbaint in Bayrn, wiederum an das allhie

84 851 1286 67 HHoch⸗ Stifft, mittels beſchehener Ausleſung gebracht, beede ſehi

79 899 1301 63 treflichen, Eremplariſchen Leben und Wandels, auch ſonderbar

80 944 1373 68 heiligen Gebett und Frommkeit allerdings ergebene Frauen AbbtibEe

88 995 1330 68 zu Nider⸗ und Ober⸗Munſter, nemlichen Frau Margaretha von.

83 1044 1312 67 gertshofen, und Frau Eliſabetha von Salis den z. November?

87 1090 1342 67 1652. in der Stifft⸗ Kirchen zu gedachten Nider⸗ Muͤnſter bened,

82 1140 1299 68 ret, die erſte nemlichen Frau Margaretha, Abbtibin zu Nider⸗.

84 1193 1299 65 ſter den 10. Nobember 1672. nach loͤblich 22⸗ ſaͤhrig hinterlegter

87 1232 1367 78 gierung mit groſſem Leyd und Bethauren, abſonderlich deren Armen

83 1287 1273 63 todts verblichen; Frau Cliſabeth, Abbtißin zu Ober⸗Muͤnſter

82 1338 1279 64 Det ſich noch im Leben. Und iſt anſtatt wohl⸗ gedachter Frauer

87 1388 1274 58 titzin zu Nider⸗Muͤnſter wohl⸗ ſeel. den 9. Fanugrii 1675. zur

1424 1407 23 50 e

87 1431 1277 68 tißin ſelbig Loͤbl. Reichs⸗ Stiffts erwaͤhlet worden Frau Mari⸗

1389 1450 68 70 guo

89 1480 1280 62 reſia, aus dem Freyhemlichen Geſchlecht deren von Muggentha

1433 1499 32 62 u

90 1524 1313 70 ſehr vortreflichen Enemplariſchen Leben und Wandels, und ſonde

1375 1559 57 56 rau

85 1575 1269 65 dem heiligen Gebett und Frommkeit ergeben, welche beede,

1413 1600 52 52 ert

89 1623 1262 71 Abbtißinen die Allmacht GOttes dero anvertrauten Reichs⸗G

1405 1635 63 73 ibſ

87 1670 1274 74 zzu ſondern guten und weitern Aufnehmen langwirrigiſt in aller

95 1723 901 69 verlangend hochen Wohlſtand erhalten wolle.

1404 1728 63 80 Za

133 1920 1334 73 &) Peeidus Aibͤt zu S. Enmeram hatte die Ehre, das Colenne Te Deun Laudan⸗

158 1972 884 71 anzſſumnnen. Vide VTaſend erg in Herirdon Eesleſikties.
