1566 2270
82 121 92 54 192

596 108 43 59 ong

658 105 319 74 13 10) E5g.-

80 152 1377 83 Rarh, und Naͤhmen des Bau⸗ Meiſters, und der Werck⸗Leurh

82 208 1375 80 Dieſer Ban wurde 1631. fertig, und der Augſpurgiſchen Conlelioi

88 264 661 75 Predigen darinn angefangen. (a)

210 346 1241 70 Anno 1622. vergliche ſich Kayſer Ferdlnand mit dem Chur

79 395 1374 70 Fuͤrſt Mazimilian wegen vorgeliehener 13. Million Gulden, und uͤber⸗

76 445 1378 68 antwortete ihme Kauffs⸗ weis, gegen Ablaſfung des Lands ob dei

74 493 1373 69 Ennß, die dem Kayſer heimgefallene Obere Hfaltz, ſamt vier Aem

75 544 1367 66 tern in der Untern, mit gewiſſen Bedingen. Der General Tilli nar

75 595 769 62 me Sraden ein, und andere Staͤdt.

210 670 1239 71 Nachdeme zu Anfang des Sommers Anno 1629. ein Frieder

74 723 1334 63 mit Koͤnig Chriſtian aus Dennemarck, wider Willen der Koͤnis

75 769 1366 65 Engelland und Schweden, dann der HHollaͤnder geſchloſſen worden

75 819 1301 65 haben Ihro Kayſerliche Majeſtaͤt eine Reſolution geſchoͤpffet, unc

1384 805 63 57 mit

75 867 1323 63 einem vffentlichen Edict anbefohlen, daß alle Geiſtliche Gutter im

74 919 1326 59 miſchen Reich jenen, ſo von denen Fundatoren dieſelbe vermeine, d

73 963 1320 67 nach dem Paſſauiſchen Vertrag, wider den Religions⸗Friden

1412 952 27 54 e

80 1011 1353 67 Heil. Roͤm. Kirchen, von denen der widrigen Religion Zugethanenen

73 1063 1335 60 abgenommen ſeyn worden, ſollen von jetzt⸗ gedacht unrechtmaͤßll

78 1107 1355 65 Innhabern reltituiret werden. Dieweilen nun ſolches denen Uncath-

73 1155 1365 65 liſchen, als die ermelot Heil. Roͤm. Kirchen nur gar zubiel entzohen

75 1201 1362 68 ſehr ſchwaͤr fallen wollte, haben ſie ihre Conkilia zuſammen getragen

74 1253 1356 64 unter der Hand um Beyſtand ſultavum Koͤnig in Schweden angeru

80 1302 1348 63 fen, zu forderiſt aber, daß dieſes Mandats Execution eingeſtellet ve.

74 1351 1356 61 bleiben ſollte, bis darvon in Publicis Comitiis moͤchte geredt, und s

76 1397 1357 65 handlet werden, an gehoͤrigen Orten gebetten. Es hat auch der Kai

79 1445 1346 67 ſer Anno 1620. zu Anfang des Jahrs dem Chur⸗Saͤchfiſchen Abs

74 1493 1368 65 ſandten kein andere Antwort geben, als daß allbereit ein Reichs⸗Tat

75 1542 1265 91 nacher Begenſpurg ſey andeſtebet, und ousgeſchriebey worden

1375 1541 45 53 de

1338 1577 99 71 hofft

119 1751 1325 67 () Von dleſen Fortgang des neuen Kirchen⸗Dan iß zu Regenſpurg, 1682 durc Chriſtoy

150 1793 1296 64 Fiſcher ein Duch gedruet worden, mit dieſen Titul: Encania Katirbonenſia,. oder De

147 1832 1301 58 richt von dieſer neucerbauten Auch, deroſelden Emwevbung/ und darbey furgenommenen Lr.

152 1866 1291 55 moͤnien/ ſamt denen Predigen, Collecten ꝛze. ꝛc. NB. Dieſes Duͤchel wiro bey uns aufbeda

148 1900 1295 55 ten. In ſolchen Duͤchel nſt auch enrhalten der Vergleich deren Orn. Hrn. PP. vominicanern au

147 1933 1299 60 hue, mit der Stadt Regenſonrg wegen Reſtirviruug ihres GOttes⸗ Haus ad S. Bladum⸗ ns⸗

148 1973 835 64 ches dit Herren Luthetaner alhier lang in Deſß gehabt haben.
