1978 2546
428 248 96 63 128

940 250 405 80 -18 (0) Eba-

427 302 1406 91 Ich ſelbſten habe ſowohl die Anahl deren ſieben Erſten RNebbten, ars aus dos

424 353 1404 85 697.ſie Jahr vor Apollonio, dem Erſten Abdten, guͤltig zu ſeyn bithero geglaudl-

423 390 1225 86 Alleinig in genauerer Durchleſung unſerer alten Documenten, finde ich

544 455 1282 88 Prind, daß keineswegs ſiben, ſondern an ſtatt diſer ſiben Erſten, nut

418 500 1398 109 vier Aeddte Pat fnden koͤmnen Dieſe ſeynd der Orduung nach, holgende: Arrs.

420 545 771 84 loniur, Ricbbaldus, Sigefridur, Sigimundur.

536 596 1279 92 Fecundo, ſade ich, daß zuar Apelenier der Erſne Abst, ader uit Anns

420 643 1395 98 697. ſondern hundert Fahr ſpaͤter, nemlich Anno 197. oder 798. eingeſetzer wol⸗

407 687 82 59 den.

530 735 1288 85 Dieſe zwey nen entdeckte Umſtaͤnde, nemlich die geringere Jahl deren Ertet

413 777 1402 84 Aebdten, und daß der Erſte um hundert Jahr ſpaͤter, als wie bißhero geſchriede

413 823 1390 86 worden, das Abdteyuiche Amt bekommen habe, ſeynd dem Alterchum dieſes els

413 864 1392 89 ſters S. Enmerani im geringſten nit entgegen, welches ſeinen Anfang nach der B.

408 910 1192 82 graͤbnnß dieſes groſſen Heiligen allhier genommen, nemuich Anno 652.

531 958 1278 88 Rach den Tod, Marter und Begraͤbnuß S. Emmerami Anno sco mach⸗

403 997 1405 97 te Hertog Tbeodo den Anfang dieſes Eloßers, allwo gleich einige Moͤnch angeſtel.

403 1050 1399 85 worden, GOtt in S. Emmeramo zu loben. Sihe pag. 1o. ꝛc. Dirſes, Anfans

403 1090 1399 91 kleine Cloͤſterlein oder Wohnung deren Moͤnchen, ware ben der Grab⸗Crart S. En

403 1141 1395 85 merami auſſer Negenſpurg, zu S Georgen, an einen einſamen Orth auf den Mat

400 1183 1403 84 ter⸗Berg. Die Schanckungen, ſo die Hertzogen, und andere Chriſiglanbige de

398 1224 1401 85 heiligen Emmeramo opferten, wurden vermehret, alſo, daß dieſer Orth ſowol

401 1265 1401 80 wegen denen groſſen Wundern S. Emmerami, als wegen denen anwachſende-

397 1305 1392 89 Schanckungen ſehr deruhmt wurde. Die damahls herumreiſende Biſchoͤff (Epi

396 1347 1405 90 ſcopi Regionarii, Adventitii,) ſo keinen gewiſſen Biſtum beſtaͤndig zugerhar

398 1398 1397 82 waren, ſndeten auch an dieſen Orth ihren Unterhalt, wie dann Hugbertas derHer

396 1441 1396 80 tzog unter einen ſolchen Biſchoffen, Kasbario, dem heiligen Georgio und Emmer⸗

393 1485 1399 85 mo ein Eut Pirebmnvvag, geſchencket hat. Die Moͤuch muſten dieſen Viſchstſen.

390 1527 1396 85 als ihren Adbten gehorſamen, daun die Biſchoͤnf marſeten ſich deies Amots und

391 1572 1398 80 Titels an. Sie kunten an einen andern Orth kein ſo ante Unterhairung haden. Zuden⸗

389 1618 1397 76 ware das Orth wegen denen Wundern S. Emmerami deruͤhmt. Dahero auch geio

389 1657 1388 81 von der Zeit, da S. Bonifaciur auf Befelch des Pabſt verſchredene Biſtumer autg.

386 1697 1392 86 richtet, der Erſte beſtaͤndige Biſchotf Canbaldur ſeinen Viſchoͤffuchen Sig, an diͤ

386 1746 1396 80 ſen beruͤhmten Orth genommen, und zugleich, wie anch ſeine Nachſolger gethan⸗

386 1787 1375 80 das Amt einrs Abbtens allda vertretten. Wie ſolches unſer Arnold weidlatfna.

389 1833 1392 80 ſchreibet. Sihe oben pag. 11 Dahero die Erſte Moͤnch zu Cr. Emmeram keine

387 1876 1390 77 kodten hatten, weder zu Zeiten deren Biſchoͤffen Adoentitiorgo, ſo vor S. Loriſaci

386 1919 1392 83 Zeten, allhier durchreiſerrn, und ſich auch zuweilen aurhalteten: weder zu Anſang

384 1968 1390 84 derrn ordenrlichen Biſchoͤffen, diß auf die Zeiten Car 1 Nagar, weicher nad

384 2018 1326 76 dem er Ddaſslonen vertrieden, und die Negierung in Banrn Ebernommen,

386 2056 1368 79 Cioſier S. Enmerami unter Adatorino dem drirten (oder vierten) ordentlichen 2

1727 2018 47 51 ai

389 2099 1378 77 ſchenen, nir Aucroruer der damahugen Srnoai &c. und Teonis 1II. Noͤ

383 2138 1391 118 Dio Pnde, dnon, n dnd z dden nd ndd usn

1673 2186 92 75 Det
