1940 2440
351 135 89 62 170

856 140 110 70 as12

1142 145 117 65 EMtu.

348 183 1395 92 In dieſem Jahr in die S. Kiliani hat Hertzog Wichelm in Bayrn ie

344 237 1388 88 all5. umliegenden Land⸗Gerichten durch offentliche Mandat denen Un⸗

1799 238 122 67 u entf

340 287 1393 96 terthanen dey groſſer Straff verbieten laſſen, Wein und Bier aus der

1801 284 129 69 genomt

337 337 1394 90 Stadt zu fuͤhren, ja gar nit darinn zu zechen, und diß darum, weil

1804 332 119 70 Stade

334 383 1393 105 der Magiſtrat den Burgern ſolcher Geſtalt die Stadt am Hoff verdot⸗

1803 382 107 69 zalten

333 436 1203 91 ten hat, und jenige empfindlich geſtrafft, die allda zecheten.

1809 431 107 74 Songt

1805 483 69 66 Kre

466 486 1257 92 Den 12. fulii iſt ein Paͤbſtlicher Legarus, Comes de Portia all

1808 532 70 65 nd.

328 532 1385 96 hero kommen, hat in dem Cloſter Anartier gemacht, und in Beglet

326 581 1386 110 tung des Biſchoffs, Hertzog Ferdinandi in Bayrn und unſers Praͤls

1812 581 64 66 vort

1801 627 54 68 ai

326 634 843 85 ten den Weeg nacher Aichſtett genommen.

462 681 1247 101 Anno 1594. den 18. May bat Kayſer Rudolphus I. zu ſeinel

1803 681 81 71 nant

325 722 1362 106 erſten Reichs⸗Tag alihie einen ſtartlichen, mit vielen Chur⸗ und Fl

1800 723 60 74 rul

1807 778 34 62 n

325 779 1364 95 ſten gezierten Einzug gehalten. Es war viel frembdes Volck alhte, n

321 837 1387 84 ter anderen die junge Hertzog aus Bayrn, Maximilianus, wilhelmi,

1805 826 60 74 en

326 877 1367 100 (deſſen Stell er vertretten) lobwuͤrdigſter Herr Sohn, und Eur

321 929 1373 97 Churfuͤrſtl. Durchl. Herr Groß⸗Vatter hoͤchſtſeel. und lobwuͤrdigſte

1803 921 43 73 Ne

317 977 1378 99 Gedaͤchtnuß, der machte das Quartier in unſerm Cloſter. Die Kal

1800 977 70 68 nar

1803 1023 43 65 ib

314 1027 1384 100 ſerliche Propoſition geſchehete auf dem Rath⸗Hauß den 21. May, &

313 1077 1385 96 deſtund in S. Puneten: 1. von der Hulff wider den Tuͤrcken, 2. vol

1804 1076 108 76 Stadt

310 1129 1385 97 Abſchaffung der Unordnung im Kriegs⸗Weſen und Durchzuͤgen

1801 1131 84 67 en le

313 1175 1353 101 2. Von ſchleunigem Procels der ſuſtiz. 2. Von Verbeſſerung.

1796 1173 77 75 zu d

309 1225 1319 100 Muntz⸗Droͤnung.5. Von Ergaͤntzung der Reichs⸗Matricul.

1808 1229 106 75 aͤlten

1658 1248 39 61 6

311 1274 1384 101 Von Richtigmachung der ſtrittigen Sethionen. Den Efkect, und wa⸗

305 1325 1358 98 gehandlet worden, weiſet der Reichs⸗Abſchid. Es wehrete dre

1797 1324 122 76 zenden

303 1375 1338 121 Reichs⸗ Tag diß zu End des Aogolti, unterweilen iſt auch viel.

1803 1375 71 72 no

303 1426 513 84 und Kurtzweil fuͤrgangen.

1804 1426 102 71 er all

436 1473 1240 103 Aano 1527. hat man abermahl albie einen Reichs⸗ Fag gsbal

1801 1474 91 78 burg

300 1519 1326 107 ten. In Nahmen Kayſer Rudolphs, iſt ſein Herr Bruder Ertz⸗.

1797 1529 121 71 ndo es

302 1575 1369 99 tog Matthias erſchienen, und hat das Huartier in unſerm Eſoſter s

300 1626 1334 94 habt, man handlete von Conrinnirung des Tuͤrcken⸗Kriegs, und

1801 1618 107 79 Schn

1796 1678 130 63 embr.

298 1676 1370 102 folgte im Teutſchland ein ſolcher Sterb, daß viel 1000. Menſchen dai

1799 1725 112 67 rohn

295 1732 255 61 auf giengen.

1793 1771 104 71 Segen

431 1771 1248 105 Anno 1528. machten beede Cronen Hiſpania und Francreio

302 1825 1269 97 Fried, und wurde allhie Sigismundus Fridericus Fugger ein

1804 1819 81 70 Der

298 1876 1374 97 herr, Thumbherr zu Saltzburg und Paſſau, ein weiſer und gelehrte.

1801 1865 84 77 boß

1801 1920 83 59 on

291 1926 1381 95 Herr auf Abſterden Biſchoffs Philippi erwaͤhlt; hat ſich mit ſonderent

1800 1965 111 80 ehnlis

283 1973 1385 126 Emſ ns Vetarianeen dos diſtnnd wn denen thentro sn edas,

1794 2014 109 76 ſen un
