2127 2583
958 292 39 52 ..

1019 292 340 68 23 (0) Zaͤc

584 344 1297 75 Reginoburgum heiſts Kayſer Carl der Groſſe in unſern Be⸗

446 398 1435 69 freyungs⸗Briefen, villeicht weil die Roͤmiſche, oder vielmehr Bayri⸗

449 452 1432 63 ſche Koͤnig allhier pflegten zu wohnen, und ihre Reſidenꝛ von dem

449 500 1429 65 Haupt⸗Thor St. Peters Weiche bis an den S. Claræ Anger haͤtten.

450 553 1431 69 Dahero ſie auch von etlichen Reginopolis, Regium, Reginum, ge⸗

449 602 1431 68 ſchriben wurde. Bey anderen findet man andere Nahmen, als: Re-

450 658 1430 60 ginam, weils vor anderen Staͤdten den Vorzug haͤtte, und gleichſam

446 704 1431 69 dero Konigin ware. Alſo nennets auch der Kayſer Orto in einem

446 754 1432 69 uns gegebenen Donations⸗Brief (Schierlletten) Anno 987T. Regni-

452 803 1423 70 volis, Hietopolis, Imnbripolis von dem Fluß Regen. Wie dann auch

446 855 1429 69 von diſem Fluß Regen, hieſige Stadt noch genennet wird Regen⸗

446 906 1428 72 ſpurg. Regnoburgum, oder Regnesburg. weils ein Veſtung an dem

444 960 1426 64 Regen war. Regensport, wegen der Anfahrt, oder Land der ankom⸗

444 1008 1431 69 menden Schif. Regensbrucl, von der uralten Bruck uͤber den Re⸗

446 1059 1425 70 gen, davon noch die Joch von Qmater⸗Stucken geſehen werden. Ra-

444 1112 1427 67 tisbona, oder Ratisponti, weil man gute Entladung der Schiffen haͤt⸗

442 1168 1430 66 te, oder vielmehr, weil man vor Erbauung der ſteineren Brucken ein

444 1212 1430 72 Schif⸗ Brucken brauchen mußte, die wegen ihres guten Dienſts der

443 1271 1429 60 Stadt den Nahmen gabe: Ratisbona. Andere vermeinen, ſie habe

442 1318 1432 65 den Nahmen erſt zu Zeiten Caroli Magni, der zu Beſchuͤtzung diſer

444 1363 1427 67 Stadt ein nutzliche Schif⸗Brucken gebraucht, bekommen, oder weils

442 1414 945 72 nach der Zeit ablang worden, wie ein Schif.

582 1465 1285 67 Diſe Etadt ware ſo achtbar, vornehm, Volck⸗ und Gwerb⸗

440 1518 1427 70 reich: daß (wie man in alten Geſchicht⸗Buchern liſet) in Roͤmiſchen

442 1568 1423 67 Reich uuter denen Staͤdten Rom, Trier, und Coͤlln den Vorzug lieſ⸗

443 1614 1422 74 ſe. Ware auch vor Zeiten die HHaupt⸗Stadt des Hertzogthums oder

443 1667 1421 73 Koͤnigreichs Bayrn; iſt aber von Friderico I. Roͤmiſchen Kayſer de⸗

443 1722 1257 68 freyet, und zu einer immediar, oder Reichs⸗ Stadt worden.

581 1769 1283 73 Belangend die Innwohner waren ſelbe nach erlangten Chriſtli⸗

440 1818 1422 76 chen Glauben ſo eyfferig Roͤmiſch Catholiſch, daß Papſt Lco IX. de⸗

443 1875 1417 67 nenſelben Anno 1052. der Roͤmiſchen Kirchen Sigill, nemlich S. Perrvu

440 1924 1420 72 mit zweyen Schluͤͤßlen zu gebrauchen, verehret; maſſen dann ſolches

444 1974 1411 72 Sigll (als S. Perrus mit Paͤpſtlicher dreyfacher Cron in einem Thron

443 2024 1414 73 ſitzend) nicht allein allen ihren Briefen angehaͤngt, oder vorgedrucket

442 2075 1409 70 wird, ſondern auch die zween Schluͤſſel in allen Schilten, und War⸗

442 2125 1413 70 ven, bis auf heuntigen Tag entworffen und reprœlentiret werden-

440 2178 1415 72 Wie getren und devor ſie aber der HHeil. Roͤmiſchen Kirchen von 127.

443 2228 1203 86 und anjetzo mehrer Jahren her verbliden? iſt Welt⸗ kuͤndio.

1740 2257 115 103 Dile

432 256 58 99 1
