1939 2441
899 200 402 71 ats (00 EMg-

402 206 90 59 378.

390 252 1406 77 ſchuͤtzen und beſchirmen. Und weilen ſein Land und FErſtenthum ul

389 309 1388 69 und unſer Stadt, welcher er vor anderen Fuͤrſten und Herren ſtat

1732 349 55 75 mt

390 360 1329 64 liche und gnaͤdige Huͤlffs⸗Mittel bezeuget, und erwieſen, gantz

1747 404 33 59 et

392 410 1336 67 gar umſchloſſen haͤlt, auch noch ferner vor anderen ins kuͤnfftig ſio

1735 448 47 67 m

390 463 1322 63 eigenten Faͤhlen wegen, und wiederum in einen guten Wohlſtand

1730 500 55 66 un

390 512 1326 69 Aufnehmen zu ſetzen, welch unſer freundlich Bitten er wohi und

390 564 1337 66 als ſeine getreue Unterthanen gnaͤdiglich aufgenommen, ſo geſch

390 615 1378 65 an Pfingſttag vor Margarethen dieſes jetzt lauffenden Jahrs, welh

394 665 1310 64 ſonderbahre Gnade wir Sr. Gnaden nimmermehr genngſamlich

393 717 1318 61 cken, noch viel weniger abverdienen koͤnnen; hat uns auch darau

393 764 1326 65 Stund an wiederum die Beſetz⸗ und Entſetzung und Schulthe

393 815 1324 59 Unter⸗Richter und Gericht⸗ Schreiber, Haus⸗Genoſſen, Urts

1700 863 24 57 ,

390 863 1288 61 Redner, Frohn⸗Botten, auch andere Obrigkeit zudegeben,

390 915 1325 62 welchen wir als Burger einer Stadt, und Burgerlicher Emniake

389 965 1319 65 vertrieben bleiben moͤgen. So hat uns auch Sr. Fr. Gnaden,

392 1017 1310 61 meiner Stadt Steuer und Ungeld unterworffen, die Stadt am

392 1065 1306 64 den Woͤrd, ſamt allen Fiſchern und Leuthen, oberhalb unſerer

392 1118 1310 61 ren Brucken, die Herꝛſchafft mit den z. Schranen, und Geris

1735 1144 31 58 a

392 1166 1320 66 und allen ihren Innwohnern zu Wuͤntzer, Pfaffelſtein, Regen,

392 1217 1323 65 alles und anders uns zu einen ewigen Burg⸗Frieden, nachdent

1742 1240 20 63 .

393 1263 1308 71 vorhero keinen gehabt haben, zugeeignet, ſich gegen demſelbet

393 1318 1292 63 Gnaden erheblichen Guͤld, Steuer und Un⸗Gelds verziehen,

394 1368 1299 66 ſeren der Stadt Einnamm, etliche Wein⸗ und Galtz⸗Zoͤll uns

396 1417 1305 70 nen Geluͤbde zugeeignet, uns auch zu Huͤlff und Foͤrderung anaͤl

394 1468 1287 73 abgehebt, die ſchwaͤre Pfandſchafften, das Schloß und Herrſchat

394 1522 1236 60 nauſtauff, deſſen wir bishero nicht im geringſten genoſſen,

394 1573 1288 58 ſeiner ſchwaͤren Koſtung halber mehrer entgelten, und aber dern

394 1620 1293 68 ſer jaͤhrlich Ausgeden um 2000. fſl. geminderet haben, ſo hat ur

1666 1688 30 74 ,

393 1670 1267 68 Se. Fuͤrſtliche Gnaden noch viel andere Gnad, Huͤlff, und

390 1718 1272 76 rung gerhan, die all zu erzehlen E. G. und W. Verdruß habe

393 1784 113 50 ten.

529 1817 1115 74 Verhoffen derohalben, durch dieſe, uns und unſerer

389 1874 1266 67 und all ihrem, ſo wohl Geiſtlich⸗ als Weltlichen Stand ert

1576 1910 109 67 ferne

390 1925 1178 68 auch ins kuͤnfftig genieſſende ſonderbare HHuͤlff und Gnad,

394 1971 1258 72 legene Zerſtoͤhrung zu verhuͤtten, in kurtzen Jahren unſer Eir

388 2020 1272 72 den Ausgeben gleich zu machen, unſeren Glaubigern Sigl und

390 2066 1238 118 du hairen, und der haͤndi cden Wirded ꝛ dielden⸗ das wi

1630 2104 30 67 o

1879 444 27 53 t

1886 553 19 43 7

1884 603 44 45 lel

1888 633 29 61 e

1887 688 35 56 29

1884 790 27 99 ,

1887 291 28 71 n

1892 1959 17 53 ,

1886 1997 28 77 1
