1940 2440
386 206 97 54 112.

966 200 26 75 5

1070 211 37 50 0

1137 200 103 76 Eet

1853 254 69 36 1111

383 245 1401 85 dachr zu der ſchoͤnen Matia geyfiogen, von emnen undeſonneten, obne Fedachr un

1862 272 48 80 re

382 296 1393 75 naͤrriſchen Trieb angetrieben worden. Sie muͤͤſen probieren, daß dieſe Wunder we

1861 332 69 66 derf

385 340 1389 77 grn den Grid geſchrhen. Das ſagen ſie zwar, aber weilen ſie kein anderes Funde

1853 389 80 51 Seme

379 384 1396 75 ment haben koͤnnen, ſo wurden ſie zu dieſen lal. honore Lugen undeſonnen von ei

1862 425 61 56 en

376 424 1399 84 nem Ketzer⸗ Geiſt angetrieden? genng von dieſem. Das Manuleriprum, oder de

1891 470 28 61 1)

382 474 1389 80 Author deſſelben, erzehlet weiters, daß die Durger, Anfangs dieſe

1870 513 59 63 na

383 524 1384 76 THoͤnchen von einen Unfinnigen hielten 7. Nachdem aber de-

1855 550 78 65 lPer

379 569 1386 80 Doctor HHartin Lurher ſelbſt allhero geſchrieben, und ſeine comos

1858 595 71 66 Pur

378 618 1388 84 Lehr einen Bey fall gefunden, alsdann haben ſie (dir durch die ges

1857 639 73 53 oan

1858 680 22 42 1

367 676 1387 76 Lehr des Luhers rerungluͤckte Burger) auch dieſem ungluͤckſeeligen 1o.

1858 711 19 65 :

378 723 1378 83 chen ein Glanben deygemeſſen, nach und nach alles vor ein Jat

1858 765 27 45 ie

376 782 1363 74 berey ausgeſchryen, ( ohngeachtet ſelbe nichts grobieren koͤnnten, ſondern⸗

1853 807 72 52 rent

376 824 1374 77 Eitern, und villeicht ſie ſelbſt n zuvor veſtiglich etwas anderes urcheileten.) Da a

1849 840 77 66 Dete

374 877 1382 65 der ungluͤckſeelige Moͤuch ſolches zum erſten, ohne Prob als ein Zanber.

1850 885 66 62 nus

376 919 1387 69 ausgerufſen, ſtmmeten ſie demſelben bey, umb ihren Fruthum dardurch zu beſche⸗,

1846 927 76 69 ritas

375 962 1358 72 gen. Daß bey ſolchen Umſiaͤnden, bisweilen ein Eigeunut mit einſchleiche, wiͤ

1846 970 54 62 len

374 1007 1368 65 nicht laugnen, alleln der Eigennut benimmet der Allmacht GOttes, und der V.

1850 1018 73 63 Ano

372 1047 1364 71 birt ſeiner Heiligen dir Wuͤrckung nicht, daß nicht groſſe Wunder und Gutthaten des

1850 1057 73 69 erri

376 1095 1376 59 jenigen ertheiler koͤnnen werden, welche nit vollen Vertrauen um die Vorbirr dert

1845 1102 71 66 den.

378 1130 1362 61 Heiligen bey GOrt ruilen und ſeuftzen. gvo. Hekennet der Author dieſes Man

1847 1146 75 68 leda

374 1176 1362 68 ſeripti, daß der Balrhalar Huebmayr, als ein Widertauffer ſich verhaͤße gen⸗

1843 1191 44 61 ꝛaf

378 1214 1324 73 habe, und als ein ſolcher zu Wienn verbrennet worden. Dardurch dͤas

1842 1233 50 64 en

375 1260 1335 72 oeſtaͤttiget wird, was Abot Cœleſtinus gemeldet, daß derſelbe keinesweegs al

1845 1278 71 64 chnei

375 1308 1314 61 Zauberer, ſondern als ein Widertauſſer an den Leben geſtraffet worden. Es

1850 1323 76 61 vren

375 1351 1352 68 chne auch niemand als rinen Zauderer angeklagt, als eben der unglaͤckſcelige Moͤn,

1846 1365 83 59 bwraͤr

1712 1384 38 65 e.

371 1393 1345 79 ven welchen hernach die Herren Eucheraner (hoſte doch nicht alle, maſſen die

1849 1415 72 53 n T

371 1445 1339 66 naͤnfftige ohnmoͤglich von dieſer Bezauberung etwas glauben werden) um

1843 1447 87 67 benei,

1838 1487 73 69 rug,

378 1488 1341 70 Jruhun zu beſchoͤnigen, ihre Wort entiehnet, und alſo blinder Dings dahi,

372 1529 1303 71 ſchriben haben. Siehe geneigter Leſer den Urſprung dieſer ſalſchen Innzichten.

1841 1535 77 65 enz

370 1572 1324 70 ne Hrob. wider das Zeugnnß deren Vor⸗Eiteren. wider die geſamte Geiſtlis

1843 1581 33 57 n

368 1617 1322 67 wider den loͤblichen Magiſtrar. wider die gantze Stadt Regenſpurg. wider vis

1841 1637 69 62 nay

1719 1641 36 57 os

367 1663 1322 57 ſend und tauſend andere. welche alle ſo bund ſollen geweſen ſeyn, und nich

1723 1679 35 62 ie

1841 1679 75 68 ir al

366 1703 1325 67 der Jauberry gemercket ſollen haben. Bis enduch der Moͤnch pag. 212. deu

367 1747 1311 66 Lehr Lntheri wohl gefahlen, ſolches als ein Zauderey ansgeſchryen, und die.

1728 1770 33 58 d

368 1790 1313 71 Lucheraner, (doch nicht ale, ich glaube es nicht) gant dlind nachgefolgel

1836 1798 66 61 Pos.

367 1836 464 53 ſolches ausgeſtrenet haben.

1835 1842 60 59 ran

479 1874 1280 72 Noch eines kan ich ohnmiglich vordey gehen. Es meldet weiters der Autgte,

1834 1885 59 72 zeß

363 1918 1320 71 dieſes Manuſcripti, und ſchreiber alſo: (Wiouleius Hundius erzehletr in

1835 1941 58 66 ꝛel,

363 1965 1388 76 nem kolianten, da er auſ die Regenſpurgeriſche Biſchoͤffe kommec,

1835 1981 48 65 as

363 2014 1360 73 daß bey dieſen geſchehenen Wuͤnderzeichen, nichrs dann lari

1832 2030 87 122 1

1716 2037 36 69 k

364 2067 1327 89 sauberer vorzegangen ſere, mit weicher Suebmarer faͤrrret

1634 2111 67 72 un
