1934 2551
39 279 48 55 dli

28 317 65 58 und

55 367 30 48 1.

59 406 27 60 )

38 452 45 48 le

45 504 38 45 2.

775 232 328 76 2 (o) 7eg-

1554 249 63 68 15.

231 272 1405 100 Helte ſch alſs, daß er von dem Pariſer Concilio Anno DecCXXX. ernahrei

233 327 1396 89 corden, in Beſielung deren Biſchoͤffen auf die Kirchen⸗Geſaͤtz zu gedencken ꝛc. Er

233 369 1398 91 ehanyrete den Koͤniglichen Conſens, ſowohl in Franckreich als in Weiſchland.

232 413 1397 91 Aecommendirte dem Volck und Cleriſey ſeine Hof⸗Favoritten ꝛc. Die Rachfol⸗

231 457 1398 88 ger Ludorici Pii behaupteten immer mehrers ihren Koͤniglichen Conleus, in Er-

232 503 1397 90 baͤhung deren Biſchoͤffen. Es ware auch die Wahl der Eleriſey und des Volcks nicht

229 547 708 76 ahr ho frey, als m denen erſteren Zeuen.

333 634 1293 88 IV. Nach Abgang der Carolingiſchen Kayſer und Kdͤuig, wurde in Teutſch⸗

229 667 61 61 lant

303 693 1321 80 das Wahl⸗Geſchaͤfft deren Biſchoͤſſen von denen Erſtern Kanſern (denen dreren

345 738 1277 75 NTBUS, und HENRICO ihren Nachſolger) alſo verrichtet, daß die

238 775 1379 86 renheit der Wahl auf eine gewiſſe Art deſtunde. Indeme von denen OTTONI-

225 836 68 72 anck

326 821 1296 87 erliche Viſtumder mt Paͤbſtlichen Conlens errichtet worden, alſo wurden

311 871 1309 75 on ihnen die Biſchoͤrf darzn benahmſet, doch ware auch des Cleri und Volcks

228 882 48 70 he

286 914 1333 73 cilen darzu genommen. OTTO II. (wie unſer Arnoldus lib. 11. de Mi-

224 929 119 67 raculi-

222 977 65 60 Luni

371 956 1248 79 ſchreidet, vide Basnage. Tom. III. pag. 127.) benahmſte Folfgan-

307 1001 1312 77 u den Negenſpurgeriſchen Biftumb, welches zwar von ihme nrt aeſtifſter wor⸗

224 1020 58 52 den.

320 1044 1300 79 Es hielten vile den ihme um dieſes Biſtumb an. Alleinig, da Piligrinur Bi⸗

222 1054 47 62 ich,

319 1089 1298 74 a Paſſan, dem Kayſer Ottoni Tolfgangum zu einen Biſchoffen vor das Bi⸗

222 1101 68 62 tum

321 1133 1298 74 Regenipurg recommendirte, in Hoſinung, daß der Kanſer dieſen ſronmen,

218 1142 54 61 got

216 1186 54 56 nie

304 1177 1315 74 rchugen Geiſtlichen, vor andern, welche aus Hochmuth, oder durch Simo-

294 1217 1328 82 olches Biſtumd den den Kanſer ſuchten, als Biſchoffen deſtellen wurde. Alſo

219 1252 1398 90 Hickre Orto ſeme Grſandte alſogleich zu Wolkgangum der ſich noch den Piligri-

222 1274 40 56 ꝛc

284 1305 1335 79 ahieutc. Dieſe nahmrn NVN olkgangum mu ſich, fuͤhrten ꝛhme nach Ne⸗

214 1316 46 98 ;

272 1346 1347 81 purg, allwo die Cleriley und das Volck ſich rerſammlete, einhellig

272 1387 1344 75 ugangum zu ihren Biſchoff erwaͤhlte, und denſelden mitr ihren Geſandten zu

279 1422 1337 87 canſer Ortonem ſchickte. Dieſer nahme ſolche Geſandſchafft gnaͤdig auf. Die-

290 1469 1320 84 snj, ſo zugegen warrn, arprobirten dieſe Wahl olſgangi, Orto gabe ih⸗

211 1479 47 65 ne

275 1509 59 54 rn

344 1510 1266 87 Biſchoͤflichen Stad, und ſchickte denſelbden, als Biſchoff nach Regenlpurg.

279 1557 1331 92 rto) ſe totum ad Electionem venerandi viri Voltgangi convertit, ſieque lega-

209 1574 47 50 to,

273 1602 1337 90 oſt eum (Noltgangum) celeriter miſit... cumque perventum eſſet ad

208 1612 52 57 RM

275 1645 1335 89 TINAA Civitaten, Clerus S populur ſecurduͤm moren Ccrleſiaſticum, unani-

205 1659 82 62 mite,

205 1693 88 65 tione.

338 1693 1269 87 iſcopali facta Electione aa lmperatoren eum miſerunt cnm unicerſali lega-

201 1740 108 64 tis euri

330 1738 1276 84 Zua clementer ſuſcepta, & beato viro ab Epiſcopis predato. Lnperia-

202 1785 138 72 tißcalem

336 1784 1270 78 ſomens porentia per pelian (pedum) paſtorateur bozorern dedrr ei Pen-

207 1826 43 61 et

273 1863 1332 82 mir Arnoldns, um Mutte des XI. Suenli. Ans dreſen Worten Arnolai

433 1831 1169 76 S non eum parro comitaru ad Ratisbonam enm remift.) Aiſo ſchrei⸗

316 1911 1289 84 ewohnheit der Erwaͤhlnna derrn Biſchoͤffſen in dem X. und dit Mitte des

216 1916 46 62 c

294 1952 1308 87 Ecnlͤ klar abmnehmen. NB. 1.mo OTTO der Karſer denahmſte Toif-

204 1962 127 74 angum

208 1999 74 67 Lole

340 2001 1263 83 ſe totum as Eœectionen Moifgangi conrertit. 2. do die Cleriſey und

313 2028 34 49 n

201 2040 47 60 die

355 2045 1247 83 Regenipurg verſammleren ſich⸗ und erwaͤhlten Noltgangum, welchen

266 2081 1336 95 eccieruche Geſandte nach Negenſpurg fuͤhrren. Cmrgue perrentum eſer ad Re-

194 2084 102 78 givan

300 2118 1297 111 cwitaten, Clerus S Poynlur Se. zuid dieie Wahl verrichreren das Wolck

832 2193 76 61 1 2

1525 2202 75 68 nnd

52 663 33 35 11

38 687 49 51 die

39 727 47 59 die

32 772 53 64 eils

25 819 55 54 treii

32 863 47 55 ntt

29 899 57 60 der

49 953 30 48 e.

36 1084 39 48 vis

51 1121 26 53 1

28 1252 51 50 gel
