1923 2446
736 190 377 72 2 (0) 89

29 218 101 60 iehe,

142 206 56 65 ho

1553 203 85 61 117

53 260 142 74 Haltuns

349 235 1285 89 Lodem Anno nemlich 17zc. haben dem Burgerlichen Rarh ol⸗

245 259 58 82 ge

54 315 129 60 ꝛ war

320 292 1317 83 Burger und Burgerinnen um Introduction und Einfuͤhrang der.

254 342 1384 83 ugſpurgiſchen Conkelkion mit folgender Unterſchrifft ein Anlangen

70 365 74 64 uch

245 385 64 63 und

320 396 1314 79 Supplication ubergeben: In trefflicher Anzahl die ſich Teng.

23 415 131 67 enhoͤrei

247 444 1393 76 halbder nir unterſchreiben koͤnnen, aber aufE. TV. Begehren urdte⸗

65 460 92 67 n B

267 495 1369 77 ß ſeynd ſich alle mir VTahmen anzuzeigen. Es hat aber Wey⸗

17 512 163 79 rt. Ve

241 531 67 68 an

332 548 1301 73 Biſchoff Pangrar hinnach, mittels eines ſub dato 15. Octobr.

260 596 1376 73 1a2. & ſic pridie ante publicè introductam & promulgatam Ratis-

65 625 57 54 n

248 645 1386 79 ſonr Auguſtanam Conſeſſionem gedachtem Burgerlichem Magiſtrar

31 669 98 67 im &

259 698 1375 75 ngeworffen, daß dieſes Furnehmen durch etlich wenig Perſohnen ge⸗

24 721 105 65 dieſer

251 747 1379 77 gehen; wie es dann gemeiniglich in Glaubens⸗Veraͤnderungen alſo

42 770 77 62 iſto

282 800 332 75 geſchehen pfiegt.

245 891 1383 83 rͤſt dem Domimcaner Cloſter in der Nacht ein Brunſt entſtanden.

365 845 1265 77 Den 18. Rovembr. dieſes Jahrs iſt bey einem Bieroraͤuen

69 936 47 45 nt

251 944 1378 80 Oer ſtarck angefallene Wind trohete ein groſſes Ungluͤck, iſt aber mie

31 1002 32 33 11

245 998 1316 68 OOrtes Hulfr und guten Fleiß der Rettenden abgewendet worden.

36 1040 79 45 gejc

24 1073 101 105 Ro

244 1089 1388 85 fufft zu Schmalcalden, darbey befanden ſich auch Frantzoͤſiſche und

350 1051 1275 68 In dieſem Jahr hielten die proreſtirende Faͤrſten ein Zuſammen⸗

263 1144 1363 81 aoliſche Abgeſandte. Dieſe fiengen Anno 1728. groſſe Unruhe an,

241 1193 1040 80 engen wider etliche Catboliſche Fuͤrſten zimlich bart.

350 1248 1284 70 Anno 1c59. den 26. Ayril, iſt Pancratins des Adelichen Ge⸗

254 1289 1376 78 glechts deren Sinzenbofer, Thumb⸗ DDechant und Cuſtos allhie zum

248 1339 1378 78 diſchoff erwaͤhlt, und im folgenden Jahr erſt, um Willen man zum

36 1369 82 85 ber

247 1388 1379 82 babſt Paulo II. (wegen des Kriegs zwiſchen Carolo V. und Eranciſco

47 1443 57 88 ,

254 1434 1374 85 onig in Franckreich,) nit wohl kommen toͤnnen, conkrmirt, und den

252 1483 1376 89 bten Auauſti conlecrirt worden. Es war ein Herr von mttetmnaͤr⸗

51 1520 59 72 ⸗

256 1536 1369 87 zer Faͤnae, an einem Fuß hinckend, hatte jedoch Wis und Verſtand

29 1596 56 56 er

245 1584 62 68 ac

330 1593 1294 79 Benaͤgen. Nach der Zeit wolt ihm aber an dieſem manolen,

294 1646 1331 75 oeniger die Aagen, das Gehoͤr, und Fuͤß ſchwach werden, dar⸗

43 1679 60 97 dl

262 1695 1359 74 rch bekam die hieſige Stadt beſſeren Zutriti zu der Lurheriſchen Lehr.

250 1728 51 65 nd

316 1747 1305 76 Augſpurgiſchen Conkeſſion, weil ihr niemand ſonders begegnete,

42 1754 83 122 re-

278 1784 212 74 r abhielte.

516 1800 1103 71 DHer Rath erforderte ein Predicanten von Nuͤrnbera,

308 1842 1317 82 hielte allhie in der neuen Pfarr ben der ſchoͤnen Varia die teut⸗

244 1864 60 69 che

315 1892 1303 86 Meß, und Predigen: und weil zu dieſer Noriter der Zulauff ſo

245 1941 1372 87 ſcos wvar, und die Kirch zu eng⸗ hat man die Prediger vermebrt, und

232 1970 75 100 a

25 1985 113 62 Recse

304 1994 1156 135 Pndt de Angwtunt nnd Parlzſet Aus aoedonden

25 2031 104 71 Reſe

1537 2098 89 78 Als
