1959 2500
729 238 360 74 28 (0) Z58-

1506 252 87 56 267

322 290 1271 83 In dieſem Reichs⸗Tag verlyhe der Kayſer, HHertzog Leopolden

201 344 1388 79 sem Heitgen das Land Oeſterreich, und gab den Fuden Freyheit,

202 394 1391 82 daß ſie ꝛhr Synagog allhie wieder aufrichten, und ihre Ceremoni hal⸗

202 444 1388 82 zen daͤrfften nꝛe zuvor. Dann kurtz vorhero erlitten ſie eine Niderlaa

205 495 1385 82 pon 12000. Perſohnen, und Beraubung aller Guter von einer Roth

212 545 1380 81 er Rheiniſchen Kriegs⸗Leuth, ſo aus Eyffer in das Heil. Land ver⸗

208 598 1384 77 angten, und alle Juden degehrten dekehrt oder todt zu haben. Es

205 647 1388 80 zaden ſich aber einige von denen Juden allhero reririrt, und wie ge⸗

207 697 761 79 neit, Schutz bey dem Kayſer gefunden.

319 752 1273 71 Bey dieſem Kayſer Anno 1099. kam in Ungnad ſein Sohn

212 800 1382 80 onrad Koͤnig in Italien, um willen er ſich lieſſe ohne Befelch zum

213 852 1383 77 onig der Longobarder eroͤnen, da er doch wegen ſeiner guten Quali-

229 904 1365 77 cen, die ſelten in der Zahl, und ſolcher Pertection bey hohen Poten⸗

216 951 1380 82 ſten findig, aller Ehren werrh ware. Es ſahe aber der Vatter kein

252 1006 1344 75 gend an, weil er alle haffete, ſetzte derentwegen zum Roͤmiſchen

216 1054 1378 79 aonig ſeinen andern Sohn ſeines Nahmens Heinricum, unwiſſend

286 1108 1307 75 tr jenen erhoͤhe, von welchen er hernach ſolte ſeiner Ehren und

226 1152 460 75 woͤyheit emſetzt werden.

212 1226 83 86 ier

323 1206 1270 77 Von Aach zoge der Kayſer auf das Oſter⸗Feſt allhero, hielte

305 1262 1288 71 Reichs⸗Fag, in welchen Brecislaus Furſt in Boͤhmen vom Kay⸗

265 1312 1327 74 groſſe Gnad und Gunſt erfahren. Er hatte ihme aber den Weeg

223 1358 1369 79 Krro dey denen hohen Miniſtris mit Geld gedahnt. Sie haben

248 1398 34 61 .

294 1412 1300 72 daſſelbig wenig genoſſen; dann die eingefallene Peſtilentz deren viel

213 1456 1380 84 nmned genommen, abſonderlich Raporonem, und Ulricum, den man

208 1490 57 65 a

279 1511 335 69 Reichen nennete.

320 1559 1276 82 Velpho I. Velphonis I. Sohn bekommt Bayrn nach ſeines

270 1612 1327 79 utern Todt mit Erb⸗Recht Anno 1102. welches er mit ſeinem

220 1661 1377 84 oruder Heinrich von des Vottern Lodt an, 18. Jahr regiert. Har

209 1687 60 60 mir

293 1716 1306 74 riner Gemahlin Wachtild, Vonifacii des Marggraffen in Ztalia

223 1761 1376 83 Ahrer, einer reichen Frauen ewige Keuſchheit und Reinigkeit gehal⸗

212 1787 50 63 en

309 1819 1290 69 ind ſambt ihr zu Schutz der Roͤmiſchen Kirchen wider beede

218 1833 109 86 ayſer

350 1868 1247 80 Heinrich Gatter und Sohn viel geleiſt. Aſt an dieſen wohl

258 1915 1338 83 miehmen, weil er den Verwalter des Tvrols Adaldertum (ſo et⸗

282 1965 1311 85 eiſtliche Fuͤrſten, welche das Reich nacher Rom (mit Pabſt Pa-

220 1986 52 64 h⸗

205 2033 65 65 and

325 2020 1268 77 Fried zu machen) geſandt, im Tvrol aufgefangen, ausgeraubt,

293 2069 1303 78 trwahrter behalten,) unverſehens uͤberfallen, die Gefangene er⸗

205 2108 1391 121 O. und Ihne ſeldigen mit dloſſen Fuſſen abzudirten, grzwungen⸗

936 2188 108 67 212

1481 2181 119 75 Dita

36 505 79 70 fahr

55 1320 29 59 a

54 1362 47 58 ant

48 1809 17 49 ,

70 1834 27 49 n

27 1981 63 57 enee
