1939 2441
405 138 109 70 20t

941 151 365 65 228 (0) EH.

402 200 1402 84 alleln nir zu finden. Schickte deßwegen Laurentium Campegium

404 256 1389 84 heraus, mit denen Fuͤrſten des Reichs wegen Erhaltung der Catholl⸗

415 302 1377 84 ſchen Religion allhie zu conſeriren. Er fande aber nit mehr als 2. Bi

409 356 1388 82 ſchoͤff, und 1. Geſandte deren andern, Koͤnig Ferdinand, und zween

407 402 1385 87 Hertzogen aus Bayrn. Die Ausbleibung der andern macht ſchon dat

411 451 1384 87 Vorhaben ſchwer, ſonderbar weil man ſahe, daß die Vornehmſten an

407 501 1382 88 den gerechten Handel wegen anfangender Rebellion deren Unterrhanen

417 553 1368 83 (dann zu dieſem leitete ſie das neue Evangelium) verzweiffteten. &

405 608 1386 79 kamen zwar die Fuͤrſten zu Nuͤrnberg zuſammen, zu berathſchlagen⸗

405 653 1376 87 wie die Catholiſche Religion conlerrirt, und der Bauern Aufſtanl

401 707 1383 75 zeitlich gedaͤmpfft moͤchte werden: Der Schluß gieng den 12. April,

402 756 1375 80 man ſolle den Pabſt zu einem General Concilio vermoͤgen, zu Beyls

402 801 1374 85 gung der Strittigkeiten; und man ſoll den 11. Novembr. zu Spe)

401 852 1371 87 zuſammen kommen, und delideriren, was immittelſt zu thun, biß er

398 903 1374 82 ſolches Concilium anfange oder ſich ende. Unter ſolcher Zeit ſon mal

396 956 1373 81 nach der Heil. Vaͤtter Lehr predigen, von Paßquillen und kamos pietu

396 1004 1373 83 ren abſtehen, und gedencken, was im Concilio zu proponiren ſey

394 1056 1368 81 moͤchte. Es ſoll auch der Reichs⸗Schluß zu Vormbs wider den ?-

392 1102 1374 84 rher oblerrirt werden. Mit deme aber ware Pabſt Clemens nit laris

393 1154 1370 85 tacirt. Kamen alſo folgends im 152aſten Jahr etliche Biſchoͤff un

394 1202 1228 83 Fuͤrſten allhie zuſammen, und decrerirten folgende Puneten:

530 1258 1233 88 r. Was aus Kayſerlichen Befelch zu Vormbo geſchloſfen woi

388 1311 1015 84 den, ſol in allen Fuͤrſtenthumen vollzogen werden.

522 1366 1233 97 2. Das Evangelium und Goͤrtliche Wort, ſoll nach der hei

385 1421 785 81 gen Vaͤtter Auslegung gelehrt werden.

527 1482 1220 106 ?. Sol niemand mu vredigen erlandt ſeyn, als den ſein On

379 1518 357 79 narius approbiet.

525 1586 1230 86 z. In der heiligen Meß, Adminiſtration deren Sacramentei

379 1640 1330 93 und andern Gebraͤuchen, ſol man von altem Gebrauch nichts ver

377 1695 125 77 dern.

519 1752 1238 81 r. Die abgefallene Prieſter, Moͤnch, Nonnen, und andere

378 1798 1381 88 die ihren Orden verlaſſen, und wider ihre Geluͤbd und Kirchen⸗Geſa

378 1852 867 83 unguͤltig geheyrath, ſollen geſtrafft werden.

415 1908 1305 81 u c. Die Buchdrucker ſollen nichts drucken oder verkauffen,

370 1958 1383 87 werde dann zuvor durch die darzu Verordnete eraminirt, und 2r

379 2008 165 74 probirt.

1655 2042 100 69 Dei

424 1 29 42 --
