1940 2440
391 185 95 71 120.

893 187 42 61 n

963 184 327 77 8 (0) 229-

1836 249 98 65 Win.

386 283 1383 119 Contrafactur, der Kirchen zu Regenſpurl

1838 295 95 71 War

1836 345 95 71 nache

374 374 1393 119 welche zu der Ochoͤnen Maria genannt worden, mi

1842 394 72 66 nan

431 460 1300 87 Beſchreibung und Verzeichnuß der wunderbarlichen⸗

1836 443 94 73 mu an

505 517 1151 83 und zuvor nie erhoͤrten Waufahrt, ſo im Jahr 1519.

1834 500 63 58 an,

905 574 362 102 daſelsſt veſdehen.

1836 543 97 76 Dien

1839 595 90 70 r au

1836 645 57 62 den

462 658 1282 113 n dem Jebr nach Cheit unſers Geeligmachers Gebnr ꝛc

1834 691 82 74 poͤtte

370 734 1374 82 V ware zu Regenſpurg ein gelehrter Mann, der heiligen Schril

1834 750 55 59 mit

364 790 1367 78 Doctor, und ſcharffer Prediger, Balrhalar Huebmayr.

1836 790 48 66 a

361 835 1353 81 nannt, der predigte ſo hart wider die Juden, daß ein ehrſamer R

1835 840 52 70 mi

366 882 1310 84 dieſelben allgemach, doch mit Zulaffung des Kayſers, aus der C

1836 894 40 61 ſer

363 936 1366 80 weichen machte, deren Haͤuſer wurden theils mit Chriſten beſet.

1836 948 48 60 er

364 985 1353 84 theils, wie auch ihre Synagoga, in Grund nieder geriſſen, und,

1835 996 65 66 den-

359 1037 1335 77 ſtatt derſeiben ein ſchoͤne Kirche, zu der ſchoͤnen Haria genannt,

1838 1041 57 73 olg

356 1089 1344 83 bauet, zu welcher folgends groſſe Wallfahrten geſchehen, inſonder

1836 1092 45 73 er

355 1145 1317 77 aber in ernannten 15 19. Jahr, war aus gezauberter Andacht ein

1835 1152 81 65 enai

360 1190 1321 80 Zulauffen zu der ſchoͤnen Haria, daß von nahen und fernen O.

1843 1196 52 78 ꝛd

360 1238 1327 80 Junge und Alte, Maͤnner und Frauen, Geiſtlich⸗ und Weltliche,

356 1290 1315 79 ſohnen, Herren und Knechte dahin lieffen, und ſobald einen die

352 1339 1341 82 dacht ankam, lieff er alſobald, ohne laͤngeres Gaumen, auf Re-

355 1392 1334 82 ſpurg zu, und iſt mancher einen langen Weeg, dey Tag und Na

351 1443 1302 83 ohne einigerley Speiſe und Tranck dahin gelauffen. Es ſeyne

351 1492 1319 83 wohl Kinder, ſo des Weegs unbekannt, mit einen Stuck Brode

351 1543 1365 86 hin gelauffen kommen. Viel lieffen dahin mit allerley Inſtrumene

348 1592 1314 88 alſo, wie einen die Luſt oder Begierd uͤderfallen. Ein Thei

351 1644 1259 80 HHeu⸗ und Miſt⸗Gablen, wie ein jeder an der Arbeit geweſen.

347 1691 1305 83 che Frau mit einer Milch⸗Geidten, wie ſie von der Kueh arfo

348 1743 1278 82 den, andere mit Rocken und Spindlen, desgleichen ein Hand

353 1796 1244 81 Mann, was er an ſeiner Arbeit in Handen gehabt, als der

348 1844 1307 83 mit einer Schuͤtzen, der Zimmermann mit einer Band⸗ Art-

353 1893 1275 84 Vaß⸗Binder mit einem Bind⸗Meſſer, in Summa, wann

1637 1901 35 57 ei

349 1946 1314 77 die Luſt ankam, ſo lieff er mit allen dem dahin, was er in Ha

348 1996 1320 76 gehabt, dann er namm ihn nicht ſo viel Weil ſolches aus denen.

347 2046 1273 110 den Mb leden Do ſe heſſen ded Lao nnd Racht, anch in der

1632 2046 34 56 7.

1845 1336 71 81 rchi

1839 1465 53 76 ac

1831 1660 42 61 ga
