1939 2441
446 151 98 61 100

957 166 25 45 2.

1044 151 23 86 5

1114 154 230 73 0) E?-

449 202 1385 90 ſoanni Hochſeel. Gedaͤchtnuß, dem Cero und Rath ſelbſten nit ver

442 250 1384 94 borgen bleiben koͤnnen; wird alſo diß Geſchrey hinnach, als die Stai

442 302 1387 92 von dem Catholiſchen Glauben abzutretten, und der Lehr Lurheri ſic

442 352 1380 91 anhaͤngig zu machen angefangen, mithin alſo etlich Jahr hinnach, aul

439 401 1368 96 kommen ſeyn; alsdann es kein Kunſt geweſen ein ſolches Geſchre

439 455 1348 90 erwecken; hat man anderſt die HH. Capell niderreiſſen, das Heil. 2

435 501 1372 94 WVariaͤ vor einen Goͤtzen halten, daſſelbe von der auf einer hohei

439 554 1318 92 vor der Kirchen geſtandenen Saul, herad thun laſſen wollen, ſi

434 604 1378 93 man den Beelzebub, der Murter Chriſti ſowol, als Chriſto vorwer

438 652 1336 95 fen, und die Miracnla der Mutter ſowol, als des Sohns mit

431 702 1376 96 hoͤlliſchen Ruß verduncklen muͤſſen; und obwohlen gedachter Zubmar

431 751 1368 97 hinnach zu Wienn in Oeſterreich mit dem Schwerdt hingericht wi

431 798 1361 98 den, ſo meldet doch ſo wenig der Hundius in metrop. Salisburgen

432 847 1360 104 ſo von dieſen Huebmayr ſchreiden thut, daß es der verſchreyten Zaul

431 904 1341 94 rey halber geſchehen, als wenig die einsmahls zu gewiß bekan

434 950 1355 99 Zeit, herauf von Wienn ſelbſt allhero eingeholte Erfahrung ein ſola

430 1004 1357 95 gegeden, ſondern es iſt damahls aus denen noch vorhandenen Prol

424 1056 1358 95 coln zu wahrhaffter Nachricht alhero dieſe Communicarion erfolt

423 1101 1370 99 wie daß man dieſen Huebmayr, um daß er ein Widerrauß⸗

420 1147 1345 103 und derſelden Raͤdlfuͤhrer worden, und ein Bluts⸗ Freundin zu:

420 1197 1330 103 meynter Che genommen, decapitirt habe. Geſtalten auch nach

420 1250 1318 100 nem allhieſigen Wegkommen die Andacht zu der ſchoͤnen HHaria,

417 1299 1348 101 als andern Weeg fortgangen, und ſich von Tag zu Lag S. bil

417 1347 1325 101 Fahr, wie in alten Schrifften bey uns zu finden, und aiſo ube

419 1399 1305 103 Zeit des Huebmayrs Pfarr⸗Verweſung gewehret hat. Wai

420 1449 1295 103 dieſem Huebmayr die Annales der hohen Schul zu Ingolſtart

419 1497 1298 103 81. ſchreiben, iſt aus folgendem Innhalt zu erſehen. Anno CEn-

421 1544 1325 113 Hoc iplo Anno diſcelit Ingolſtadio 2s. die lanvaril Balthalar H

413 1597 1345 104 mayr S. Theologia Doctor, & Anno Snperiori Vice-Rector,.

412 1643 1312 110 per tres Annos & Menles guingne docendi muneri praloider.

1746 1670 38 61 e

409 1697 1278 106 catus Ratisbonam ad animorum euram in ſummo templo.

1720 1710 79 70 lode

412 1752 1312 97 propter hœrelim ejectus, Valdshuti (ad Rhenum opinor ſupr,

1731 1758 72 67 Ba-

409 1794 1386 103 Eleam) ibidem animarum cvram agens, nova Herelis Anabsprnr⸗

408 1842 1244 109 rum Daz factus eſt, & Author. Unde rurpiter aufugiens,

1678 1864 114 67 Tureß

405 1895 1388 102 Helveriorum à Lrvinglianis caprus eſt, & ad Palinodiam coacto-

408 1939 1374 107 Solutus è vinculis in Moraviam, kato ira luo virum ducente, pros

402 1996 1378 124 Lud ad, ratan rebegneanionio ſtereho iultanrat, Lvret. Pndl;

1708 2066 87 67 gur
