<?xml version="1.0" encoding="UTF-8"?>
<alto xmlns:xsi="http://www.w3.org/2001/XMLSchema-instance"
      xmlns="http://www.loc.gov/standards/alto/ns-v4#"
      xsi:schemaLocation="http://www.loc.gov/standards/alto/ns-v4# http://www.loc.gov/standards/alto/v4/alto-4-2.xsd">
  <Description>
    <MeasurementUnit>pixel</MeasurementUnit>
    <sourceImageInformation>
      <fileName>image168.jpg</fileName>
      <fileIdentifier>https://archiv.ub.uni-marburg.de/eb/2010/0168</fileIdentifier>
    </sourceImageInformation>
  </Description>
  <Tags>
    <OtherTag ID="BT1" LABEL="Title" DESCRIPTION="block type Title"/><OtherTag ID="BT2" LABEL="Main" DESCRIPTION="block type Main"/><OtherTag ID="BT3" LABEL="Commentary" DESCRIPTION="block type Commentary"/><OtherTag ID="BT4" LABEL="Illustration" DESCRIPTION="block type Illustration"/><OtherTag ID="BT42" LABEL="text" DESCRIPTION="block type text"/>
    <OtherTag ID="LT33" LABEL="default" DESCRIPTION="line type default"/>
  </Tags>
  <Layout>
    <Page WIDTH="1978"
          HEIGHT="2546"
          PHYSICAL_IMG_NR="168"
          ID="eSc_dummypage_">
      <PrintSpace HPOS="0"
                  VPOS="0"
                  WIDTH="1978"
                  HEIGHT="2546">
        <TextBlock HPOS="379"
                   VPOS="254"
                   WIDTH="1451"
                   HEIGHT="1996"
                   ID="eSc_textblock_d893265d"
                   TAGREFS="BT42">
          <Shape><Polygon POINTS="430 254 513 260 560 299 622 305 1049 254 1310 260 1355 277 1356 311 1402 316 1830 328 1808 1956 1796 2233 1779 2250 379 2227 396 277 430 254"/></Shape>
          <TextLine ID="eSc_line_394ff00e"
                    TAGREFS="LT33"
                    BASELINE="414 294 516 294" 
                    HPOS="414"
                    VPOS="256"
                    WIDTH="102"
                    HEIGHT="62">
            <Shape><Polygon POINTS="414 263 414 294 414 315 464 318 465 318 466 318 468 318 468 316 476 308 516 305 516 294 516 263 424 256 414 263"/></Shape>
            <String CONTENT="110"
                    HPOS="414"
                    VPOS="256"
                    WIDTH="102"
                    HEIGHT="62"
                    WC="0.9999791781107584"></String>
          </TextLine>
          <TextLine ID="eSc_line_1a6fd44a"
                    TAGREFS="LT33"
                    BASELINE="930 292 1052 302" 
                    HPOS="928"
                    VPOS="254"
                    WIDTH="124"
                    HEIGHT="69">
            <Shape><Polygon POINTS="1047 254 1032 256 1018 257 1004 258 989 260 974 263 960 264 946 265 932 267 930 292 928 308 980 322 981 322 1048 323 1052 302 1052 254 1047 254"/></Shape>
            <String CONTENT="2828"
                    HPOS="928"
                    VPOS="254"
                    WIDTH="124"
                    HEIGHT="69"
                    WC="0.9987657070159912"></String>
          </TextLine>
          <TextLine ID="eSc_line_5b02406c"
                    TAGREFS="LT33"
                    BASELINE="1126 302 1315 299" 
                    HPOS="1124"
                    VPOS="256"
                    WIDTH="191"
                    HEIGHT="67">
            <Shape><Polygon POINTS="1294 258 1280 258 1266 258 1252 258 1238 257 1223 257 1221 257 1215 263 1187 257 1181 257 1167 256 1158 264 1124 264 1126 302 1126 318 1297 323 1298 323 1300 323 1301 323 1315 315 1315 299 1314 263 1305 258 1294 258"/></Shape>
            <String CONTENT=") Leg-"
                    HPOS="1124"
                    VPOS="256"
                    WIDTH="191"
                    HEIGHT="67"
                    WC="0.9961486260096232"></String>
          </TextLine>
          <TextLine ID="eSc_line_e3a3a286"
                    TAGREFS="LT33"
                    BASELINE="406 353 1823 357" 
                    HPOS="404"
                    VPOS="306"
                    WIDTH="1419"
                    HEIGHT="71">
            <Shape><Polygon POINTS="1819 326 1805 326 1791 326 1777 326 1762 325 1748 325 1734 325 1720 323 1706 323 1692 323 1678 323 1663 322 1649 322 1635 322 1621 322 1607 321 1593 321 1579 321 1564 321 1550 319 1536 319 1522 319 1508 319 1494 318 1488 318 1479 318 1465 318 1451 316 1437 316 1423 316 1409 316 1395 315 1380 314 1366 312 1352 308 1349 308 1348 308 1232 316 1168 308 1167 308 1124 318 884 318 856 306 854 306 742 306 741 306 739 306 717 315 684 306 683 306 681 306 584 315 540 306 539 306 406 309 406 353 404 366 459 374 461 374 505 367 758 367 771 374 772 374 773 374 775 374 963 369 976 376 977 376 979 376 980 376 1021 369 1072 376 1073 376 1277 369 1386 377 1387 377 1446 370 1462 377 1464 377 1465 377 1822 370 1823 357 1820 326 1819 326"/></Shape>
            <String CONTENT="ruff, von denen Paͤpſtlichen Legaten, CREGORII IT. ( Anno 7r6.) als"
                    HPOS="404"
                    VPOS="306"
                    WIDTH="1419"
                    HEIGHT="71"
                    WC="0.9616258589189444"></String>
          </TextLine>
          <TextLine ID="eSc_line_55ada3d8"
                    TAGREFS="LT33"
                    BASELINE="407 401 1461 413 1822 408" 
                    HPOS="406"
                    VPOS="356"
                    WIDTH="1416"
                    HEIGHT="76">
            <Shape><Polygon POINTS="407 401 406 413 472 422 473 422 609 415 745 424 747 424 807 417 831 425 833 425 834 425 972 420 1189 428 1191 428 1192 428 1212 421 1437 429 1438 429 1484 422 1656 432 1658 432 1820 424 1822 408 1820 367 1784 367 1782 367 1781 367 1762 377 1703 369 1702 369 1655 377 1564 367 1563 367 1487 376 1467 366 1465 366 1464 366 1462 366 1444 376 1331 376 1290 363 1288 363 1287 363 1177 373 1148 362 1147 362 1007 362 1005 362 1004 362 980 369 942 360 940 360 851 367 831 360 830 360 829 360 827 360 807 370 766 370 747 359 745 359 698 359 697 359 696 359 672 370 643 370 623 357 622 357 621 357 582 357 581 357 580 357 578 357 563 367 482 359 481 359 479 359 465 364 445 356 444 356 442 356 407 360 407 401"/></Shape>
            <String CONTENT="Erſter ordentlicher Biſchoff in Regenſpurg beſtellet worden. Alleinig ( wie wie"
                    HPOS="406"
                    VPOS="356"
                    WIDTH="1416"
                    HEIGHT="76"
                    WC="0.9790854657752605"></String>
          </TextLine>
          <TextLine ID="eSc_line_a8f472fc"
                    TAGREFS="LT33"
                    BASELINE="404 446 1429 456 1820 452" 
                    HPOS="403"
                    VPOS="407"
                    WIDTH="1417"
                    HEIGHT="68">
            <Shape><Polygon POINTS="1380 413 1366 413 1352 413 1338 413 1281 413 1280 413 1279 413 1259 421 1168 414 1167 414 1063 420 1000 410 953 410 952 410 950 410 949 410 935 418 858 410 857 410 856 410 854 410 840 418 817 408 816 408 764 408 762 408 761 408 759 408 745 417 585 407 584 407 404 414 404 446 403 462 1818 475 1820 452 1818 415 1632 424 1588 417 1587 417 1420 422 1382 413 1380 413"/></Shape>
            <String CONTENT="vben geſehen,) gleichwie dieſe Legaten ihren Betfelch, zu Einſetzung mehrer"
                    HPOS="403"
                    VPOS="407"
                    WIDTH="1417"
                    HEIGHT="68"
                    WC="0.9821110399564107"></String>
          </TextLine>
          <TextLine ID="eSc_line_4f88348f"
                    TAGREFS="LT33"
                    BASELINE="404 496 1518 507 1820 503" 
                    HPOS="403"
                    VPOS="452"
                    WIDTH="1417"
                    HEIGHT="75">
            <Shape><Polygon POINTS="404 496 403 507 1154 523 1155 523 1637 520 1661 527 1662 527 1663 527 1819 519 1820 503 1819 476 1758 468 1757 468 1501 473 1441 461 1440 461 1438 461 1407 472 1368 461 1366 461 1303 461 1301 461 1300 461 1277 472 1226 472 1208 462 1206 462 1205 462 1160 471 989 461 987 461 929 468 901 456 899 456 898 456 652 463 606 454 605 454 498 461 471 452 469 452 468 452 404 452 404 496"/></Shape>
            <String CONTENT="ordentlichen Biſchoͤſſen nicht volkommen haben volziehen koͤnnen, aus urſachen,"
                    HPOS="403"
                    VPOS="452"
                    WIDTH="1417"
                    HEIGHT="75"
                    WC="0.9906841350507133"></String>
          </TextLine>
          <TextLine ID="eSc_line_dbfd3b00"
                    TAGREFS="LT33"
                    BASELINE="404 538 1444 550 1819 545" 
                    HPOS="404"
                    VPOS="500"
                    WIDTH="1415"
                    HEIGHT="74">
            <Shape><Polygon POINTS="404 538 404 555 594 554 643 565 645 567 723 567 723 565 795 555 839 567 840 567 841 567 843 567 864 557 901 564 902 564 943 557 989 568 990 568 991 568 1056 561 1079 568 1080 568 1082 568 1083 568 1110 558 1168 570 1170 570 1324 562 1479 572 1481 572 1621 564 1668 574 1669 574 1818 562 1819 545 1816 512 1755 520 1659 520 1641 510 1639 510 1638 510 1481 517 1393 509 1392 509 1148 514 1131 506 1130 506 1129 506 986 513 915 504 914 504 912 504 881 512 816 504 814 504 813 504 812 504 799 512 505 502 503 502 502 502 485 509 404 500 404 538"/></Shape>
            <String CONTENT="die uns dekannt ſeynd: alſo iſt auch dieſe Beſtellnng Wicterpi, ( aus Urſachen die"
                    HPOS="404"
                    VPOS="500"
                    WIDTH="1415"
                    HEIGHT="74"
                    WC="0.9894089022787605"></String>
          </TextLine>
          <TextLine ID="eSc_line_7ea76657"
                    TAGREFS="LT33"
                    BASELINE="403 589 1581 602 1815 598" 
                    HPOS="403"
                    VPOS="548"
                    WIDTH="1412"
                    HEIGHT="77">
            <Shape><Polygon POINTS="403 589 403 609 837 609 857 616 858 616 860 616 861 616 878 609 986 616 987 616 1027 611 1088 619 1089 619 1184 612 1294 620 1296 620 1376 615 1402 622 1403 622 1404 622 1488 615 1522 623 1523 623 1525 623 1608 616 1670 625 1672 625 1813 616 1815 598 1813 562 1750 560 1748 560 1747 560 1726 570 1663 558 1662 558 1611 567 1569 560 1567 560 1566 560 1539 568 1317 555 1315 555 1254 565 1171 565 1151 555 1150 555 1148 555 955 562 793 550 792 550 659 560 639 550 638 550 636 550 592 558 578 550 577 550 575 550 574 550 475 557 403 548 403 589"/></Shape>
            <String CONTENT="uns unbekannt,) nicht beſtanden, obwohlen er ordentlich, durch die Paͤpſtliche"
                    HPOS="403"
                    VPOS="548"
                    WIDTH="1412"
                    HEIGHT="77"
                    WC="0.9867426921159793"></String>
          </TextLine>
          <TextLine ID="eSc_line_be748f88"
                    TAGREFS="LT33"
                    BASELINE="400 642 1815 650" 
                    HPOS="398"
                    VPOS="601"
                    WIDTH="1417"
                    HEIGHT="72">
            <Shape><Polygon POINTS="400 642 398 657 421 666 423 666 424 666 585 659 649 667 650 667 703 660 725 667 727 667 728 669 851 669 851 667 853 667 872 660 1277 670 1279 670 1334 663 1351 671 1352 671 1354 671 1382 666 1579 673 1580 673 1813 664 1815 650 1813 609 1687 619 1604 609 1603 609 1518 618 1495 608 1494 608 1492 608 1410 618 1291 606 1211 606 1209 606 1208 606 1177 616 1039 616 1027 608 1025 608 1024 608 1022 608 986 615 914 605 912 605 911 605 872 615 708 615 626 602 625 602 515 612 400 601 400 642"/></Shape>
            <String CONTENT="Legaten eingeſetzt worden, mithin kan er der Erſte ordentliche Biſchoff genennel"
                    HPOS="398"
                    VPOS="601"
                    WIDTH="1417"
                    HEIGHT="72"
                    WC="0.9841705966740847"></String>
          </TextLine>
          <TextLine ID="eSc_line_ff0c252a"
                    TAGREFS="LT33"
                    BASELINE="400 687 1812 694" 
                    HPOS="398"
                    VPOS="650"
                    WIDTH="1414"
                    HEIGHT="65">
            <Shape><Polygon POINTS="400 687 398 702 554 711 556 711 677 702 749 711 751 711 752 711 768 704 788 712 789 712 790 714 839 714 839 712 840 712 857 704 1110 704 1141 714 1143 714 1246 715 1247 715 1811 710 1812 694 1809 656 1741 664 1404 664 1385 654 1383 654 1382 654 1270 660 1247 653 1246 653 1245 653 1126 661 1056 653 1055 653 1054 653 1021 661 964 652 867 652 865 652 864 652 843 660 817 652 816 652 814 652 752 660 718 652 717 652 715 652 622 657 611 650 609 650 608 650 606 650 551 659 486 652 485 652 400 656 400 687"/></Shape>
            <String CONTENT="werden. ( Prino Lerit.) Mabillonins verwuͤrffet Widerpun nicht aus dem Ca."
                    HPOS="398"
                    VPOS="650"
                    WIDTH="1414"
                    HEIGHT="65"
                    WC="0.9950789044032226"></String>
          </TextLine>
          <TextLine ID="eSc_line_cc82fddf"
                    TAGREFS="LT33"
                    BASELINE="398 734 1815 743" 
                    HPOS="397"
                    VPOS="697"
                    WIDTH="1418"
                    HEIGHT="69">
            <Shape><Polygon POINTS="398 734 397 749 461 758 462 758 795 753 1025 762 1027 762 1608 759 1624 766 1625 766 1627 766 1813 759 1815 743 1812 704 1612 711 1569 702 1567 702 1485 710 1438 702 1437 702 1436 702 1419 710 997 698 996 698 957 705 781 697 779 697 725 704 676 697 674 697 611 704 398 702 398 734"/></Shape>
            <String CONTENT="talogo deren Regenſpurgeriſchen Biſchoͤffen: ſondern, da dieſe Erſte ordentlich⸗"
                    HPOS="397"
                    VPOS="697"
                    WIDTH="1418"
                    HEIGHT="69"
                    WC="0.9963820196688176"></String>
          </TextLine>
          <TextLine ID="eSc_line_3b6f61c1"
                    TAGREFS="LT33"
                    BASELINE="396 786 1813 786" 
                    HPOS="396"
                    VPOS="748"
                    WIDTH="1417"
                    HEIGHT="53">
            <Shape><Polygon POINTS="396 786 396 801 1813 801 1813 786 1812 748 1726 756 396 749 396 786"/></Shape>
            <String CONTENT="Beſtellung Wicterpi nicht beſtanden, und durch Honiſacium, Garitalda, ( auch"
                    HPOS="396"
                    VPOS="748"
                    WIDTH="1417"
                    HEIGHT="53"
                    WC="0.9878133551070565"></String>
          </TextLine>
          <TextLine ID="eSc_line_5c1efbc3"
                    TAGREFS="LT33"
                    BASELINE="394 827 1811 831" 
                    HPOS="393"
                    VPOS="790"
                    WIDTH="1418"
                    HEIGHT="64">
            <Shape><Polygon POINTS="394 827 393 845 605 851 606 851 608 851 635 844 679 851 680 851 681 851 683 851 696 844 769 844 789 851 790 851 792 851 834 845 974 852 976 852 977 852 1008 845 1144 852 1146 852 1180 845 1235 852 1236 852 1287 845 1395 854 1396 854 1809 845 1811 831 1808 793 1750 800 1576 793 1574 793 1573 793 1546 800 1477 794 1475 794 1339 800 1267 792 1266 792 1225 799 1109 792 1107 792 1106 792 1086 799 963 792 962 792 902 799 833 790 831 790 773 797 744 790 742 790 741 790 703 797 686 790 684 790 683 790 394 792 394 827"/></Shape>
            <String CONTENT="mit Paͤpſtlicher Auctoritaͤt,) alſo eingeſetzet worden, daß auf denſelben beſtaͤndig."
                    HPOS="393"
                    VPOS="790"
                    WIDTH="1418"
                    HEIGHT="64"
                    WC="0.9868320871801938"></String>
          </TextLine>
          <TextLine ID="eSc_line_0a2c60e6"
                    TAGREFS="LT33"
                    BASELINE="396 874 1811 871" 
                    HPOS="394"
                    VPOS="834"
                    WIDTH="1417"
                    HEIGHT="58">
            <Shape><Polygon POINTS="396 874 396 892 1809 892 1811 871 1805 835 1777 844 1313 844 1286 834 1284 834 1283 834 1191 843 1164 834 1163 834 1161 834 1099 844 1011 835 1010 835 972 844 935 835 933 835 932 835 885 844 837 837 836 837 749 844 732 835 731 835 730 835 394 835 396 874"/></Shape>
            <String CONTENT="Biſchoͤff der Ordnung nach gefolget ſeynd, als nennet er Caritaldan Primum, den"
                    HPOS="394"
                    VPOS="834"
                    WIDTH="1417"
                    HEIGHT="58"
                    WC="0.9743993010702012"></String>
          </TextLine>
          <TextLine ID="eSc_line_f1134565"
                    TAGREFS="LT33"
                    BASELINE="396 919 1809 926" 
                    HPOS="394"
                    VPOS="879"
                    WIDTH="1415"
                    HEIGHT="70">
            <Shape><Polygon POINTS="396 919 394 932 455 943 457 943 590 934 604 943 605 943 606 943 608 943 1114 937 1130 946 1131 946 1133 946 1134 947 1191 947 1191 946 1240 937 1266 944 1267 944 1269 944 1375 939 1526 949 1528 949 1562 942 1573 949 1574 949 1576 949 1577 949 1645 942 1774 947 1775 947 1777 947 1808 939 1809 926 1806 888 1730 895 1699 885 1697 885 1612 885 1611 885 1610 885 1579 895 1526 884 1525 884 1283 893 1242 884 1240 884 1239 884 1238 884 1215 893 1076 893 1014 884 1013 884 885 891 786 881 785 881 783 881 761 892 720 892 679 879 677 879 564 879 563 879 561 879 560 879 544 889 493 879 492 879 490 879 466 886 396 882 396 919"/></Shape>
            <String CONTENT="Erſten Biſchoffen. Wiſterpun aber, ertra ordinen, auſſer der Ordnung⸗"
                    HPOS="394"
                    VPOS="879"
                    WIDTH="1415"
                    HEIGHT="70"
                    WC="0.9944376591323079"></String>
          </TextLine>
          <TextLine ID="eSc_line_de0d2996"
                    TAGREFS="LT33"
                    BASELINE="393 964 1731 971 1805 964" 
                    HPOS="393"
                    VPOS="929"
                    WIDTH="1412"
                    HEIGHT="63">
            <Shape><Polygon POINTS="393 964 393 984 615 978 778 988 779 988 950 980 967 988 969 988 970 988 1007 981 1027 990 1028 990 1030 990 1219 984 1238 991 1239 991 1532 992 1533 992 1535 992 1554 985 1573 992 1574 992 1576 992 1577 992 1601 985 1669 992 1670 992 1672 992 1692 984 1803 984 1805 964 1802 934 1584 942 1549 934 1547 934 1546 934 1523 942 1512 933 1511 933 1509 933 1508 933 1506 933 1489 940 1385 933 1383 933 1382 933 1361 940 1341 933 1339 933 1338 933 1281 940 1236 932 1235 932 1181 940 977 940 935 930 933 930 897 937 592 929 591 929 393 933 393 964"/></Shape>
            <String CONTENT="Warumen? er ware zwar, Anno 716. durch die Paͤpſtliche Auctoritaͤt als rit"
                    HPOS="393"
                    VPOS="929"
                    WIDTH="1412"
                    HEIGHT="63"
                    WC="0.9874929221900733"></String>
          </TextLine>
          <TextLine ID="eSc_line_4b5c8601"
                    TAGREFS="LT33"
                    BASELINE="393 1015 1809 1024" 
                    HPOS="391"
                    VPOS="973"
                    WIDTH="1418"
                    HEIGHT="72">
            <Shape><Polygon POINTS="393 1015 391 1028 434 1036 435 1036 582 1031 601 1038 602 1038 604 1038 605 1038 623 1031 640 1039 642 1039 643 1039 724 1032 867 1041 868 1041 962 1033 998 1041 1000 1041 1083 1033 1337 1043 1338 1043 1472 1036 1731 1045 1733 1045 1808 1036 1809 1024 1808 981 1758 981 1757 981 1755 981 1731 991 1687 983 1686 983 1644 991 1457 991 1334 978 1218 978 1216 978 1215 978 1187 988 1165 978 1164 978 1163 978 1052 987 994 977 993 977 991 977 955 988 867 988 747 977 745 977 744 977 721 987 652 987 602 974 601 974 483 981 393 973 393 1015"/></Shape>
            <String CONTENT="ordentlicher, und zwar zum erſtenmahl Biſchoff beſteler worden. Aber diele"
                    HPOS="391"
                    VPOS="973"
                    WIDTH="1418"
                    HEIGHT="72"
                    WC="0.9931891020890828"></String>
          </TextLine>
          <TextLine ID="eSc_line_cc6e707c"
                    TAGREFS="LT33"
                    BASELINE="393 1060 1338 1067 1806 1062" 
                    HPOS="393"
                    VPOS="1024"
                    WIDTH="1413"
                    HEIGHT="63">
            <Shape><Polygon POINTS="393 1060 393 1074 604 1074 639 1082 640 1082 674 1076 706 1083 707 1083 708 1083 957 1076 1035 1084 1037 1084 1399 1079 1416 1086 1417 1086 1419 1087 1492 1087 1492 1086 1494 1086 1495 1086 1506 1079 1525 1086 1526 1086 1528 1087 1751 1087 1751 1086 1805 1077 1806 1062 1802 1028 1727 1036 1672 1028 1670 1028 1669 1028 1632 1038 1530 1038 1468 1028 1467 1028 1417 1036 1259 1036 1225 1026 1223 1026 1222 1026 1158 1035 1102 1026 1100 1026 1099 1026 1066 1035 1025 1026 1024 1026 955 1033 943 1026 942 1026 940 1026 939 1026 856 1032 836 1025 834 1025 833 1025 831 1025 800 1033 724 1025 723 1025 670 1033 636 1024 635 1024 633 1024 534 1032 408 1024 407 1024 406 1024 404 1024 393 1031 393 1060"/></Shape>
            <String CONTENT="Ordnung wurde unterbrochen bis auf die Zeiten Bonitacii. Alſo vermeine ich, dai"
                    HPOS="393"
                    VPOS="1024"
                    WIDTH="1413"
                    HEIGHT="63"
                    WC="0.9946715228165253"></String>
          </TextLine>
          <TextLine ID="eSc_line_3287cece"
                    TAGREFS="LT33"
                    BASELINE="391 1104 1648 1113 1803 1099" 
                    HPOS="390"
                    VPOS="1065"
                    WIDTH="1413"
                    HEIGHT="76">
            <Shape><Polygon POINTS="391 1104 390 1121 563 1131 564 1131 684 1123 752 1132 754 1132 830 1124 874 1137 875 1137 1000 1138 1001 1138 1049 1132 1208 1138 1209 1138 1266 1125 1344 1125 1373 1140 1375 1140 1535 1141 1536 1141 1802 1127 1803 1099 1799 1072 1574 1079 1535 1072 1533 1072 1339 1077 1290 1070 1288 1070 1287 1070 1267 1077 1205 1069 1204 1069 1000 1076 899 1067 898 1067 731 1074 513 1066 512 1066 475 1073 458 1065 457 1065 455 1065 454 1065 434 1072 391 1065 391 1104"/></Shape>
            <String CONTENT="bende Erzehlungzen mit Wahrheits⸗Grund beſtehen koͤnnen, doch uͤberlaſſe ich da⸗"
                    HPOS="390"
                    VPOS="1065"
                    WIDTH="1413"
                    HEIGHT="76"
                    WC="0.9964896135032177"></String>
          </TextLine>
          <TextLine ID="eSc_line_692a30f7"
                    TAGREFS="LT33"
                    BASELINE="390 1145 863 1149" 
                    HPOS="389"
                    VPOS="1108"
                    WIDTH="474"
                    HEIGHT="63">
            <Shape><Polygon POINTS="390 1145 389 1162 775 1171 776 1171 861 1164 863 1149 861 1121 814 1111 813 1111 723 1120 684 1110 683 1110 681 1110 680 1110 663 1118 645 1110 643 1110 642 1110 557 1118 537 1110 536 1110 534 1110 533 1110 522 1115 516 1110 516 1108 515 1108 513 1108 455 1108 454 1108 452 1108 451 1108 440 1117 390 1108 390 1145"/></Shape>
            <String CONTENT="Urtheil dem gelehrten Leſer."
                    HPOS="389"
                    VPOS="1108"
                    WIDTH="474"
                    HEIGHT="63"
                    WC="0.9877877426998956"></String>
          </TextLine>
          <TextLine ID="eSc_line_a474eb05"
                    TAGREFS="LT33"
                    BASELINE="478 1192 1573 1198 1813 1189" 
                    HPOS="478"
                    VPOS="1144"
                    WIDTH="1335"
                    HEIGHT="76">
            <Shape><Polygon POINTS="478 1192 478 1209 527 1207 557 1217 558 1217 560 1217 653 1209 957 1216 959 1216 1027 1210 1116 1219 1117 1219 1216 1210 1253 1219 1254 1219 1386 1220 1387 1220 1812 1210 1813 1189 1809 1145 1765 1158 1653 1144 1375 1144 1373 1144 1372 1144 1307 1165 1202 1157 1201 1157 1199 1157 1198 1157 1184 1165 1119 1158 1117 1158 1116 1158 1114 1158 1103 1166 1027 1166 1004 1151 1003 1151 1001 1151 1000 1151 998 1151 946 1165 885 1165 868 1154 867 1154 865 1154 864 1154 756 1161 723 1154 721 1154 631 1164 478 1151 478 1192"/></Shape>
            <String CONTENT="1X. Darun Bonilacius auf ein nenes vonGregorio 1T1. denBeſelch undGewar"
                    HPOS="478"
                    VPOS="1144"
                    WIDTH="1335"
                    HEIGHT="76"
                    WC="0.9574303727754405"></String>
          </TextLine>
          <TextLine ID="eSc_line_d2c00da6"
                    TAGREFS="LT33"
                    BASELINE="390 1234 1177 1243 1799 1237" 
                    HPOS="389"
                    VPOS="1198"
                    WIDTH="1410"
                    HEIGHT="63">
            <Shape><Polygon POINTS="390 1234 389 1248 448 1257 449 1257 526 1251 567 1258 568 1258 570 1258 602 1250 664 1258 666 1258 667 1258 689 1250 714 1258 715 1258 717 1258 718 1258 744 1250 761 1258 762 1258 764 1258 911 1251 942 1260 943 1260 945 1260 1129 1254 1348 1261 1349 1261 1392 1254 1494 1261 1495 1261 1545 1253 1798 1253 1799 1237 1796 1202 1728 1212 1709 1205 1707 1205 1706 1205 1620 1212 1580 1205 1579 1205 1577 1205 1576 1205 1563 1213 1491 1213 1474 1205 1472 1205 1471 1205 1470 1205 1468 1205 1455 1213 1349 1213 1291 1205 1290 1205 1249 1210 1226 1200 1225 1200 1223 1200 1222 1200 1195 1210 979 1200 977 1200 976 1200 946 1210 923 1202 922 1202 921 1202 919 1202 918 1202 905 1210 836 1199 834 1199 718 1200 717 1200 700 1209 663 1199 662 1199 660 1199 659 1199 639 1210 573 1210 543 1199 541 1199 540 1199 472 1205 390 1198 390 1234"/></Shape>
            <String CONTENT="dekommen, mehrere Biſtuͤmer in Teutſchland außurichten, als hat er Anno 7297ꝛ"
                    HPOS="389"
                    VPOS="1198"
                    WIDTH="1410"
                    HEIGHT="63"
                    WC="0.9896883043375883"></String>
          </TextLine>
          <TextLine ID="eSc_line_7ee05582"
                    TAGREFS="LT33"
                    BASELINE="390 1277 1468 1282 1802 1273" 
                    HPOS="389"
                    VPOS="1240"
                    WIDTH="1413"
                    HEIGHT="61">
            <Shape><Polygon POINTS="1127 1243 1061 1251 909 1241 908 1241 714 1251 684 1241 683 1241 681 1241 680 1241 657 1251 643 1243 642 1243 640 1243 639 1243 585 1251 530 1251 515 1240 513 1240 512 1240 510 1240 465 1248 390 1240 390 1277 389 1288 513 1299 515 1299 1015 1291 1032 1299 1034 1299 1209 1301 1211 1301 1801 1291 1802 1273 1798 1243 1175 1253 1129 1243 1127 1243"/></Shape>
            <String CONTENT="Regenſpurg mit Vorwiſſen Odi lonis (Otilonis) Hertzogens, CARTBALDUA"
                    HPOS="389"
                    VPOS="1240"
                    WIDTH="1413"
                    HEIGHT="61"
                    WC="0.9852116037817562"></String>
          </TextLine>
          <TextLine ID="eSc_line_b26c376b"
                    TAGREFS="LT33"
                    BASELINE="387 1322 1806 1319" 
                    HPOS="386"
                    VPOS="1282"
                    WIDTH="1420"
                    HEIGHT="61">
            <Shape><Polygon POINTS="387 1322 387 1338 1095 1343 1096 1343 1361 1342 1362 1342 1380 1335 1426 1342 1427 1343 1695 1343 1695 1342 1696 1342 1719 1333 1805 1333 1806 1319 1802 1282 1731 1289 1631 1284 1629 1284 1628 1284 1604 1291 1559 1284 1557 1284 1095 1292 969 1285 967 1285 897 1291 885 1284 884 1284 882 1284 881 1284 795 1291 765 1284 764 1284 762 1284 761 1284 741 1291 701 1284 700 1284 608 1291 597 1284 595 1284 594 1284 592 1284 554 1291 386 1288 387 1322"/></Shape>
            <String CONTENT="als einen ordentlichen Biſchoffen eingeſetzet, welcher ſeinen Biſchoͤflichen Wohn⸗Eis"
                    HPOS="386"
                    VPOS="1282"
                    WIDTH="1420"
                    HEIGHT="61"
                    WC="0.9774614221909467"></String>
          </TextLine>
          <TextLine ID="eSc_line_28dfafb9"
                    TAGREFS="LT33"
                    BASELINE="389 1362 1661 1367 1798 1360" 
                    HPOS="387"
                    VPOS="1323"
                    WIDTH="1411"
                    HEIGHT="64">
            <Shape><Polygon POINTS="389 1362 387 1376 621 1383 622 1383 623 1383 645 1376 670 1383 672 1383 673 1383 771 1376 857 1384 858 1384 860 1384 878 1376 1086 1386 1088 1386 1307 1377 1509 1387 1511 1387 1796 1377 1798 1360 1794 1328 1646 1336 1579 1328 1577 1328 1576 1328 1553 1336 1536 1328 1535 1328 1533 1328 1450 1335 1389 1326 1387 1326 1303 1335 991 1335 967 1325 966 1325 964 1325 915 1335 810 1335 795 1325 793 1325 792 1325 790 1325 789 1325 754 1333 734 1325 732 1325 731 1325 730 1325 698 1333 629 1323 628 1323 389 1326 389 1362"/></Shape>
            <String CONTENT="in dem Cloſter zu S. Emmeram genommen. Von Garibaldo iſt ſchon gemelde⸗"
                    HPOS="387"
                    VPOS="1323"
                    WIDTH="1411"
                    HEIGHT="64"
                    WC="0.996647383125735"></String>
          </TextLine>
          <TextLine ID="eSc_line_0163dacb"
                    TAGREFS="LT33"
                    BASELINE="389 1408 1607 1411 1794 1403" 
                    HPOS="387"
                    VPOS="1369"
                    WIDTH="1407"
                    HEIGHT="62">
            <Shape><Polygon POINTS="389 1408 387 1420 418 1428 420 1428 421 1428 741 1422 761 1430 762 1430 764 1430 878 1422 1095 1422 1124 1430 1126 1430 1127 1431 1315 1431 1315 1430 1317 1430 1338 1422 1564 1430 1566 1430 1629 1422 1707 1430 1709 1430 1792 1421 1794 1403 1791 1370 1723 1370 1721 1370 1720 1370 1696 1379 1612 1372 1611 1372 1573 1379 1549 1370 1547 1370 1546 1370 1451 1379 1376 1370 1375 1370 1373 1370 1349 1380 1246 1380 1232 1370 1230 1370 1229 1370 1228 1370 1226 1370 1206 1379 1137 1372 1136 1372 1095 1379 1082 1370 1080 1370 1079 1370 1078 1370 1076 1370 1039 1380 916 1380 901 1370 899 1370 898 1370 897 1370 854 1377 680 1372 679 1372 677 1372 660 1379 615 1369 561 1369 560 1369 558 1369 541 1377 389 1372 389 1408"/></Shape>
            <String CONTENT="worden, baß er den Leib S. Emmerami erhebt habe, wie unſer Arnoldus Voh"
                    HPOS="387"
                    VPOS="1369"
                    WIDTH="1407"
                    HEIGHT="62"
                    WC="0.9897477106309273"></String>
          </TextLine>
          <TextLine ID="eSc_line_38ffc291"
                    TAGREFS="LT33"
                    BASELINE="390 1452 1562 1456 1795 1445" 
                    HPOS="390"
                    VPOS="1413"
                    WIDTH="1405"
                    HEIGHT="62">
            <Shape><Polygon POINTS="390 1452 390 1471 578 1465 598 1473 599 1473 601 1473 720 1466 731 1473 732 1473 734 1473 735 1473 814 1465 902 1473 904 1473 905 1473 928 1465 974 1473 976 1473 1034 1466 1051 1475 1052 1475 1054 1475 1096 1466 1146 1475 1147 1475 1420 1468 1455 1475 1457 1475 1522 1468 1687 1475 1689 1475 1690 1475 1717 1466 1794 1466 1795 1445 1791 1414 1689 1422 1632 1414 1631 1414 1629 1414 1601 1422 1543 1415 1542 1415 1540 1415 1523 1424 1399 1424 1359 1414 1358 1414 1356 1414 1338 1422 1213 1414 1212 1414 1165 1422 1102 1415 1100 1415 984 1422 898 1413 897 1413 782 1420 748 1413 633 1413 632 1413 631 1413 608 1421 563 1413 561 1413 516 1421 390 1417 390 1452"/></Shape>
            <String CONTENT="burgenlis geſchrieben. Siehe Basnage tom. III. pag. 106S. da Carolomannu."
                    HPOS="390"
                    VPOS="1413"
                    WIDTH="1405"
                    HEIGHT="62"
                    WC="0.9919922408992297"></String>
          </TextLine>
          <TextLine ID="eSc_line_22183f9a"
                    TAGREFS="LT33"
                    BASELINE="389 1497 1543 1503 1717 1499 1795 1485" 
                    HPOS="387"
                    VPOS="1454"
                    WIDTH="1408"
                    HEIGHT="69">
            <Shape><Polygon POINTS="1264 1456 1263 1456 1262 1456 1245 1465 1131 1461 1130 1461 1071 1469 1041 1456 1039 1456 1038 1456 916 1458 858 1468 846 1459 844 1459 843 1459 841 1459 817 1463 772 1455 771 1455 769 1455 738 1468 679 1458 677 1458 676 1458 656 1469 582 1469 546 1456 544 1456 543 1456 469 1466 427 1454 425 1454 424 1454 389 1455 389 1497 387 1507 629 1519 631 1519 687 1510 921 1519 922 1519 966 1510 1028 1520 1030 1520 1218 1512 1240 1520 1242 1520 1243 1520 1380 1514 1420 1521 1421 1521 1530 1514 1542 1521 1543 1521 1545 1521 1546 1523 1703 1523 1703 1521 1704 1521 1726 1513 1794 1513 1795 1485 1791 1458 1693 1468 1614 1458 1612 1458 1611 1458 1563 1472 1508 1472 1421 1458 1420 1458 1419 1458 1380 1471 1297 1471 1266 1456 1264 1456"/></Shape>
            <String CONTENT="nnd Pipinus, Caroli Martelli Soͤhn, Anno 7a2. die Bayern geſchlagen, unl"
                    HPOS="387"
                    VPOS="1454"
                    WIDTH="1408"
                    HEIGHT="69"
                    WC="0.9696118939254019"></String>
          </TextLine>
          <TextLine ID="eSc_line_6c1f1031"
                    TAGREFS="LT33"
                    BASELINE="387 1538 1467 1547 1687 1544 1775 1536" 
                    HPOS="386"
                    VPOS="1500"
                    WIDTH="1389"
                    HEIGHT="67">
            <Shape><Polygon POINTS="387 1538 386 1550 506 1561 507 1561 587 1553 605 1561 606 1561 608 1561 881 1555 979 1564 980 1564 981 1564 1013 1555 1065 1564 1066 1564 1068 1564 1089 1555 1123 1564 1124 1564 1332 1567 1334 1567 1460 1558 1471 1565 1472 1565 1474 1565 1475 1565 1774 1558 1775 1536 1771 1507 1554 1514 1506 1506 1505 1506 1339 1513 1233 1506 1232 1506 1191 1512 1181 1504 1180 1504 1178 1504 1177 1504 1117 1512 1069 1503 1068 1503 1066 1503 1049 1510 865 1502 864 1502 788 1509 632 1509 612 1500 611 1500 609 1500 387 1504 387 1538"/></Shape>
            <String CONTENT="Odilo der Hertzog durch die Flucht noch entkommen, beßndete ſich unter denen G"
                    HPOS="386"
                    VPOS="1500"
                    WIDTH="1389"
                    HEIGHT="67"
                    WC="0.992388883462319"></String>
          </TextLine>
          <TextLine ID="eSc_line_a4141826"
                    TAGREFS="LT33"
                    BASELINE="383 1582 1412 1588 1680 1585 1775 1577" 
                    HPOS="383"
                    VPOS="1545"
                    WIDTH="1392"
                    HEIGHT="63">
            <Shape><Polygon POINTS="383 1582 383 1603 500 1596 534 1603 536 1603 537 1603 539 1603 551 1596 638 1596 732 1605 734 1605 871 1598 882 1605 884 1605 885 1605 1018 1606 1020 1606 1338 1599 1409 1608 1410 1608 1774 1599 1775 1577 1772 1548 1706 1555 1659 1548 1658 1548 1474 1555 1379 1548 1378 1548 1376 1548 1359 1557 1151 1557 1082 1547 1080 1547 1079 1547 1045 1555 1017 1545 1015 1545 1014 1545 974 1555 911 1555 887 1545 885 1545 884 1545 802 1554 748 1545 747 1545 703 1553 383 1547 383 1582"/></Shape>
            <String CONTENT="tangenen, GAUBAL.DUS Vi chorf zu Negenſpurg, nebſt SERGTUM den Hrl"
                    HPOS="383"
                    VPOS="1545"
                    WIDTH="1392"
                    HEIGHT="63"
                    WC="0.9894549702153062"></String>
          </TextLine>
          <TextLine ID="eSc_line_c89341f5"
                    TAGREFS="LT33"
                    BASELINE="386 1625 1702 1629 1762 1620" 
                    HPOS="386"
                    VPOS="1587"
                    WIDTH="1376"
                    HEIGHT="63">
            <Shape><Polygon POINTS="386 1625 386 1646 468 1637 490 1644 492 1644 493 1644 609 1637 626 1646 628 1646 629 1646 778 1637 802 1647 803 1647 805 1647 960 1639 1138 1647 1140 1647 1205 1639 1242 1647 1243 1647 1245 1647 1376 1640 1396 1649 1397 1649 1399 1650 1720 1650 1720 1649 1761 1639 1762 1620 1758 1589 1649 1596 1590 1589 1588 1589 1522 1598 1368 1598 1341 1589 1339 1589 1338 1589 1100 1595 1086 1588 1085 1588 1083 1588 888 1595 793 1587 792 1587 790 1587 773 1594 554 1587 553 1587 520 1594 503 1587 502 1587 500 1587 386 1594 386 1625"/></Shape>
            <String CONTENT="ſter, ſo als Legatus Zachariæ des Papſtens bey Odilone damauus ſich eingeſi"
                    HPOS="386"
                    VPOS="1587"
                    WIDTH="1376"
                    HEIGHT="63"
                    WC="0.9975546638170878"></String>
          </TextLine>
          <TextLine ID="eSc_line_c5a77de9"
                    TAGREFS="LT33"
                    BASELINE="383 1669 1096 1667 1672 1674" 
                    HPOS="383"
                    VPOS="1628"
                    WIDTH="1289"
                    HEIGHT="65">
            <Shape><Polygon POINTS="383 1669 383 1687 489 1677 526 1686 527 1686 529 1686 530 1686 554 1678 575 1686 577 1686 578 1686 745 1678 764 1688 765 1688 766 1688 768 1688 793 1678 932 1686 933 1686 1048 1680 1097 1688 1099 1688 1155 1680 1311 1693 1313 1693 1670 1688 1672 1674 1672 1644 1576 1643 1553 1632 1552 1632 1550 1632 1549 1632 1530 1642 1496 1632 1495 1632 1494 1632 1492 1632 1472 1643 1356 1643 1313 1632 1311 1632 1249 1640 1213 1630 1212 1630 1211 1630 1089 1640 1005 1630 1004 1630 957 1639 922 1632 921 1632 919 1632 901 1640 783 1639 758 1629 756 1629 755 1629 673 1639 631 1639 616 1629 615 1629 614 1629 468 1628 466 1628 421 1637 383 1632 383 1669"/></Shape>
            <String CONTENT="den. Vide Eccardum. tom. L. Francie Oriental. pag. 256. &amp; 187."
                    HPOS="383"
                    VPOS="1628"
                    WIDTH="1289"
                    HEIGHT="65"
                    WC="0.9916168259036157"></String>
          </TextLine>
          <TextLine ID="eSc_line_db96b799"
                    TAGREFS="LT33"
                    BASELINE="383 1715 771 1711 1617 1718 1786 1702" 
                    HPOS="383"
                    VPOS="1671"
                    WIDTH="1403"
                    HEIGHT="64">
            <Shape><Polygon POINTS="383 1715 383 1734 455 1734 455 1732 457 1732 476 1724 522 1731 523 1731 524 1731 547 1724 904 1724 974 1731 976 1731 1010 1724 1037 1734 1038 1734 1039 1734 1117 1725 1167 1734 1168 1735 1699 1735 1699 1734 1700 1734 1719 1725 1785 1725 1786 1702 1784 1673 1655 1684 1242 1684 1215 1674 1213 1674 1212 1674 1120 1683 1035 1671 923 1671 922 1671 867 1681 843 1671 841 1671 738 1671 737 1671 656 1681 635 1673 633 1673 498 1671 496 1671 495 1671 471 1681 437 1674 435 1674 383 1681 383 1715"/></Shape>
            <String CONTENT="lang Gaudaldus das Biſtum Negenſpurg regieret habe, kommen die Scribentel"
                    HPOS="383"
                    VPOS="1671"
                    WIDTH="1403"
                    HEIGHT="64"
                    WC="0.9927244439516982"></String>
          </TextLine>
          <TextLine ID="eSc_line_4baadb21"
                    TAGREFS="LT33"
                    BASELINE="380 1759 1696 1759" 
                    HPOS="380"
                    VPOS="1717"
                    WIDTH="1316"
                    HEIGHT="63">
            <Shape><Polygon POINTS="380 1738 380 1759 380 1779 466 1770 531 1779 533 1779 534 1779 556 1769 670 1769 689 1776 690 1776 691 1776 846 1769 863 1779 864 1779 865 1779 867 1779 868 1779 904 1769 955 1777 956 1777 1032 1769 1189 1779 1191 1780 1318 1780 1318 1779 1320 1779 1321 1779 1335 1769 1366 1779 1368 1779 1369 1780 1502 1780 1502 1779 1504 1779 1528 1769 1547 1779 1549 1779 1550 1779 1696 1776 1696 1759 1695 1725 1262 1728 1195 1719 1194 1719 1147 1727 1124 1717 1123 1717 1121 1717 998 1725 966 1717 964 1717 963 1717 785 1724 772 1717 771 1717 769 1717 653 1717 652 1717 650 1717 625 1728 605 1718 604 1718 602 1718 530 1725 481 1717 479 1717 386 1728 380 1738"/></Shape>
            <String CONTENT="nichr uͤbereins. Die Catalogi unſeres Cloſters melden, Cautalden habe 22."
                    HPOS="380"
                    VPOS="1717"
                    WIDTH="1316"
                    HEIGHT="63"
                    WC="0.994057055205515"></String>
          </TextLine>
          <TextLine ID="eSc_line_edbaa5de"
                    TAGREFS="LT33"
                    BASELINE="1710 1753 1784 1744" 
                    HPOS="1704"
                    VPOS="1707"
                    WIDTH="81"
                    HEIGHT="68">
            <Shape><Polygon POINTS="1710 1753 1713 1775 1785 1758 1784 1744 1777 1707 1704 1718 1710 1753"/></Shape>
            <String CONTENT="Jahr"
                    HPOS="1704"
                    VPOS="1707"
                    WIDTH="81"
                    HEIGHT="68"
                    WC="0.9999916553497314"></String>
          </TextLine>
          <TextLine ID="eSc_line_71bb2201"
                    TAGREFS="LT33"
                    BASELINE="380 1804 1047 1800 1610 1807 1696 1802 1779 1785" 
                    HPOS="379"
                    VPOS="1759"
                    WIDTH="1400"
                    HEIGHT="65">
            <Shape><Polygon POINTS="1525 1760 1516 1760 1464 1772 1368 1772 1349 1762 1348 1762 1346 1762 1345 1762 1344 1762 1329 1772 1182 1772 1095 1760 1086 1760 1072 1760 1058 1760 959 1766 915 1760 902 1760 898 1760 880 1769 858 1760 846 1760 831 1760 817 1760 803 1760 789 1760 775 1760 761 1760 747 1760 732 1760 718 1760 704 1760 690 1760 676 1760 662 1760 648 1760 633 1760 629 1760 612 1768 558 1760 548 1760 541 1760 522 1769 507 1763 506 1763 505 1763 469 1770 452 1762 451 1762 449 1762 448 1762 447 1762 432 1770 407 1763 406 1763 404 1763 403 1763 379 1772 380 1804 380 1814 516 1823 517 1823 519 1823 547 1813 570 1818 571 1818 573 1818 800 1811 858 1823 860 1823 861 1823 881 1813 949 1820 950 1820 952 1820 972 1811 1030 1811 1047 1821 1048 1821 1049 1821 1051 1821 1102 1814 1250 1823 1252 1823 1253 1823 1290 1811 1311 1823 1313 1823 1314 1824 1687 1824 1687 1823 1689 1823 1723 1811 1778 1811 1779 1785 1774 1759 1687 1772 1570 1772 1530 1760 1525 1760"/></Shape>
            <String CONTENT="regieret, Hundius aber ſchreibet, er habe nur 12. Jahr, und alſo dis 752. da"
                    HPOS="379"
                    VPOS="1759"
                    WIDTH="1400"
                    HEIGHT="65"
                    WC="0.9950592062975231"></String>
          </TextLine>
          <TextLine ID="eSc_line_921783f9"
                    TAGREFS="LT33"
                    BASELINE="382 1850 1651 1848 1775 1834" 
                    HPOS="380"
                    VPOS="1802"
                    WIDTH="1395"
                    HEIGHT="66">
            <Shape><Polygon POINTS="1569 1807 1559 1807 1547 1816 1482 1816 1423 1806 1421 1806 1420 1806 1397 1816 1321 1816 1304 1804 1300 1804 1286 1804 1271 1804 1263 1803 1242 1814 1196 1804 1195 1804 1137 1814 1099 1803 1097 1803 1096 1803 1095 1803 1093 1803 1078 1813 983 1804 981 1804 980 1804 933 1816 881 1804 880 1804 878 1804 851 1814 754 1804 752 1804 684 1816 653 1804 652 1804 592 1804 578 1804 564 1804 550 1804 540 1804 539 1804 537 1804 536 1804 519 1816 483 1816 466 1806 465 1806 464 1806 380 1806 382 1850 382 1858 404 1868 406 1868 407 1868 515 1858 536 1867 537 1867 539 1867 540 1867 557 1858 663 1865 664 1865 666 1865 680 1858 725 1865 727 1865 816 1858 830 1867 831 1867 833 1867 834 1867 836 1867 867 1858 911 1867 912 1867 1027 1857 1243 1867 1245 1868 1639 1868 1639 1867 1774 1854 1775 1834 1771 1802 1668 1816 1587 1816 1570 1807 1569 1807"/></Shape>
            <String CONTENT="Biſtum verwaltet Alleinig da er Srmperrum, w icher auf Gaubaldum getor"
                    HPOS="380"
                    VPOS="1802"
                    WIDTH="1395"
                    HEIGHT="66"
                    WC="0.9775759484086718"></String>
          </TextLine>
          <TextLine ID="eSc_line_37b92db0"
                    TAGREFS="LT33"
                    BASELINE="382 1889 1586 1895 1775 1878" 
                    HPOS="382"
                    VPOS="1848"
                    WIDTH="1393"
                    HEIGHT="69">
            <Shape><Polygon POINTS="1174 1850 1160 1850 1146 1850 1131 1850 1117 1850 1103 1850 1089 1850 1075 1850 1061 1850 1047 1850 1032 1850 1018 1850 1004 1850 990 1850 976 1850 962 1850 956 1850 933 1858 882 1858 870 1850 863 1850 853 1850 837 1857 823 1850 820 1850 806 1850 793 1850 724 1859 616 1859 594 1850 594 1850 580 1850 571 1850 539 1857 382 1854 382 1889 382 1909 452 1901 498 1913 499 1913 500 1913 529 1908 680 1915 681 1915 683 1915 684 1915 700 1905 776 1903 833 1903 847 1913 848 1913 850 1913 851 1913 914 1902 1010 1902 1078 1915 1079 1915 1080 1915 1099 1905 1110 1912 1112 1912 1113 1912 1114 1912 1116 1912 1141 1905 1212 1916 1213 1917 1625 1917 1625 1916 1627 1916 1670 1903 1774 1903 1775 1878 1774 1848 1724 1848 1723 1848 1721 1848 1690 1859 1648 1851 1646 1851 1535 1859 1505 1851 1504 1851 1502 1851 1444 1861 1267 1861 1174 1850 1174 1850"/></Shape>
            <String CONTENT="men ſeyn ſolle, ſchon Anno 752. als Biſchoffen ſctze:, welcher nach ſeiner (Hundir"
                    HPOS="382"
                    VPOS="1848"
                    WIDTH="1393"
                    HEIGHT="69"
                    WC="0.9813390039816136"></String>
          </TextLine>
          <TextLine ID="eSc_line_36373c0c"
                    TAGREFS="LT33"
                    BASELINE="384 1930 1560 1940 1658 1937 1782 1910" 
                    HPOS="383"
                    VPOS="1891"
                    WIDTH="1399"
                    HEIGHT="72">
            <Shape><Polygon POINTS="993 1893 986 1892 898 1908 834 1908 803 1895 802 1895 800 1895 799 1895 779 1905 707 1893 706 1893 704 1893 674 1906 543 1906 492 1895 490 1895 455 1901 432 1891 431 1891 430 1891 384 1898 384 1930 383 1943 473 1954 475 1954 527 1949 577 1959 578 1960 720 1960 720 1959 721 1959 744 1950 781 1960 782 1960 783 1961 874 1961 874 1960 875 1960 897 1950 914 1959 915 1959 916 1960 996 1960 996 1959 997 1959 1025 1947 1109 1949 1137 1961 1138 1961 1140 1961 1352 1956 1365 1963 1366 1963 1368 1963 1369 1963 1441 1953 1574 1963 1576 1963 1577 1963 1594 1954 1612 1960 1614 1960 1615 1960 1655 1951 1781 1951 1782 1910 1778 1896 1666 1896 1665 1896 1663 1896 1628 1910 1591 1901 1590 1901 1588 1901 1587 1901 1557 1910 1505 1910 1489 1901 1488 1901 1487 1901 1485 1901 1484 1901 1450 1909 1416 1898 1414 1898 1413 1898 1355 1909 1287 1901 1286 1901 1194 1908 1180 1899 1178 1899 1177 1899 1175 1899 1120 1908 1003 1893 993 1893"/></Shape>
            <String CONTENT="Erzehlung z2. Jahr regieret, mehin Anno 182 deſtorden iſt; ſo nus das Biſou"
                    HPOS="383"
                    VPOS="1891"
                    WIDTH="1399"
                    HEIGHT="72"
                    WC="0.9619247341156005"></String>
          </TextLine>
          <TextLine ID="eSc_line_36fcfd2d"
                    TAGREFS="LT33"
                    BASELINE="382 1980 1249 1988 1687 1981" 
                    HPOS="380"
                    VPOS="1939"
                    WIDTH="1307"
                    HEIGHT="69">
            <Shape><Polygon POINTS="382 1980 380 1991 444 1994 458 2004 459 2004 461 2004 462 2004 464 2004 488 1994 546 2004 547 2004 582 1997 680 2004 681 2004 683 2004 684 2004 697 1995 747 2005 748 2005 932 1995 943 2002 945 2002 946 2002 947 2002 1042 1997 1119 2004 1120 2004 1154 1997 1168 2007 1170 2007 1171 2007 1373 2008 1375 2008 1376 2008 1397 1998 1454 2008 1455 2008 1498 1998 1537 2008 1539 2008 1540 2008 1542 2008 1583 1998 1686 1998 1687 1981 1685 1944 1576 1954 1438 1944 1437 1944 1375 1954 1356 1943 1355 1943 1354 1943 1352 1943 1127 1953 1059 1942 1058 1942 813 1951 762 1944 761 1944 564 1950 537 1940 536 1940 534 1940 452 1947 382 1939 382 1980"/></Shape>
            <String CONTENT="Regenſpurg (maſſen er Conſtantinum als Biſchofſen nichr ertennet,"
                    HPOS="380"
                    VPOS="1939"
                    WIDTH="1307"
                    HEIGHT="69"
                    WC="0.977882419182704"></String>
          </TextLine>
          <TextLine ID="eSc_line_28fdc8c5"
                    TAGREFS="LT33"
                    BASELINE="1717 1971 1784 1964" 
                    HPOS="1712"
                    VPOS="1925"
                    WIDTH="72"
                    HEIGHT="67">
            <Shape><Polygon POINTS="1717 1971 1719 1992 1757 1992 1757 1991 1758 1991 1760 1991 1784 1975 1784 1964 1777 1925 1712 1936 1717 1971"/></Shape>
            <String CONTENT="ſeche"
                    HPOS="1712"
                    VPOS="1925"
                    WIDTH="72"
                    HEIGHT="67"
                    WC="0.9211999893188476"></String>
          </TextLine>
          <TextLine ID="eSc_line_7f68869b"
                    TAGREFS="LT33"
                    BASELINE="383 2022 939 2033 1570 2033 1782 2011" 
                    HPOS="383"
                    VPOS="1987"
                    WIDTH="1399"
                    HEIGHT="68">
            <Shape><Polygon POINTS="1024 1987 1018 1987 1004 1987 990 1987 976 1987 963 1987 962 1987 960 1987 932 1998 919 1990 918 1990 916 1990 915 1990 851 1997 809 1990 807 1990 806 1990 771 2000 694 1987 693 1987 691 1987 670 1998 655 1992 653 1992 652 1992 650 1992 621 2000 577 1987 575 1987 383 1987 383 2022 383 2045 503 2041 618 2052 619 2052 679 2041 734 2052 735 2052 737 2052 766 2045 786 2052 788 2052 789 2052 957 2046 1346 2053 1348 2053 1393 2046 1403 2053 1404 2053 1406 2053 1407 2055 1583 2055 1583 2053 1584 2053 1620 2045 1638 2052 1639 2052 1641 2052 1642 2052 1662 2042 1781 2042 1782 2011 1778 1988 1659 1990 1597 2001 1577 1994 1576 1994 1574 1994 1437 2001 1423 1992 1421 1992 1420 1992 1419 1992 1417 1992 1390 2001 1240 1994 1239 1994 1082 2001 1025 1987 1024 1987"/></Shape>
            <String CONTENT="Jahr lang keien Biſchoffen gehabr haden; dann Hundius ſager, daß Adatrinu."
                    HPOS="383"
                    VPOS="1987"
                    WIDTH="1399"
                    HEIGHT="68"
                    WC="0.9780287045884777"></String>
          </TextLine>
          <TextLine ID="eSc_line_b6ed6009"
                    TAGREFS="LT33"
                    BASELINE="380 2069 1610 2076 1777 2053" 
                    HPOS="379"
                    VPOS="2029"
                    WIDTH="1398"
                    HEIGHT="70">
            <Shape><Polygon POINTS="1119 2035 1117 2035 1116 2035 1114 2035 1097 2043 943 2036 942 2036 887 2043 858 2035 857 2035 856 2035 792 2042 772 2033 771 2033 769 2033 768 2033 738 2042 670 2031 669 2031 615 2042 418 2029 417 2029 415 2029 387 2038 380 2060 380 2069 379 2080 421 2089 423 2089 543 2083 611 2094 612 2094 614 2094 645 2083 711 2093 713 2093 714 2093 741 2086 891 2097 892 2097 894 2097 925 2089 947 2097 949 2097 950 2097 952 2097 979 2090 1100 2097 1102 2097 1103 2097 1105 2097 1119 2089 1212 2097 1213 2097 1269 2086 1293 2096 1294 2096 1296 2096 1436 2090 1597 2099 1598 2099 1600 2099 1641 2086 1775 2084 1777 2053 1772 2033 1641 2042 1621 2033 1620 2033 1618 2033 1617 2033 1577 2046 1406 2046 1390 2038 1389 2038 1387 2038 1345 2043 1308 2036 1307 2036 1134 2043 1120 2035 1119 2035"/></Shape>
            <String CONTENT="erſt Anno 790. Biſchorf zu Regenſpurg worden ſeye. Was aus der Erzehlung Hun"
                    HPOS="379"
                    VPOS="2029"
                    WIDTH="1398"
                    HEIGHT="70"
                    WC="0.9854339063167572"></String>
          </TextLine>
          <TextLine ID="eSc_line_59219f7e"
                    TAGREFS="LT33"
                    BASELINE="387 2116 1699 2117" 
                    HPOS="386"
                    VPOS="2076"
                    WIDTH="1313"
                    HEIGHT="64">
            <Shape><Polygon POINTS="387 2116 386 2130 430 2138 431 2138 516 2137 517 2137 543 2128 609 2128 629 2138 631 2138 632 2138 696 2128 813 2128 841 2137 843 2137 844 2137 974 2128 1000 2138 1001 2138 1003 2138 1047 2128 1167 2138 1168 2138 1170 2138 1191 2131 1212 2138 1213 2138 1215 2138 1346 2131 1419 2138 1420 2138 1421 2138 1444 2128 1489 2138 1491 2140 1604 2140 1604 2138 1605 2138 1637 2128 1696 2132 1699 2117 1696 2080 1487 2086 1368 2077 1366 2077 1303 2086 1243 2079 1242 2079 1240 2079 1239 2079 1228 2087 1160 2087 1127 2077 1126 2077 1124 2077 1123 2077 1121 2077 1107 2086 979 2079 977 2079 976 2079 960 2087 790 2087 745 2077 485 2077 483 2077 482 2077 448 2086 387 2076 387 2116"/></Shape>
            <String CONTENT="dii, ( da er Gaubaldo r;, und Symperto z2. Regierungs⸗ CTahr zugibt,,"
                    HPOS="386"
                    VPOS="2076"
                    WIDTH="1313"
                    HEIGHT="64"
                    WC="0.980853455654089"></String>
          </TextLine>
          <TextLine ID="eSc_line_df645c64"
                    TAGREFS="LT33"
                    BASELINE="1733 2097 1778 2093" 
                    HPOS="1728"
                    VPOS="2055"
                    WIDTH="51"
                    HEIGHT="61">
            <Shape><Polygon POINTS="1743 2059 1728 2060 1733 2097 1734 2116 1779 2110 1778 2093 1772 2055 1750 2058 1743 2059"/></Shape>
            <String CONTENT="ſol⸗"
                    HPOS="1728"
                    VPOS="2055"
                    WIDTH="51"
                    HEIGHT="61"
                    WC="0.9995305985212326"></String>
          </TextLine>
          <TextLine ID="eSc_line_7f59316e"
                    TAGREFS="LT33"
                    BASELINE="382 2164 626 2158 1520 2164 1659 2158 1774 2141" 
                    HPOS="382"
                    VPOS="2117"
                    WIDTH="1392"
                    HEIGHT="64">
            <Shape><Polygon POINTS="1638 2117 1637 2117 1635 2117 1610 2131 1494 2131 1465 2117 1464 2117 1462 2117 1461 2117 1423 2130 1348 2120 1346 2120 1345 2120 1325 2131 1141 2131 1113 2118 1112 2118 1110 2118 1109 2118 1069 2130 1051 2118 1049 2118 1048 2118 1047 2118 1045 2118 1007 2130 957 2118 956 2118 955 2118 915 2128 762 2117 761 2117 673 2120 672 2120 670 2120 655 2130 587 2117 585 2117 455 2130 382 2127 382 2164 382 2179 632 2179 632 2178 633 2178 653 2169 706 2178 707 2178 812 2171 854 2178 856 2178 940 2169 998 2179 1000 2179 1001 2179 1022 2169 1056 2179 1058 2179 1059 2179 1061 2179 1086 2172 1116 2179 1117 2179 1119 2179 1120 2179 1121 2179 1134 2171 1148 2178 1150 2178 1151 2178 1195 2172 1397 2179 1399 2179 1400 2179 1434 2169 1453 2179 1454 2179 1455 2181 1645 2181 1645 2179 1646 2179 1665 2169 1772 2168 1774 2141 1770 2117 1670 2125 1639 2117 1638 2117"/></Shape>
            <String CONTENT="ꝛr, nemlichen, daß das Biſtum Regenſpurg 5. oder anch S. Jahr lang teinen B"
                    HPOS="382"
                    VPOS="2117"
                    WIDTH="1392"
                    HEIGHT="64"
                    WC="0.965925985177358"></String>
          </TextLine>
          <TextLine ID="eSc_line_1cca23ed"
                    TAGREFS="LT33"
                    BASELINE="384 2209 895 2200 1547 2207 1641 2203 1764 2185" 
                    HPOS="383"
                    VPOS="2157"
                    WIDTH="1381"
                    HEIGHT="110">
            <Shape><Polygon POINTS="1430 2164 1416 2164 1413 2164 1402 2168 1194 2162 1192 2162 1153 2169 1140 2162 1133 2162 1130 2162 1116 2169 1083 2162 1082 2162 1080 2162 1061 2169 1031 2161 1020 2161 1018 2161 1004 2166 938 2161 935 2161 921 2161 909 2161 867 2166 812 2159 810 2159 809 2159 790 2166 649 2161 648 2161 580 2169 563 2161 561 2161 553 2161 539 2161 524 2161 510 2161 496 2162 482 2162 468 2162 454 2162 451 2162 437 2172 383 2172 384 2209 384 2267 537 2265 539 2265 616 2229 645 2236 646 2236 648 2236 649 2236 680 2224 720 2239 721 2239 723 2239 724 2239 782 2219 836 2227 837 2227 887 2217 938 2219 1065 2258 1066 2258 1068 2260 1119 2260 1119 2258 1120 2258 1121 2258 1178 2223 1271 2230 1273 2230 1274 2230 1291 2223 1311 2231 1313 2231 1314 2231 1349 2224 1412 2248 1413 2248 1414 2248 1487 2231 1537 2241 1539 2241 1604 2237 1624 2246 1625 2246 1627 2246 1672 2239 1673 2239 1675 2239 1716 2215 1764 2215 1764 2185 1758 2157 1631 2169 1453 2169 1444 2164 1430 2164"/></Shape>
            <String CONTENT="gote vhab hus, zun e Her dsn vib Blihr zten ater Jodr nol do."
                    HPOS="383"
                    VPOS="2157"
                    WIDTH="1381"
                    HEIGHT="110"
                    WC="0.8428380547976885"></String>
          </TextLine>
        </TextBlock>
      </PrintSpace>
    </Page>
  </Layout>
</alto>
