1566 2270
582 105 40 47 ers.

118 100 63 56 AO

648 90 62 72 2

752 97 234 71 0) Zezer

94 146 1377 86 B. V. M. oder S. Francilci Salelui zu Amberg aufgerichter tvor⸗

95 195 101 68 den.

228 239 1243 93 Es hat ſich auch Abbt Cœleſtinus ſehr bemuhet einige zu Grund

98 298 1373 80 gangene Cloͤſter in Ungarn widerum zu erneuern, und zu bekommen,

97 343 1371 92 wie die Original-Brieff ſolches detraͤfftigen. Allemn der Todt hat ee

94 395 222 61 verhindert.

224 441 1243 84 Die groſſe Einſicht und erleuchtete Verſtand Cœleſtin Abbtens

93 490 1353 87 machte denſelben alſo beruͤhmt und angenehm, daß er von denen ge

93 542 1368 82 ſammten Titl. Titl. Hꝛn. Hꝛn. Reichs⸗Praͤlaten des Schwaͤbiſchen

94 587 1371 87 Craoſes zu einen Abgeſandten dieſes hochwuͤrdigen Corporis auf dei

94 639 1367 82 Reichs⸗Tag zu Regenſpurg auserwaͤhlet worden. Er wuſte aua

92 688 1365 80 durch ſeine gute Lebens⸗Arth, und allerunterthaͤnigiſten Vorſtellunt

92 736 1365 83 bey Sr. Kayſerl. Majeſtaͤt und bey der hohen Reichs⸗ Verſammlun⸗

93 781 1314 84 ſein groſſes Antiegen, dahin einzuleitten, daß das Reichs⸗Gtiff

90 829 1358 90 Emmerami bey Erlag eines Roͤmer⸗Monarhs von 96. fl. auf 32.f

90 884 368 55 moderirt worden.

219 926 1238 87 Ungeachtet aller dieſer obigen groſſen Verdienſten und Fleib⸗

89 981 1357 80 nachdeme er auch viele Guͤter erkaufft, verbeſſert, (unter welchen 6⸗

89 1029 1350 80 hen⸗Gebraching zu zehlen iſt) hat er ſeinem lieben Convent, welche

89 1076 1354 85 er Anno 1688. zuſamm geruffen, mit groſſer Demuth vorgetragen

90 1126 1349 79 daß er wegen groſſen Alter untauglich, die Abbtey zu religniren ge

88 1172 1360 81 dencke, welches aber alle gegenwaͤrtige abgebetten, und ihret

87 1220 1341 87 liebſten Herrn Vatter, ſolche noch laͤngers zu regieren inſtaͤndigiſt a

84 1271 178 64 geflehet.

222 1319 1220 82 Wie ſorgfaͤltig Abbt Cœleſtinus vor die Verehrung deren he⸗

89 1367 1357 83 ligen Patronen dieſes Reichs⸗Stiffts S. Emmerami, vor Erhaltunt

93 1416 1346 82 deſſen Privilegien, gearbeitet habe, gibt zu erkennen ſeine ſchon zut

85 1467 1287 75 drittenmabl (bey ſeinen Lebs⸗Zeiten,) und anſetzo das viertemab

1405 1472 44 51 zn.

85 1513 1325 78 Druck befoͤrderte Hiſtoria, in welcher er das Leben unſerer grof

88 1562 1342 76 Schutz⸗ Patronen, die Hiſtorie des Cloſters aus denen alten Mani

84 1611 1364 76 ſcriptis, und Original-Documenten beſchrieben. Anno ro6T. kane

83 1660 1364 75 zum Druck: Mauſoleum. oder herrlicbes Grab K. Emmeram durch

87 1707 1354 77 Cœleſtinum Abbten, gedruckr zu Srraubing 16S1. in ſorma 12

83 1754 1243 83 Anno 1672. folgte eine zwerre aber ſehr vermehrte Auflag⸗

1335 1747 113 72 dieſes

80 1803 1372 77 Buchs, gedruckt zu Straubing 1672. in ato. Anno 1620. wurde

84 1855 1273 93 die drirte, und widerum vermehrte Aufas allhier in Regenwurt

1366 1842 81 63 vol⸗

79 1904 289 65 lendet in ato.

1355 1942 99 79 Inci-
