1935 2512
742 256 296 74 18 (0) 1b

1492 288 66 55 37,

181 295 1386 111 tert demlrhig, erbotte ſich nach des Kaoſers Willen Frid zu halten,

187 355 1019 88 und erlangte dardurch alles, was er verlohren haͤtte.

302 410 1265 95 Im vorgemeltem 1221. Jahr wurde der a1. Biſchoff allhie,

181 453 1386 101 ſoannes U. von Streirberg, Thumb⸗ Herr, Cuſtos und Vicarius Ge-

187 502 1378 103 fieralis, ein tayfferer und lobwuͤrdiger Herr. Er vermoͤgte HHertzog

184 549 1383 108 geinrichen von Landshut, daß er des Stiffts eigenthumliche Gut

188 604 1374 103 Lhonauſtauff denen Regenſpurgern verſetzt, zu loͤſen ſich reſolvirt.

180 654 1385 100 Indeme aber der Biſchoff, wider des Fuͤrſten Willen, ſich ferners

181 694 59 63 nir

255 710 1303 93 der Stadt heimlich verglieche, hat er oſkendirt, und dem Hertzon

196 760 1366 89 egen angewendten Unkoſten 3000. Duͤcaten geben muͤſſen. Er in-

196 806 1364 99 Srporirte Anno 1226. der Thumb⸗Probſtey allhie, die Pfarr Engl⸗

203 855 1346 103 echrs⸗THuͤnſter. Hauſete in allem wohl. Regierte 7. Jahr, 7

185 901 1377 117 Lonarh, und 2a.Tag. Starb Anno 1a28. und wurd mitten in dem

185 942 331 92 Ehumd begraben.

575 1242 550 72 dLAA. L A--

268 1332 1287 102 no 1222. kam zu der Regierung unſers Cloſters Volkhardus

261 1381 1290 105 Straus der Aoſte Abbt. Empfangt Anno 1221. von Koͤnig

273 1433 1280 103 Sigmund das Reichs⸗Lehen, wird im Lehen⸗Brief ein gefuͤr⸗

191 1475 1360 113 rer Abbr genennt. Hertzog Albrecht in Bayrn conkrmirt ihmne das

195 1522 1356 119 wilegium Erneſti und Guilielmi Anno 1326. Hertzog Heinrich nimmt

178 1558 46 65 ge

254 1575 1292 115 Cloſter und all deſſen Haab und Guter in ſeinen Schutz, conſir-

161 1597 80 73 noͤrt

249 1630 1299 106 ind erneuert alle vorige deren Kayſer, Koͤnig, und Fuͤrſten Privi-

266 1683 1275 104 als wann ſie von Wort zu Wort inſerirt waͤren Anno 1222.

238 1730 1306 103 edachter HHertzog Albrecht deſtaͤttigte auch Kayſer Ludwigs Privi-

241 1766 36 59 n

175 1797 48 60 ne

308 1782 1230 110 der Zoll⸗Befrerung Anno 1522.. (a) Er war ein frommer,

235 1817 74 67 en

180 1847 29 55 r

312 1836 1232 96 Cloſter nutzlicher Mann, ließ ein groſſe Glocken von 62. Cen⸗

228 1874 1316 113 bieſſen, welche aber ein Wetter⸗Streich 1622. ruinirt, und die

188 1914 1353 131 gende Brunſt Anno 1692. gar zerſchmeltzt. Er lietz auch macden

906 1999 54 83 9.

1368 2023 171 54 S. DIO.

185 2105 397 130 dagatc h Lac.
