1940 2440
845 151 37 59 n

902 151 330 69 6S (0) Leg-

341 157 91 66 161

338 200 1387 80 dem Biſtumb verſetzt worden, ſambt dem kleinen Zoll, Waag, uni

1816 234 107 75 rzahl

341 258 1373 72 Galgenhueb im Burgfeld, denen Regenſpurgern auf Widerloͤſung in

1812 279 88 72 Dato

340 310 1370 70 ner 20. Jahren um 2500. Ungariſche Gulden verkaufft, ohne einige

1809 326 93 75 Dato

347 359 1365 69 Vermelden, daß darvon was verzetzt ware. So hat auch die Stal

340 410 1351 65 Anno 177a. von denen Auern zu Premberg den groß und kleinen H

1809 427 110 75 aͤden⸗

347 458 1334 70 (unter dene man von Seiten Chur⸗Bayrn die Waſſer⸗Maurh

1822 479 94 76 udo

337 508 1371 72 der Thonau, laut der 1620. & 1 62r. in Druck gegebenen Acten n

1813 530 112 71 en un

340 561 1330 62 verſtehen, noch der Stadt ſelbige zugeben thut) mit Bewigigung.

1812 578 111 75 nit A

344 608 1365 72 Biſchoffs erhandlet, welchen Biſchoff Fridrich denen zweyen Bruͤden

1816 630 113 70 uccel

348 661 1356 65 Fridrich und Johann Auern von Premberg, nur auf Leibs⸗Leben lon

1812 680 103 69 nen.

341 710 1361 69 verſetzt, auf ſolche Weiß ermeltes der allhieſigen Biſchoͤff, und H.

1809 726 105 75 ambt

341 759 1334 62 togen in Bayrn allhie gehabtes Recht an die gemeine Gtadt komm

1813 775 109 80 Hocks

340 813 1327 64 gleichwohlen Bayrn die Mauth, und der Blut⸗Bann, Hals⸗

1815 826 112 76 Stube

340 855 1307 76 Hochgericht, ſo jeder Stadt Schultheiß vom HHauß Bayrn zu:

1812 877 94 71 ein &

340 909 588 65 empfangen muß, verbliben.

1811 928 78 68 rwil

473 957 1186 74 Dieweilen nun, wie oben gemelt worden, ein Biſchoffa

1823 974 73 77 Schi

334 994 1334 83 ein deſondere Probſt⸗ oder Thumb⸗Gericht harte, deßwegen abee-

1817 1026 99 77 Zomr

338 1058 1324 72 ſich mit der Stadt zancken muͤſte, geſchaͤhe, daß ſolches Gerich

1805 1069 91 88 huer

342 1112 1307 65 Zeiten vacirte, wie es dann auch niderlag, da Hertzog Albrecht⸗

344 1157 1304 65 1287. der Stadt Regenſpurg Herr worden. Nach Reſtirntion

1805 1172 76 76 nd

340 1205 1309 66 der Stadt, hat der Biſchoff ſein Gericht wider biß Anno 151o.e

1813 1230 109 75 wu

338 1257 1283 71 cirt, wie dann in dieſem Jahr Biſchoff Georg von Pappenhaimt

340 1308 1304 70 Probſten, oder Richter geordnet, welchem der Rath vorhere

1804 1320 110 73 Aarir

337 1358 1346 69 Stadt verbotten, weiln dann ſelbigen die Stadt nit geduiten woi

1811 1374 111 77 ie allt

333 1408 1243 70 iſt diß Gericht wider eingeſtellt worden. Worauf der Biſchot

1815 1423 104 73 ayſer

1660 1431 48 66 dt

334 1458 1309 71 allein um dieſer Urſach willen, ſonder auch wegen Widertoͤfuns

1820 1476 99 77 ſchen

1664 1489 34 61 r.

333 1510 1285 70 verſetzten Recht, und Gerechtigkeit, und anderer Beſchwerden h

1803 1518 89 65 otrd.

334 1554 1268 76 vor dem Rath zu Augſpurg, als der Stadt Regenſpurg ge

1817 1568 90 74 m 9

1662 1588 40 48 9u

332 1606 1297 69 Richter deklagt. Die Regenſpurger beziheten ſich aus die vrœſeri

1805 1615 105 78 odts

1641 1647 26 61 .

329 1655 1274 73 von ſo langen Jahren beſchehenen Kauff, und andere Behelff⸗

1653 1676 53 64 oie

1800 1675 93 106 . c

330 1706 1285 73 alſo ein Procels diß auf das 1571ſte Jahr, und wuſte man mt

1599 1745 68 60 er⸗

326 1759 1253 68 aus der Gach zu kommen waͤre. Endlich hat man ſich guruc

1803 1760 123 79 Lachd

332 1806 1358 72 chen; und zwar das der Biſchoff von allen ſolchen Anforderungen we

1808 1809 89 77 ben,

1647 1835 32 60 r

328 1861 1260 69 chen, der Gericht ſich maſſen, und ſolche der Stadr uberlaſſen

1803 1858 94 80 Hon

330 1909 1258 70 gegen die Geiſtliche, auch alle ihre Privilegia, immuniteten⸗

1790 1900 79 70 zod⸗

1877 1918 34 70 2

1794 1953 110 73 Haber

326 1957 1315 68 und Gerechtigkeiten unperrurdirt genieſſen, und die von Anno⸗

1792 2004 66 70 n

321 2004 1305 83 dem Clero auſoeſoͤlte zaͤhrliche 20o. R. kalen, und der Staor nit

1592 2056 38 53 de
