1935 2499
911 222 391 70 -6i& (0) 82B-

391 222 97 59 276

393 276 1404 68 in alten Cloͤſterl zu Weyh St. Peter begraben worden. gan liſet

398 333 1398 66 ſonſten von einem andern Mariano Scoto, der war ein Hiſtoricus.

395 380 1188 71 ligt zu Mayntz begraben, und gehet R genſpurg nichts an.

527 433 1263 69 Unter dem ſehr jungen Kayſer Hainrich den IV. entſtunden grol

394 484 1392 69 ſe Unruhen im Reich. Sein Frau Mutter Agnes, Vilhelmi, Fhͤr

397 534 1392 68 ſtens in Aquitanien Tochter, ein Matron voller Tugenden, regiere

394 587 1388 68 gar wohl. Es wurde aber ihr junger Sohn aus Rath etlicher Fhe

393 635 1394 71 ſten mit Liſt aus ihrer Zucht genommen, und durch Albertum, Ert⸗

391 688 1398 67 Biſchoffen zu Dremen, und Vernerum einen Grafen, mehr zu Laſteri

391 738 1396 70 als zu Tugenden gelencket Das bekummerte die Frau Mutter ſehr-

393 789 1394 70 zohe in Italien, degab ſich in ein Cloſter, kam endlich auf Rom⸗

393 839 1396 68 und fuͤhrte bey S. Perronilla ein ſtill, einſames, und ſtrenges Leben,

391 888 1395 71 unter dem Gehorſam des heiligen Petri Damiani; endete zu letzt vo

393 935 1389 74 guter Werck ihr Leben ſceliglich Anno 1077, den 12. October, un

388 988 1388 69 wurde in St. Johannes⸗ Kirchen in Laterano begraben. Starbe de

393 1041 1387 66 ſto lieber, damit ſie nur ihr uͤbel erzogenen, und gottloſen Sohn

388 1089 1390 74 Heinrici IV. laſterhafftes Leben, und ſchaͤndliche Thaten nicht me⸗

387 1139 1391 70 ſehen und hoͤren daͤrffte. Dann gleich nach erreichten patierliche

393 1191 1383 70 Jahren zum regieren, fienge er an erſtlich allen Laſteren, ſonderl⸗

386 1241 1389 69 der Unzucht, ſich zu ergeben, die Kirchen zu berauben, die Geiſtud

391 1288 1382 73 GOtt gewidmete Gutter nach ſeinem Belieben zu brauchen, oder⸗

386 1341 1385 69 verſchencken, die hoche und niedere Beneficia Ecclelialtica zu verkaul

386 1392 1383 75 fen; die Fromme der Kirchen, und dem Heil. Roͤm. Stuhl Getrei

384 1445 1360 72 und Gehorſame theils abzuſetzen, theils gefangen zu nehmen, cheils

384 1496 1360 70 das Elend zu ſchicken, oder gar umzubringen. Denen Geiſt ia

1730 1538 35 61 r.

390 1543 1289 71 nicht allein zu Leichtfertigkeit, und Weiber nemmen, Anlaß und

1732 1588 41 59 en

387 1595 1306 72 ſchub zu geben, ſondern ſie zu dekendiren, und zum Ungehorſan

387 1642 1384 75 Roͤmiſchen Stuhl anzureitzen; die rechtmaͤßige (Papſtens Gregorn ViI.

381 1696 1378 71 Election zu dilputiren, und einen andern ſeine (Heinrici) Ubeltoͤ

377 1745 1389 76 ten nicht culpirenden Papſten einzuſetzen; Die weltliche Fuͤrſten, 0

1698 1786 73 67 det

379 1797 1314 73 ihme nicht gefielen, oder zuwider waren, von ihren Laͤndern zu

381 1847 1316 73 ſtoſſen, und ſelbige ſeines Gliffters zu verleyhen; Die Grafen

384 1903 1264 64 Herren zu Sclaben zu machen; Seinen Soldaten allen 9 u

381 1945 1383 76 ſchier mehr zu befehlen, als zu geſtatten; Die Burger und Landſaͤ

380 1996 1327 74 ſen zu derauben, ihre Weiber und Toͤchter zu ſchaͤnden, und Hi

381 2046 1384 83 abzubrenneni Die debwegen ertolgte Ercommnunication zu verachten

376 2093 535 111 vnd in Wbiand i ſdigomn.

1693 2133 79 68 um
