1991 2551
777 232 41 81 8

995 232 106 79 aͤs-

1566 239 35 67 1

182 287 1430 75 der Seelen⸗Geſundheit bis zu End ſeines Lebens; und ſetzt andey,

184 345 1429 68 nach wenig untermiſchten Zeilen, diſen Poͤnfahl, oder Fluch: dahero,

184 393 1426 71 wann ein Kayſer oder Koͤnig gedachtes Cloſter einem anderen uberlatt,

182 445 1430 72 ſoll er in der Vermaledeyung der Heil. Mariæ, S. Perri, ſeiner Nach⸗

181 498 1300 71 koͤmmlingen, und aller Heiligen geſetzt, und unterworffen ſeyn.

313 548 1300 68 (2) Carolus Crallus in lummna Egeſtare adco vizit, ut lrpins

182 598 1430 73 guotidiani victus lentiret penuriam. ab omnibus luis derelictus pri-

182 649 1431 72 varam viram miler vinit, adjurus ab Arnolpho certis eX alemannia

181 700 1434 70 Redditibus pro victu quotidiano, quem luppler rogaverat, ne kame

184 753 1431 70 periret. Mortuus itague pauper ſine honore in Augia Majori pro-

188 803 1424 64 pe Conſtantiam humili, & abjecto monumento lepulrus Anno 888.

185 854 1027 68 Imperii decimo, à lnis ſtrangulatus, Ac. dicirur.

316 901 1294 72 (h) Nachdem nun, wie zuvor gemeldt, die Seel des heiligen

182 950 1430 71 Emmerami, ſo mehr als die helle Sonnen glantzte, von denen Leibs⸗

184 1001 1426 71 Banden aufgeloͤſt, und in den HHimmel aufgefahren, die ewige See⸗

182 1050 1427 76 ligkeit ihren Verdienſten nach, zu genieſſen, haben die Gegenwaͤrtigen

184 1101 1424 75 mit groſſer Forcht und Ehrerbietung den heiligen Leib auf den Wagen

182 1155 1428 68 geleat, und den fuͤrgenommenen Weeg fortgeſetzt, bis in den Flecken

187 1201 1422 78 Aſchaim, allwo ſie ihne in Anweeſenheit des Orts Innwohner in die

184 1254 1375 73 Kirchen des Heil. Petri ehrlich begraben, und ſeynd davon gezogen.

323 1309 1282 67 i) Es wollte aber der heilige Leib den Tag ſeiner Auferſtehung

181 1356 1428 76 daſelbſt nicht erwarten, ſonder die Gegend der Stadr Regenſpurg har

181 1404 1428 75 ihm gefallen, daß ſein Leib dahin gefuͤhret wurde; und ſiehe, mit was

181 1456 1427 68 Wunder⸗ Werck auch der Luft des herligen Manns Willen gehorſam

181 1503 1428 78 geweſt; dann der Weſt⸗Wind von Nidergang der Sonnen erhebte

181 1554 1427 85 ſich, und triebe mit Gewalt Wolcken zuſammen, die den HHimmel

181 1607 1424 83 Hantz verdunckleten, und iſt ein ſo groſſer Regen 10. Tag lang mit

182 1659 1421 78 grauſamen Donnern und Blitzen auf die Erden her ab gefallen, daß

184 1710 1418 74 die Baͤch zur See worden, und faſt die gantze Erd bedeckten; wo

182 1761 1423 77 auch der Leib diſes heiligen Manns, und Martyrers in die Stadt Re⸗

181 1814 1424 77 genſpurg nicht waͤre gefuͤhret worden, man zu deſorgen gehaot, das

180 1862 1423 83 gantze Land haͤrte daͤrffen durch ſolches Gewaͤſſer zu Grund gehen.

192 1914 1411 91 O) Diſem Unheyl ader zu begegnen, iſt der heilige Leid aus Goͤttli⸗

965 1972 85 75 E 2

1513 1984 96 76 cher

214 2062 368 62 ( Munſterus fol. 202.

215 2101 355 60 (H) Pag. 100. car. 15.

224 2141 348 55 1) Paz 100. c1p. 12.

215 2174 356 70 E) Tas rod. eer. v.-
