2024 2573
720 234 63 61 ac

786 234 62 69 63

878 235 237 66 0) 629-

1569 251 41 56 2)

204 280 1420 83 daß die Erden gleich als von einem toͤdlichen Schlaf aufgeweckt, und

205 338 1411 83 wieder zu ihrer vorigen Zterde und Schoͤnheit durch ihn gebracht

203 383 140 85 wurde.

622 573 595 131 ATUTIV.

218 716 1381 114 St. Haimeran kommt gen Regenſpurg

350 806 1117 110 verbleibt drey Jahr, und zohe gen Rom.

370 909 1246 90 ꝛe der heilige Mann in ſolchen Vorhaben, und SCorsfaͤltio⸗

251 1029 1365 73 CW dem Land Bayrn kommen, ziecht in die Stadt Regenſpurg

371 980 1246 70 keit nacher Oeſterreich fortgereiſt, iſt er zu der Thonau und

248 1076 1366 76 in welcher damahls Theodo Hertzog als in ſeiner Haupt⸗ und

210 1124 1403 78 Wohn⸗Stadt das Land herrſchete; (H) giebt ſich bey demſelben an,

200 1176 1416 79 und als er vorgelaſſen worden, hat der heilige Mann dem Hertzogen

200 1225 1417 82 ſein vorhabendes Zihl eroͤffnet und geſagt, wie er bey ſich deſchloſſen

197 1277 1420 80 mit Beyſtand Goͤrtlicher Huͤlff in Oeſterreich zu reiſen, und dieſelde

201 1327 1412 82 Hunniſche Voͤlcker von dem groben Arrthum der Abgoͤtterey und HHey⸗

194 1377 1419 76 denſchafft zu dem rechten Chriſtlichen Glauben zu dringen, oder um

193 1423 1426 77 deſſen willen ſein Blut m Darſetzung des Lebens zu vergieſſen; weil

191 1473 1418 82 ader zu ſelbiger Zeit ſich eine groſſe Uneinigkeit zwiſchen den Hnnnen,

198 1522 1412 84 und Bayrn enthielte, alſo zwar, daß es gar zu feindlichen Waffen

195 1572 1414 96 kommen, und dey den Fluß Enß die Stadr jaͤmmerlich zerſtoͤhret, auch

190 1628 1419 90 gar oͤo gelaſſen, und gleichſam zu einer Wohnung der wilden Thier ge⸗

195 1678 1417 83 macht worden, fuͤrchtere ihme maͤnniglich diſer Orrhen zu reiſen, dann

264 1733 1348 85 denen ſchwebenden Kriegs⸗Waffen, ſonderuch zwiſchen Heydniſchen

200 1781 1406 80 Soͤlckern haͤtte man ſich keiner Freundſchafft zu getroͤſten, ſondern Le⸗

191 1831 1416 85 dens⸗Gefahr zu beſorgen, ohne Frucht Chriſtlicher Bekehrung. Da⸗

200 1882 1403 86 ero der Fuͤrſt Thcodo dem .H. Varter diſe Reiß ſelbſt mißrathen, und

195 1934 1409 94 egehrt, er wrlie bey ihme, und ſemnem Vouck verbieiben, weil ſelbi⸗

896 1995 56 70 2

1521 2004 82 70 ges

250 2134 552 94 kemrs Ta. U. Prr 25. erP.

211 2172 252 72 O ldid. err. s.
