1918 2545
859 220 404 74 .123 (0085z--

355 220 93 62 15A

345 274 1420 79 denen verſammleten Biſchoͤrfen vor; dieſe erkundigten ſich hernach von deffelben Le⸗

345 320 1417 75 bens⸗Arch, gutten Sitten, Faͤhigkeit; Oder die Biſchoͤrfe ſelbſten ſuchten einen tana⸗

343 364 1419 72 lichen aus, forderten von der Eleriſey ihre Einwilligung, und von dem Volck das

347 407 1413 75 Zeugnuß, ob der nen⸗znerwaͤhlende Biſchoͤff von guten Sitten ꝛc. waͤre? Arlsdani

349 446 1413 79 machten dieſe verſammlete Biſchoͤffe einen ſolchen zn einen Biſchoff dieſer Stadt. E⸗

349 493 1410 78 ware aber noͤrhig, daß die Clerſey ihren Willen, und das Volck die Approbation

350 534 1406 81 darzu gaben. Ohne Einwilligung der Cleriſey, und Einſtimmung des Volcks wurde

347 579 1402 82 von denen verſammleten Biſchoͤffen, kein Biſchoff erwaͤhlet und geweyhet. Die Fuͤr

346 622 1406 79 nehmere und Erſtere von der Stadts⸗Gemeinde hatten auch einen groſſen Anther

343 663 1406 83 an ſolcher Wahl. Die Biſchoͤn hatten groſſe Achtung von der Meinnng deren Fuͤl

349 705 1396 83 nehmen einer ſolchen Stadt, in Erwaͤhlung eines neuen Biſchoffens. Wann die N

347 753 1404 81 ſchoͤff der Provintz nicht alle koͤnnten erſcheinen, wurde die Wahl dannoch anch vos

343 800 1405 75 wenigeren vorgenommen, doch alles mit Vorwiſſen des Merropoliten ꝛc. welcher.

345 838 1404 82 wann ſich ein Zweiffel oder Streit aͤuſſerte, den endlichen Ausſpruch allein maches

347 885 1397 75 koͤnte. Nach der Zeit, hatten die Metropoliten in Orient, die Biſchoͤffe der Pro

346 923 1399 85 vint zu ſich in ihre Reſidentz⸗Stadt deruffen, und allda die Wahl eines Viſchoſſer

345 969 1396 80 vor die kleine Staͤdt mit ihnen vorgenohmen. Es ware ſehr unbequem eine Vel

342 1012 1393 83 ſammlung mehrerer Biſchoͤffen, an einem kleinen Orth, oder Stadi zu halten.d

340 1057 1398 81 Wahl wurde bisweilen, theils wegen Uneingkeit deren Buͤrgern, theils wegen d.

339 1104 1402 76 nen Klagen, ſo einige vorbringeten, lang verzoͤgeret, und vieles Ungemach enrſinn

338 1150 1396 74 de. Die Cleriſen und Volck aber der jenigen Stadt, allwo der Biſchonf verſtord⸗

338 1189 1396 76 ware, koͤnte dey der Verſammlung deren Biſchoͤffen in der Haupt⸗Sraor des M⸗

339 1232 1396 75 tropoliten nicht zugegen ſeyn. Dahero auch die Cleriſey, und das Volck einer ſo

336 1278 1400 70 chen Stadt, zu Annehmung dieſes nenen Biſchoffens nicht gezwungen werden koͤnt

336 1323 1398 71 Doch unterſuchte der Srnodus, von welchem der neue Biſchorf erwaͤhlet worden,

336 1364 1399 72 ob die Cleriſey und Volck Urſach haͤtten, dieſen nenen Biſchonſen nichr anzunenmes,

335 1408 1389 73 und machte alsdann den Schluß. In denen groſſen Sraͤdten wurden die Fiſcho

333 1454 1395 71 erwaͤhlet, wie zuvor. Da nun das Volck und Cleriſey, von denen kleinen Sraͤdu

332 1498 1390 67 da deren Biſchoͤnfe geſiorden waren, ben der Verſammiung des Synodi in der Hauß

333 1538 1386 72 Stadt des Metropoliten nicht erſcheinen koͤnte, und dieſer Synodus das Wall

335 1580 1375 72 Geſchaͤfft ohne Gegenwarth der Cleriſey und des Volcks verrichteten, als machre.

333 1627 1386 72 Kayſer ſuſtinianus ein Geſatz, dat die Cleriſey einer ſolchen keinen Sradt,,

329 1665 1386 79 der Biſchoff geſtorben ware, mit denen Fuͤrnchmeren ans der Sradt, ( ſedoch-

1683 1716 42 62 n

328 1715 1333 80 Ausſchleſſung des gemeinen Volcks,) drey Derſohnen benennen ſolten,

1686 1756 46 66 es

330 1764 1337 74 welchen ſie eine vor ihren Biſchoffen haben wolten. Dieſes ſollten ſie hernack

1684 1805 34 50 nl

329 1808 1338 73 Aetropoliten ſchrifftlch denachrichten, welcher nach ſeinen Gurgeduncken ernei

330 1850 1307 75 dieſen Dreyen zum Biſchoffen ertlaͤren wurde. Norella CXXIII. & CXN,

1703 1887 22 54 .

338 1894 1331 79 ſultinianns wolte das gemeine Volck gaͤntuͤch von der Wahl⸗ Geſchaͤfft de-

1691 1932 23 53 .

329 1939 1311 77 ſchofſens ansſchnieſſen; dann durch den Poͤvel gar nele Unordnungen und Zn

332 1985 1321 67 theils wegen Eigennntz, rheils aus andern nndilichen Urſachen, in denen El.

339 2027 1344 74 nibus entſtanden. Thomatlinus de veteri Dilciplina Parte 11. lid. 11..

328 2067 1375 82 IX. num. 2. 5. 1. 5. ſchreiber, daß deſe Erwaͤhlungs.Arrh, welche ſultiu.

325 2116 1339 89 nus gemacht, ſthon zuror an cingen Orthen rrdrauchet worden. Arrin di

1858 1669 37 58 et

1860 1716 28 102 .

1864 1805 39 54 ar

1861 1888 30 58 n

1869 2026 16 51 t
