1935 2499
408 249 104 61 282

929 244 397 64 at2 (O) Eer-,

411 292 1405 78 Hertzog mit den Sachſen in der Allianz, belaͤgerte die Stadt, Henri-

411 345 1401 78 cus entfiohe, Nelpho eroberte mit der Stadt Ortonem den Biſchoffen

416 398 1387 67 der nun verſprache von denen Schismaticis und Heinrico anhangende

412 451 768 68 den Paͤbſtlichen Stuh zu veneriren.

552 494 1263 72 Vvelpho belaͤgerte Wurtzburg, Heinricus mit 20000. Mans

409 548 1400 76 wolte es entſetzen, bey Bleichfeld geſchahe ein blutige Schlacht, Hein

411 599 1390 72 rici Armee wurde geſchlagen, und Wuͤrtzburg eingenommen. Er lel

413 653 1392 68 virte ſich zeitlich mit der Flucht allhero, wurde aber nit eingelaſſen

411 705 811 62 dann alles in der Stadt war wider ihn.

548 753 1202 70 Anno 1087. brachte der ungluͤckſeelige erſchroͤckliche Todt

411 806 1323 61 monis Biſchoffen zu Paſſau der Schilmatiſchen Seet anhaͤngig,

1758 780 53 77 ꝛe

412 853 1384 70 ſeines Anhangs zum rechten Glauben und Gehorſam, aber Heinricoi

411 902 1362 65 nit. Dieſer damit er in Sachſen zu einen Beyſtand Urarislaum 1

412 953 1317 72 tzogen in Boͤheim bekame, ofkerirt ihme den Koͤniglichen Tirl,

1751 953 39 46 ut

412 1005 1377 70 lieſſe ihm durch Engelberrum Erhz⸗Biſchoffen zu Trier croͤnen. Half

412 1059 1346 62 doch nichts, dann die Gachſen machten Heinricum abermahl im O

416 1110 775 61 ber das Feld raumen

552 1155 1253 75 Anno 1089. iſt von Kayſer Heinrich dem Vierten unter waͤ

415 1206 1386 71 renden Zwiſpalt mit dem Pabſten allhie eingedrungen und zum Biſchol

412 1259 1357 65 verordnet worden Gebhardus IV. (c) von Gotzesheim, oder wie,

412 1307 1302 63 dere wollen von Hohenloe. Der iſt vor ſeiner Conlecration zu

1748 1305 17 50 .

409 1359 1342 68 larn in Oeſterreich jaͤmmerlich um das Leben kommen, und aldor

412 1410 1345 72 der Pfarr⸗ Kirchen begraben worden Anno 1105. Die Urſach,;

412 1463 842 64 wer der Thaͤter geweſen, iſt nit findlich.

551 1514 1183 72 Anno 109a. regierte eine granſame Peſt allhie, die naht

411 1567 904 69 nerhalb z. Monath 8500. Menſchen hinweg.

957 1672 343 124 Sn (at.

505 1820 1227 69 Sbt Cœleltinns ſchreibet, daß Eberhardns Anno ꝛ0y0. geſtordei

1755 1810 41 47 ey.

420 1803 74 111 K

518 1870 1172 63 Von dieſen Cberbardo verdienet hieher geſetzt zu werden, was bey ꝛ

1746 1846 43 56 8e

412 1910 1267 65 nardo Pezio Tomo III. Anecdot. fol. 512. aus denen Manuſeriptis

1684 1904 46 53 de

422 1949 1328 68 treffuͤchen Stifis Tegernlce zu leſen iſt. ſAbbati Seyfrido (Tegernice

415 1990 1382 98 dddas Eberharans S. Emimerni vrdinuione Henriei quardͤ ld&287.

1766 1975 16 43 1

427 2176 1327 77 O In Rartsdon Lrslebaſties wund vmn almn Dictsra d Ead mihras m addta toh
