1571 2270
162 348 1342 69 Arl der VL. Roͤmiſcher Kayſer hatte nun die erwunſchte Ruhe von

157 398 1347 66 z⸗ Geiten des Tuͤrckens. Alleinig der Krieg, welcher voriges Jahr

137 441 1367 72 von Spanien durch. Hinwegnehmung der Inful Gardinien widerum

135 493 1367 70 angefangen worden, dauerte fort. Man bildete ſich zu Wienn kraͤff⸗

133 542 1366 68 tig ein, die Spanier wurden in das Koͤnigreich Neapel einfallen.

128 586 1371 71 Allein der Spaniſche Admiral Cartagnetta kame wider alles Verhof⸗

129 634 1366 73 fen mit ſeiner Flotte an die Sicilianiſche Kuͤſten, allwo er unweit Pa-

124 683 1372 76 lermo den 2. Julii, 18000. Mann unter den Marquis de Leede an das

121 730 1374 78 Land ſetzte, welche Mannſchafft. nach und nach von Sardinien aus,

119 784 1373 65 alſo verſtaͤrcket worden, daß eine Armse von z0000. Mann angewach⸗

122 829 1370 67 ſen. Der Gouverneur dieſer Inful (von Seiten des Hertzogs in

122 877 1369 68 SGavoyen) kunte einer ſolchen Nacht nicht widerſtehen, und muſte al⸗

123 925 1368 71 ſo dieſe Inful dem Koͤnig in Spanien ſich unterwerffen. Unterdeſſen

118 979 1372 67 wurde zu Londen den 2. Auguſt. zwiſchen Großf⸗BHritanien, Franck⸗

117 1029 1370 65 reich, den Rayſer, und denen General⸗ Sraaren ein Quadrupl-Al-

117 1070 1370 73 lianz geſchlofſen. Vermoͤg dieſer Alliance erkennte Carl der VL. Roͤ⸗

114 1121 1368 63 miſcher Kayſer, Philippum V. als Koͤnig in Spanien, und verziehe

114 1170 1368 62 ſich dieſes Koͤnigreichs. Die Hertzogthuͤmer Toſcana, Parma, Pa-

112 1216 1369 69 cenz, (im Fall ſelbe erlediget ſolten werden) wurden dem aͤltern Spa⸗

108 1262 1372 70 niſchen Printzen, zweyter Ehe, zugedacht; doch ſolten ſelbe Reichs⸗Le⸗

108 1309 1370 74 hen verb. eiben, und nimmermehr mit der Cron Spanien vereiniget

107 1359 1369 74 koͤnnen werden. Man kame uͤbereins, daß das Koͤnigreich Gardi⸗

105 1413 1368 67 nien dem Hertzog von Gaboyen eingeraumt, und er als Koͤnig von

107 1460 1364 69 Gardinien erkannt ſolle werden ꝛc. Man lieſſe ihme auch das Recht

100 1509 1371 67 gelten, welches das Hauß Gavoven auf das Koͤnigreich Spanien

126 1559 1341 69 im Fall der jetzige Koͤnigliche Stamm abgehen ſolte) zu haben de⸗

102 1607 1366 66 hauptet. Das Erhz⸗Hauß Oeſterreich ſolte in Beſitz deren Landen und

100 1653 1365 68 Koͤnigreich verbleiben, welches ſelbes wuͤrcklich beſitzet, bevor aber dem

102 1703 1364 67 Koͤnigreich Spanien eigen waͤren. Es ſolte auch dem Kayſer Carl an

100 1754 1362 67 ſtatt der Inſul Gardinien, Sicilien nun eingeraumet werden. Dieſe

100 1803 1357 67 bier contrahirende Maͤchten verbindeten ſich mit einander, ihre Reich

102 1851 1357 72 und Laͤnder zu ſchuͤtzen Der Hertog von Savoyen machre kein Be⸗

102 1897 1356 81 vencken, vereinigte ſich mit dieſer Quadruple-Alliance. Er gabe

1309 1945 145 74 Kayſer

767 1954 183 71 Ceee 2

661 116 368 69 2Z (O) EMz.

666 232 337 93 Incidentia.

1433 121 76 56 57.
