1935 2499
412 213 97 64 254

929 211 396 70 -22S (0) LZ--

411 265 1394 77 keit geneigten frommen Kayſerin das Regiment, ſchenckte ihr das HHer⸗

412 316 1393 76 tzogthum Bayrn zu ihrem Privat-Rutzen, ſie behrelt aber ſelbiges nur

408 365 1393 86 vier Jahr. Alsdann uͤbergab ſie Anno 1061. das Land Hertzog Ot

411 413 680 74 ren von Goͤrringen aus Sachſen.

543 462 1255 90 Anno roSo. ſtard Biſchoff Gebbardus II. nachdem er 22. Jab

411 517 1386 86 regiert hatte. Wurde begraben in dem Cloſter Orangau, ſo er unt

404 569 1001 72 ſein Frau Mutter geſtifft hatte. Ira Culpinianus.

545 617 1249 84 In dieſen 1060. Jahr wurde von Kayſer Heinrich IV. zum B

404 669 1392 79 ſchoff allhie verordnet, und eingeſetzt Otto ein Thumb⸗.Herr von Ham

400 720 1387 82 berg, iſt neden anderen Fuͤrſten, und Biſchoͤffen in das HHeil. Lan

407 774 1364 81 gen Jeruſalem mit groſſer Muͤhe gereiſet, und nit ohne groſſe Gefa

398 823 1395 82 wieder allhero kommen, Anno 1062. Biſchoff Orto heſſe nach vot

397 869 1394 86 denen XX. Pfund Regenſpurger (welche Biſchoff Gebbard en incaor-

398 919 1388 87 diſcrerione dem Cloſter in Feſto S. Emmerami, wann er nach cel⸗

395 971 1388 85 brirtem Heil. Ambt dey der Taffel allda ſaſſe, ihme zu erlegen zus-

391 1027 516 67 muthet) die Helffte. (5)

536 1073 1250 86 In der ſchwaͤren Spaltung, die ſich zwiſchen Papſt Gregorit

395 1124 1385 86 VII. gegen Heinrico IV erhebt, iſt dieſer Otto des Kayſers Parthey all

393 1177 1386 83 gehangen, und darumben in den Paͤpſtlichen Kirchen⸗ Bahn gerathe.

395 1225 1380 84 Zwar Anno 1086. umgekehrt, einige vermeinen aber er habe ſich wit

388 1277 1388 86 der auf Heinrici Seythen degeben, und ſeye Anno 1088. in der Schlas

387 1325 213 75 geblieben.

525 1377 1221 84 Anno 1061. kam allhero Koͤnigs Andree in Ungarn hinterlaff

388 1428 1351 85 Wittib mit ihren Ayden Salomone, und Tochter Sopbia, ſuchten

388 1477 1385 87 dem Kayſer HHuͤlf wider Koͤnig Belam, der ſie aus dem Land vertrie

387 1528 996 83 ben. Die Hertzogin Agnes thaͤt ihnen viel gurs.

522 1579 1253 88 Anno 1 102. nachdem Orro, ein Graf von Andechs (einis

387 1628 1353 86 vermeinen er ſeye Orhonis, und Adelhaidis Grafen aus Schwa

384 1679 1375 85 Sohn geweſen) ſeine Tugenden und Verſtand allhie am Kayſerlich

391 1729 1313 88 Hof alſo kundbar gemacht, daß jedermann ihne hochachtete,

383 1781 1347 86 wider alles Verhoffen zum Biſchoff in Bamberg worden. Eber

381 1832 1340 89 dieſem Jahr iſt Cdnradus Babonis von Abenſperg (Raderus nennet

381 1882 1369 94 ein Grafen von Abenſperg, und Scheuern) Enickl auf das Ers⸗2

1693 1936 85 68 ſtun

411 2054 1298 84 () Vide inkea Litteres Epiſcepi Ortenis Rariodon. Irteme unter denenr tiſtoricir wegei

1734 2061 34 92 ⸗

445 2099 1292 72 Gedhardis, Diſchoͤffen zu Regenſpurg, die Mepnungen ungleich ſeynd, und Orto um ſolche

440 2139 1299 87 un alid gadeſes, ſo ſont z Bonbbon Esleſia diss wi midrern danvon achdonetn wee⸗
