<?xml version="1.0" encoding="UTF-8"?>
<alto xmlns:xsi="http://www.w3.org/2001/XMLSchema-instance"
      xmlns="http://www.loc.gov/standards/alto/ns-v4#"
      xsi:schemaLocation="http://www.loc.gov/standards/alto/ns-v4# http://www.loc.gov/standards/alto/v4/alto-4-2.xsd">
  <Description>
    <MeasurementUnit>pixel</MeasurementUnit>
    <sourceImageInformation>
      <fileName>image614.jpg</fileName>
      <fileIdentifier>https://archiv.ub.uni-marburg.de/eb/2010/0168</fileIdentifier>
    </sourceImageInformation>
  </Description>
  <Tags>
    <OtherTag ID="BT1" LABEL="Title" DESCRIPTION="block type Title"/><OtherTag ID="BT2" LABEL="Main" DESCRIPTION="block type Main"/><OtherTag ID="BT3" LABEL="Commentary" DESCRIPTION="block type Commentary"/><OtherTag ID="BT4" LABEL="Illustration" DESCRIPTION="block type Illustration"/><OtherTag ID="BT42" LABEL="text" DESCRIPTION="block type text"/>
    <OtherTag ID="LT33" LABEL="default" DESCRIPTION="line type default"/>
  </Tags>
  <Layout>
    <Page WIDTH="1571"
          HEIGHT="2270"
          PHYSICAL_IMG_NR="593"
          ID="eSc_dummypage_">
      <PrintSpace HPOS="0"
                  VPOS="0"
                  WIDTH="1571"
                  HEIGHT="2270">
        <TextBlock HPOS="85"
                   VPOS="136"
                   WIDTH="1465"
                   HEIGHT="1936"
                   ID="eSc_textblock_e1821443"
                   TAGREFS="BT42">
          <Shape><Polygon POINTS="730 136 1027 141 1097 191 1193 196 1389 196 1481 156 1540 166 1550 457 1485 1950 1470 2056 1449 2072 1066 2046 750 2061 694 2016 136 1991 85 1966 95 1271 146 181 171 161 603 171 730 136"/></Shape>
          <TextLine ID="eSc_line_99b07e6e"
                    TAGREFS="LT33"
                    BASELINE="156 211 290 220" 
                    HPOS="155"
                    VPOS="161"
                    WIDTH="135"
                    HEIGHT="73">
            <Shape><Polygon POINTS="209 161 196 161 184 161 174 161 170 161 158 170 156 211 155 225 287 234 290 220 290 180 238 174 213 161 209 161"/></Shape>
            <String CONTENT="hoͤren."
                    HPOS="155"
                    VPOS="161"
                    WIDTH="135"
                    HEIGHT="73"
                    WC="0.9993261269160679"></String>
          </TextLine>
          <TextLine ID="eSc_line_efdafe80"
                    TAGREFS="LT33"
                    BASELINE="666 175 705 176" 
                    HPOS="664"
                    VPOS="150"
                    WIDTH="41"
                    HEIGHT="47">
            <Shape><Polygon POINTS="666 152 666 175 664 190 702 197 705 176 705 155 673 150 666 152"/></Shape>
            <String CONTENT="m."
                    HPOS="664"
                    VPOS="150"
                    WIDTH="41"
                    HEIGHT="47"
                    WC="0.9566915035247803"></String>
          </TextLine>
          <TextLine ID="eSc_line_d6f48b6b"
                    TAGREFS="LT33"
                    BASELINE="315 223 614 237 1539 257" 
                    HPOS="314"
                    VPOS="181"
                    WIDTH="1225"
                    HEIGHT="93">
            <Shape><Polygon POINTS="315 223 314 237 423 239 466 249 468 249 495 244 511 250 512 250 513 250 657 245 676 254 677 254 807 258 887 259 888 259 889 259 911 252 945 259 946 259 947 259 964 252 1015 263 1017 263 1094 256 1173 267 1174 267 1261 259 1276 269 1278 269 1279 269 1280 269 1351 264 1380 272 1381 272 1382 272 1384 272 1419 263 1486 263 1536 274 1539 257 1538 211 1434 215 1321 200 1319 200 1200 209 1159 197 1158 197 1157 197 1102 206 1070 194 1068 194 1067 194 966 204 883 190 882 190 754 199 659 197 638 184 637 184 635 184 634 184 633 184 615 189 594 182 593 182 315 181 315 223"/></Shape>
            <String CONTENT="Es verfloſſe der gantze Freytag ohne eintzigen Frucht. Er"
                    HPOS="314"
                    VPOS="181"
                    WIDTH="1225"
                    HEIGHT="93"
                    WC="0.9900534999997992"></String>
          </TextLine>
          <TextLine ID="eSc_line_b60a264d"
                    TAGREFS="LT33"
                    BASELINE="744 187 782 189" 
                    HPOS="743"
                    VPOS="136"
                    WIDTH="39"
                    HEIGHT="72">
            <Shape><Polygon POINTS="758 136 745 136 744 187 743 203 754 208 755 208 757 208 758 208 781 199 782 189 782 139 764 136 758 136"/></Shape>
            <String CONTENT="3"
                    HPOS="743"
                    VPOS="136"
                    WIDTH="39"
                    HEIGHT="72"
                    WC="0.999723494052887"></String>
          </TextLine>
          <TextLine ID="eSc_line_6a3015c7"
                    TAGREFS="LT33"
                    BASELINE="789 189 1048 185" 
                    HPOS="788"
                    VPOS="136"
                    WIDTH="260"
                    HEIGHT="72">
            <Shape><Polygon POINTS="1028 142 1015 139 1003 139 990 139 977 139 965 139 952 139 940 138 931 142 918 138 914 138 902 138 889 138 885 137 871 143 800 136 788 136 789 189 789 197 823 205 825 205 879 197 904 206 906 206 907 206 908 206 923 197 932 205 932 206 933 206 935 206 936 208 961 208 961 206 962 206 986 200 1018 205 1019 205 1020 205 1048 194 1048 185 1039 151 1028 142"/></Shape>
            <String CONTENT="10) Eega"
                    HPOS="788"
                    VPOS="136"
                    WIDTH="260"
                    HEIGHT="72"
                    WC="0.9494472667574883"></String>
          </TextLine>
          <TextLine ID="eSc_line_0d5bee8b"
                    TAGREFS="LT33"
                    BASELINE="1463 204 1535 200" 
                    HPOS="1461"
                    VPOS="158"
                    WIDTH="74"
                    HEIGHT="58">
            <Shape><Polygon POINTS="1524 163 1511 161 1504 158 1461 162 1461 163 1463 204 1463 216 1535 215 1535 200 1530 163 1524 163"/></Shape>
            <String CONTENT="58;"
                    HPOS="1461"
                    VPOS="158"
                    WIDTH="74"
                    HEIGHT="58"
                    WC="0.9999972581863403"></String>
          </TextLine>
          <TextLine ID="eSc_line_f72d1425"
                    TAGREFS="LT33"
                    BASELINE="155 259 468 279 789 283 1220 301 1536 305" 
                    HPOS="153"
                    VPOS="221"
                    WIDTH="1383"
                    HEIGHT="108">
            <Shape><Polygon POINTS="155 259 153 277 596 298 598 298 653 292 707 302 709 302 813 297 864 307 865 307 866 307 894 300 931 307 932 307 1120 307 1287 321 1288 321 1408 317 1422 326 1423 326 1424 326 1425 326 1496 320 1531 329 1536 305 1536 273 1424 262 1423 262 1319 269 1235 256 1234 256 1160 264 1085 250 1083 250 1010 259 974 247 972 247 971 247 861 254 719 240 717 240 682 248 596 238 595 238 522 243 485 234 484 234 483 234 373 238 333 225 331 225 330 225 329 225 302 234 271 224 270 224 268 224 225 229 214 221 213 221 211 221 155 221 155 259"/></Shape>
            <String CONTENT="wurde alſo am Gamſtag Fruh um 7. Uhr auf den Wagen geſetzet,"
                    HPOS="153"
                    VPOS="221"
                    WIDTH="1383"
                    HEIGHT="108"
                    WC="0.9962786535422007"></String>
          </TextLine>
          <TextLine ID="eSc_line_cd4893d5"
                    TAGREFS="LT33"
                    BASELINE="152 307 413 325 778 329 1186 343 1271 350 1534 354" 
                    HPOS="151"
                    VPOS="272"
                    WIDTH="1383"
                    HEIGHT="98">
            <Shape><Polygon POINTS="152 307 151 322 355 336 816 341 961 354 962 354 1027 349 1102 356 1104 356 1259 356 1280 364 1282 364 1283 364 1477 364 1488 370 1490 370 1491 370 1492 370 1533 364 1534 354 1531 317 1432 317 1413 310 1412 310 1410 310 1409 310 1390 315 1366 306 1365 306 1364 306 1362 306 1327 315 1240 314 1196 301 1194 301 1193 301 990 301 902 292 900 292 861 301 806 290 805 290 695 296 652 285 651 285 649 285 648 285 615 293 435 281 434 281 358 286 316 274 315 274 314 274 244 279 232 272 230 272 229 272 152 272 152 307"/></Shape>
            <String CONTENT="und nach den Galgen gefuͤhret: dem HHerꝛn P. Minoritæ aber bedeutet,"
                    HPOS="151"
                    VPOS="272"
                    WIDTH="1383"
                    HEIGHT="98"
                    WC="0.9827523564591127"></String>
          </TextLine>
          <TextLine ID="eSc_line_d3decf99"
                    TAGREFS="LT33"
                    BASELINE="148 356 378 370 733 374 1313 401 1535 403" 
                    HPOS="147"
                    VPOS="315"
                    WIDTH="1388"
                    HEIGHT="108">
            <Shape><Polygon POINTS="148 356 147 370 524 388 526 388 574 382 615 389 617 389 697 385 1012 395 1033 403 1034 403 1035 403 1037 403 1047 398 1187 412 1188 412 1189 412 1220 404 1260 414 1261 414 1263 414 1302 409 1500 423 1501 423 1534 417 1535 403 1534 369 1465 359 1463 359 1361 365 1275 361 1251 351 1250 351 1249 351 1159 358 1140 348 1139 348 1083 345 1082 345 1023 349 1008 343 1006 343 1005 343 890 344 805 335 803 335 760 340 699 331 697 331 696 331 675 337 662 331 661 331 659 331 494 334 302 327 242 315 241 315 150 315 148 356"/></Shape>
            <String CONTENT="daß ſelber nicht mehr unter die Mauern des Galgens hinein gelaſſen"
                    HPOS="147"
                    VPOS="315"
                    WIDTH="1388"
                    HEIGHT="108"
                    WC="0.9921715774319388"></String>
          </TextLine>
          <TextLine ID="eSc_line_f8d2cb08"
                    TAGREFS="LT33"
                    BASELINE="148 407 644 419 1254 442 1369 451 1534 452" 
                    HPOS="148"
                    VPOS="361"
                    WIDTH="1386"
                    HEIGHT="106">
            <Shape><Polygon POINTS="1246 398 1234 398 1232 397 1148 406 1114 394 1112 394 1111 394 1087 399 1059 390 1058 390 1057 390 909 390 873 384 871 384 829 389 796 382 794 382 793 382 717 389 630 378 629 378 628 378 603 385 569 375 567 375 566 375 536 382 478 372 476 372 475 372 446 383 228 377 150 361 148 407 148 423 171 417 220 426 222 426 442 426 1531 467 1534 452 1533 418 1271 408 1253 398 1246 398"/></Shape>
            <String CONTENT="follte werden. Da der arme Guͤnder ſahe, daß es wuͤrcklich an dem"
                    HPOS="148"
                    VPOS="361"
                    WIDTH="1386"
                    HEIGHT="106"
                    WC="0.9768292362873371"></String>
          </TextLine>
          <TextLine ID="eSc_line_9931a595"
                    TAGREFS="LT33"
                    BASELINE="146 457 993 479 1534 501" 
                    HPOS="145"
                    VPOS="414"
                    WIDTH="1389"
                    HEIGHT="101">
            <Shape><Polygon POINTS="146 457 145 472 181 469 209 476 210 476 211 476 336 475 360 481 362 481 363 481 401 475 447 484 449 484 528 479 584 488 585 488 695 484 741 493 743 493 820 488 864 496 865 496 903 490 914 498 916 498 917 498 918 498 986 493 1010 499 1012 499 1013 500 1237 500 1290 509 1292 509 1353 505 1364 512 1365 512 1366 512 1531 515 1534 501 1534 462 1250 455 1240 447 1239 447 1237 447 1236 447 1205 452 1162 441 1160 441 1159 441 1100 447 1035 437 1034 437 945 442 932 436 931 436 929 436 887 442 749 440 700 427 699 427 638 431 531 422 529 422 528 422 504 431 450 419 449 419 286 424 276 418 275 418 273 418 146 414 146 457"/></Shape>
            <String CONTENT="ſeye, daß er ſterben muͤſſe, verlangte er zu beichten, welches derſelbe auf den"
                    HPOS="145"
                    VPOS="414"
                    WIDTH="1389"
                    HEIGHT="101"
                    WC="0.9845956390417074"></String>
          </TextLine>
          <TextLine ID="eSc_line_ff5e55af"
                    TAGREFS="LT33"
                    BASELINE="145 506 442 509 1216 534 1452 548 1529 547" 
                    HPOS="143"
                    VPOS="461"
                    WIDTH="1386"
                    HEIGHT="98">
            <Shape><Polygon POINTS="145 506 143 518 323 527 324 527 440 522 540 524 575 534 576 534 577 534 670 529 764 538 765 538 842 534 929 546 981 547 982 547 984 547 999 539 1085 551 1086 551 1125 543 1256 553 1258 553 1282 548 1294 557 1295 557 1297 557 1526 559 1529 547 1529 512 1374 506 1328 496 1327 496 1288 504 1249 494 1247 494 1246 494 1168 500 1126 490 1125 490 1025 488 1024 488 1023 488 1008 495 965 485 964 485 962 485 936 493 802 480 801 480 686 485 561 472 560 472 469 477 400 467 398 467 363 474 341 466 340 466 339 466 281 472 219 471 200 461 199 461 198 461 145 465 145 506"/></Shape>
            <String CONTENT="Wagen ſitzend verrichtet, und alsdann offentlich um Verzeyhung ge⸗"
                    HPOS="143"
                    VPOS="461"
                    WIDTH="1386"
                    HEIGHT="98"
                    WC="0.9861600751226599"></String>
          </TextLine>
          <TextLine ID="eSc_line_0e3d836e"
                    TAGREFS="LT33"
                    BASELINE="138 552 391 554 750 571 1529 592" 
                    HPOS="137"
                    VPOS="508"
                    WIDTH="1392"
                    HEIGHT="99">
            <Shape><Polygon POINTS="137 563 1526 607 1529 592 1529 558 1356 553 1287 541 1285 541 1218 547 1177 537 1176 537 1174 537 1173 537 1152 543 1125 535 1124 535 1123 535 1032 542 1012 533 1010 533 1009 533 961 541 940 533 938 533 937 533 936 533 917 539 792 537 754 525 753 525 752 525 700 533 657 522 656 522 654 522 622 528 610 520 609 520 608 520 606 520 579 525 400 515 398 515 357 523 316 513 315 513 314 513 241 519 140 508 138 552 137 563"/></Shape>
            <String CONTENT="betten: bey wurcklicher Hinrichtung nennete er die drey heilige Raͤtz⸗"
                    HPOS="137"
                    VPOS="508"
                    WIDTH="1392"
                    HEIGHT="99"
                    WC="0.9818701429026467"></String>
          </TextLine>
          <TextLine ID="eSc_line_e084c8bb"
                    TAGREFS="LT33"
                    BASELINE="138 600 476 602 792 621 1519 640" 
                    HPOS="137"
                    VPOS="559"
                    WIDTH="1382"
                    HEIGHT="98">
            <Shape><Polygon POINTS="772 572 770 572 750 581 628 568 627 568 519 575 475 563 474 563 393 562 392 562 358 570 336 559 335 559 334 559 138 562 138 600 137 610 203 619 204 619 205 619 224 614 252 622 253 622 254 622 290 615 353 622 354 622 516 621 545 630 546 630 547 630 582 624 654 634 656 634 692 628 755 636 757 636 873 631 890 640 892 640 998 643 999 643 1000 643 1024 636 1201 649 1202 649 1268 643 1287 649 1288 649 1289 649 1290 649 1311 644 1360 653 1361 653 1422 648 1443 655 1444 655 1516 657 1519 640 1519 602 1415 592 1414 592 1240 593 1201 586 1200 586 1086 590 1053 581 1052 581 1051 581 982 587 921 577 919 577 840 583 773 572 772 572"/></Shape>
            <String CONTENT="men (Eſu, Maria, ſoſeph. Der Beicht⸗ Vatter ſtunde auſſer der"
                    HPOS="137"
                    VPOS="559"
                    WIDTH="1382"
                    HEIGHT="98"
                    WC="0.9933329322299019"></String>
          </TextLine>
          <TextLine ID="eSc_line_9c102756"
                    TAGREFS="LT33"
                    BASELINE="135 646 398 650 770 668 1520 688" 
                    HPOS="133"
                    VPOS="607"
                    WIDTH="1387"
                    HEIGHT="97">
            <Shape><Polygon POINTS="135 646 133 663 278 660 304 667 305 667 306 667 468 667 494 675 495 675 497 675 531 669 662 670 704 681 705 681 863 679 923 688 924 688 1004 682 1052 692 1053 692 1081 687 1215 696 1216 696 1217 696 1242 689 1261 698 1263 698 1518 704 1520 688 1519 653 1434 643 1433 643 1367 648 1307 638 1306 638 1240 644 1170 634 1169 634 1096 640 1046 630 1044 630 1006 638 798 624 797 624 752 630 707 620 706 620 666 628 615 617 614 617 551 621 484 614 483 614 482 614 459 620 387 611 386 611 325 617 135 607 135 646"/></Shape>
            <String CONTENT="Mauren, und ruffete dem Sterbenden zu. Der arme Sunder ſagte"
                    HPOS="133"
                    VPOS="607"
                    WIDTH="1387"
                    HEIGHT="97"
                    WC="0.9979469259579976"></String>
          </TextLine>
          <TextLine ID="eSc_line_af631ab9"
                    TAGREFS="LT33"
                    BASELINE="131 694 373 699 1066 727 1519 735" 
                    HPOS="129"
                    VPOS="651"
                    WIDTH="1390"
                    HEIGHT="103">
            <Shape><Polygon POINTS="882 672 880 672 865 677 774 669 774 669 768 668 760 668 759 668 758 668 726 677 566 662 565 662 499 667 450 658 449 658 347 662 244 651 243 651 177 659 131 653 131 694 129 710 336 711 458 722 459 722 493 717 575 726 576 726 643 722 772 732 773 732 832 728 929 737 931 737 969 732 1203 746 1205 747 1437 747 1459 754 1461 754 1462 754 1518 749 1519 735 1519 703 1313 689 1312 689 1278 694 1223 686 1222 686 1152 688 1101 679 1100 679 1099 679 1081 687 1041 679 1039 679 1010 686 995 675 994 675 993 675 991 675 929 682 883 672 882 672"/></Shape>
            <String CONTENT="zuvor ſeinen Beicht⸗Vattern, daß er alles das jenige, was er in die⸗"
                    HPOS="129"
                    VPOS="651"
                    WIDTH="1390"
                    HEIGHT="103"
                    WC="0.9967943876981735"></String>
          </TextLine>
          <TextLine ID="eSc_line_8adf39ed"
                    TAGREFS="LT33"
                    BASELINE="127 742 1511 789" 
                    HPOS="126"
                    VPOS="702"
                    WIDTH="1385"
                    HEIGHT="106">
            <Shape><Polygon POINTS="127 742 126 760 162 756 288 768 290 768 374 764 425 773 426 773 470 768 688 781 690 781 752 776 802 785 803 785 985 784 1135 797 1136 797 1203 791 1249 800 1250 802 1468 802 1507 808 1511 789 1510 745 1366 747 1308 737 1307 737 1306 737 1279 746 1223 735 1222 735 1129 741 1019 739 981 726 980 726 926 725 924 725 923 725 906 732 846 722 845 722 794 730 639 715 638 715 570 722 494 710 493 710 492 710 464 717 429 711 427 711 383 716 345 704 344 704 127 702 127 742"/></Shape>
            <String CONTENT="ſen Umſtaͤnden gethan, ſolches um ſein Leben zu retten gethan habe,"
                    HPOS="126"
                    VPOS="702"
                    WIDTH="1385"
                    HEIGHT="106"
                    WC="0.986760808460748"></String>
          </TextLine>
          <TextLine ID="eSc_line_2f7ae0ce"
                    TAGREFS="LT33"
                    BASELINE="128 793 1273 826" 
                    HPOS="127"
                    VPOS="754"
                    WIDTH="1146"
                    HEIGHT="85">
            <Shape><Polygon POINTS="128 793 127 803 172 812 174 812 374 812 396 818 397 818 398 818 610 818 744 828 745 828 784 823 832 831 834 831 895 827 922 833 923 833 924 833 995 829 1025 836 1027 836 1052 831 1270 839 1273 826 1273 794 1244 793 1229 781 1227 781 1226 781 1225 781 1141 789 1063 780 1062 780 1033 785 989 775 988 775 923 783 879 783 861 771 860 771 859 771 858 771 788 779 731 768 730 768 670 775 658 768 657 768 656 768 654 768 529 771 480 760 479 760 437 768 418 759 417 759 416 759 349 766 291 765 259 754 258 754 257 754 128 755 128 793"/></Shape>
            <String CONTENT="nicht aber, als haͤtte er keine Reu ſeiner Suͤnden gehabt."
                    HPOS="127"
                    VPOS="754"
                    WIDTH="1146"
                    HEIGHT="85"
                    WC="0.982895399989753"></String>
          </TextLine>
          <TextLine ID="eSc_line_036f4ad3"
                    TAGREFS="LT33"
                    BASELINE="254 844 632 853 1507 884" 
                    HPOS="253"
                    VPOS="802"
                    WIDTH="1254"
                    HEIGHT="97">
            <Shape><Polygon POINTS="254 844 253 853 277 861 278 861 280 861 506 861 733 867 777 877 778 877 859 873 902 881 903 881 904 881 927 875 1505 899 1507 884 1507 848 1433 834 1172 828 1170 828 1125 836 1070 834 1047 822 1046 822 1044 822 972 831 951 820 950 820 948 820 947 820 936 826 889 817 888 817 832 824 778 813 777 813 776 813 758 822 728 813 726 813 725 813 673 820 633 810 632 810 630 810 511 815 302 809 287 802 286 802 285 802 254 807 254 844"/></Shape>
            <String CONTENT="Anno 1720. ware im Monath Jenner eine erſchroͤckliche Kaͤlte,"
                    HPOS="253"
                    VPOS="802"
                    WIDTH="1254"
                    HEIGHT="97"
                    WC="0.9884384342881499"></String>
          </TextLine>
          <TextLine ID="eSc_line_1d1dc073"
                    TAGREFS="LT33"
                    BASELINE="123 891 960 909 1512 931" 
                    HPOS="122"
                    VPOS="847"
                    WIDTH="1390"
                    HEIGHT="97">
            <Shape><Polygon POINTS="1372 880 1364 878 1284 885 1148 882 1095 871 1094 871 1014 877 959 867 957 867 956 867 941 873 912 867 911 867 909 867 894 873 875 867 874 867 873 867 823 872 725 861 584 857 582 857 516 863 393 852 392 852 263 857 222 848 220 848 170 855 124 847 123 891 122 908 233 910 234 910 235 910 258 902 398 915 400 915 577 911 647 921 648 921 953 921 1006 931 1008 931 1044 924 1157 934 1158 934 1159 934 1174 929 1197 937 1198 937 1200 937 1299 931 1326 940 1327 940 1510 944 1512 931 1512 891 1391 889 1374 880 1372 880"/></Shape>
            <String CONTENT="welche vermoͤg deren Nachrichten, und Experienzen, die Kaͤlte des"
                    HPOS="122"
                    VPOS="847"
                    WIDTH="1390"
                    HEIGHT="97"
                    WC="0.997813225709475"></String>
          </TextLine>
          <TextLine ID="eSc_line_6cfddfb1"
                    TAGREFS="LT33"
                    BASELINE="127 940 844 955 1507 977" 
                    HPOS="126"
                    VPOS="897"
                    WIDTH="1381"
                    HEIGHT="95">
            <Shape><Polygon POINTS="127 940 126 949 161 959 162 959 164 959 256 954 268 962 270 962 271 962 379 964 381 964 430 958 463 967 464 967 465 967 512 960 598 971 599 971 600 971 629 963 690 963 787 976 788 976 834 968 938 979 940 979 1017 973 1058 982 1059 982 1217 978 1268 988 1269 988 1341 983 1410 992 1412 992 1506 991 1507 977 1507 937 1341 937 1255 924 1254 924 1172 931 1073 919 1072 919 1029 928 980 916 979 916 933 925 878 914 876 914 662 915 635 908 634 908 633 908 577 915 458 914 301 899 300 899 299 899 275 906 165 906 127 897 127 940"/></Shape>
            <String CONTENT="1709ten Jahrs um9. Grad ſolle uͤbertroffen haben. Viele wurden"
                    HPOS="126"
                    VPOS="897"
                    WIDTH="1381"
                    HEIGHT="95"
                    WC="0.9951653374779609"></String>
          </TextLine>
          <TextLine ID="eSc_line_b6d314cd"
                    TAGREFS="LT33"
                    BASELINE="121 988 929 1006 1505 1025" 
                    HPOS="119"
                    VPOS="948"
                    WIDTH="1386"
                    HEIGHT="92">
            <Shape><Polygon POINTS="121 988 119 1000 225 1008 227 1008 319 1002 333 1008 334 1008 335 1008 529 1008 543 1016 545 1016 546 1016 547 1016 609 1010 618 1016 619 1016 620 1016 763 1022 764 1022 960 1018 1096 1030 1097 1030 1186 1025 1502 1040 1505 1025 1505 987 1441 981 1439 981 1408 987 1379 978 1377 978 1376 978 1375 978 1357 986 1186 976 1184 976 1159 981 1117 973 1116 973 1066 978 1009 967 1008 967 961 976 889 964 888 964 836 972 813 962 812 962 811 962 765 971 711 960 710 960 605 963 593 957 591 957 590 957 589 957 571 964 516 954 514 954 482 960 413 952 412 952 330 958 263 948 262 948 171 955 121 948 121 988"/></Shape>
            <String CONTENT="vor Kaͤlte todter auf den Weeg gefunden. Den Z. 9. 10. 17. Jenner"
                    HPOS="119"
                    VPOS="948"
                    WIDTH="1386"
                    HEIGHT="92"
                    WC="0.9811095595359802"></String>
          </TextLine>
          <TextLine ID="eSc_line_8831de6d"
                    TAGREFS="LT33"
                    BASELINE="119 1037 729 1049 1502 1074" 
                    HPOS="118"
                    VPOS="996"
                    WIDTH="1384"
                    HEIGHT="93">
            <Shape><Polygon POINTS="119 1037 118 1054 420 1054 531 1064 532 1064 574 1058 629 1066 630 1066 759 1063 815 1071 816 1071 817 1071 844 1065 918 1073 919 1073 990 1069 1041 1078 1042 1078 1269 1076 1317 1085 1456 1089 1457 1089 1501 1082 1502 1074 1502 1036 1441 1026 1439 1026 1438 1026 1420 1034 1319 1032 1268 1021 1266 1021 1160 1026 1135 1017 1134 1017 1133 1017 1101 1024 1086 1016 1085 1016 1083 1016 1001 1021 907 1012 906 1012 874 1018 806 1010 805 1010 765 1016 663 1005 662 1005 609 1011 566 1002 565 1002 386 1003 344 996 343 996 119 998 119 1037"/></Shape>
            <String CONTENT="ware die Kaͤlte in hoͤchſten Grad. Im Monath Februario ware mehr⸗"
                    HPOS="118"
                    VPOS="996"
                    WIDTH="1384"
                    HEIGHT="93"
                    WC="0.9936436744836661"></String>
          </TextLine>
          <TextLine ID="eSc_line_6c13062a"
                    TAGREFS="LT33"
                    BASELINE="117 1085 1013 1107 1395 1123 1500 1122" 
                    HPOS="116"
                    VPOS="1046"
                    WIDTH="1384"
                    HEIGHT="87">
            <Shape><Polygon POINTS="117 1085 116 1102 256 1100 498 1113 499 1113 528 1107 542 1113 543 1113 545 1113 627 1109 644 1117 646 1117 647 1117 686 1111 830 1122 831 1122 876 1116 918 1122 919 1122 1008 1119 1027 1127 1028 1127 1029 1127 1067 1121 1128 1129 1497 1133 1500 1122 1500 1084 1356 1074 1355 1074 1306 1078 1253 1068 1133 1065 1131 1065 1100 1071 1013 1063 1012 1063 1010 1063 995 1069 966 1060 965 1060 964 1060 921 1068 870 1058 869 1058 823 1064 728 1054 726 1054 638 1060 624 1051 623 1051 622 1051 585 1050 584 1050 490 1056 470 1047 469 1047 468 1047 416 1054 373 1046 117 1046 117 1085"/></Shape>
            <String CONTENT="malen ein ungemeine Kaͤlte, alſo daß bey Manns⸗Gedencken kein ſol⸗"
                    HPOS="116"
                    VPOS="1046"
                    WIDTH="1384"
                    HEIGHT="87"
                    WC="0.9884694868868048"></String>
          </TextLine>
          <TextLine ID="eSc_line_47f4cc69"
                    TAGREFS="LT33"
                    BASELINE="116 1137 947 1153 1499 1172" 
                    HPOS="114"
                    VPOS="1090"
                    WIDTH="1385"
                    HEIGHT="97">
            <Shape><Polygon POINTS="1327 1121 1314 1121 1307 1119 1193 1124 976 1111 975 1111 974 1111 943 1118 912 1112 911 1112 871 1117 767 1105 765 1105 764 1105 734 1113 715 1104 714 1104 712 1104 667 1111 608 1102 606 1102 497 1107 403 1097 402 1097 352 1104 324 1095 323 1095 321 1095 320 1095 297 1102 244 1094 243 1094 176 1099 141 1090 140 1090 138 1090 137 1090 116 1097 116 1137 114 1148 354 1161 355 1161 504 1156 580 1166 581 1166 661 1160 767 1171 768 1171 834 1165 1064 1169 1136 1180 1138 1180 1265 1175 1299 1184 1300 1184 1496 1187 1499 1172 1499 1127 1343 1128 1328 1121 1327 1121"/></Shape>
            <String CONTENT="che nicht geweſen. Es fiele haͤuffiger und dicker Schnee. Die Kaͤlte"
                    HPOS="114"
                    VPOS="1090"
                    WIDTH="1385"
                    HEIGHT="97"
                    WC="0.9933051791261224"></String>
          </TextLine>
          <TextLine ID="eSc_line_9e55848a"
                    TAGREFS="LT33"
                    BASELINE="113 1185 673 1195 1496 1219" 
                    HPOS="113"
                    VPOS="1140"
                    WIDTH="1383"
                    HEIGHT="95">
            <Shape><Polygon POINTS="113 1185 113 1200 234 1196 321 1206 323 1206 360 1199 468 1210 469 1210 516 1204 533 1210 535 1210 536 1210 688 1209 707 1215 709 1215 710 1215 805 1210 835 1218 836 1218 837 1218 892 1213 918 1222 919 1222 921 1222 1051 1216 1176 1228 1177 1228 1321 1224 1347 1233 1348 1233 1494 1235 1496 1219 1496 1185 1346 1171 1345 1171 1201 1176 1179 1166 1178 1166 1177 1166 1138 1174 1078 1165 1077 1165 1006 1171 988 1161 986 1161 952 1160 951 1160 914 1167 895 1158 894 1158 827 1157 826 1157 825 1157 806 1166 657 1152 656 1152 571 1158 509 1148 508 1148 455 1156 406 1150 405 1150 217 1151 113 1140 113 1185"/></Shape>
            <String CONTENT="hielte noch an im Monath Mertz. Man findete im Monath May an"
                    HPOS="113"
                    VPOS="1140"
                    WIDTH="1383"
                    HEIGHT="95"
                    WC="0.9944614996512731"></String>
          </TextLine>
          <TextLine ID="eSc_line_2fc1cecf"
                    TAGREFS="LT33"
                    BASELINE="108 1230 1494 1263" 
                    HPOS="107"
                    VPOS="1189"
                    WIDTH="1387"
                    HEIGHT="91">
            <Shape><Polygon POINTS="108 1230 107 1242 754 1263 755 1263 837 1259 853 1266 854 1266 855 1266 935 1262 959 1268 960 1268 961 1268 962 1268 989 1262 1085 1271 1086 1271 1116 1264 1193 1272 1194 1272 1226 1267 1280 1276 1491 1280 1494 1263 1494 1230 1357 1227 1327 1215 1326 1215 1324 1215 1223 1223 1148 1213 1147 1213 1145 1213 1123 1220 1062 1209 1061 1209 1010 1216 911 1216 890 1205 889 1205 776 1203 774 1203 773 1203 752 1210 686 1200 685 1200 635 1209 524 1196 523 1196 522 1196 485 1205 430 1195 429 1195 378 1201 365 1193 364 1193 363 1193 362 1193 228 1199 200 1189 199 1189 198 1189 108 1196 108 1230"/></Shape>
            <String CONTENT="etlichen Orthen die Erden noch tieff gefroren. Das Rev. Bieh leyde⸗"
                    HPOS="107"
                    VPOS="1189"
                    WIDTH="1387"
                    HEIGHT="91"
                    WC="0.997693127660609"></String>
          </TextLine>
          <TextLine ID="eSc_line_e3703101"
                    TAGREFS="LT33"
                    BASELINE="107 1277 426 1282 1488 1316" 
                    HPOS="105"
                    VPOS="1237"
                    WIDTH="1383"
                    HEIGHT="93">
            <Shape><Polygon POINTS="107 1277 105 1285 1486 1330 1488 1316 1487 1276 1459 1280 1274 1264 1273 1264 1221 1271 1154 1261 1153 1261 1152 1261 1126 1267 1115 1259 1114 1259 1112 1259 1111 1259 1080 1266 1037 1257 1035 1257 951 1261 830 1251 829 1251 750 1258 709 1247 707 1247 706 1247 705 1247 670 1256 527 1244 526 1244 468 1249 450 1240 449 1240 447 1240 340 1245 297 1237 296 1237 257 1243 107 1239 107 1277"/></Shape>
            <String CONTENT="te Mangel an dem Fueter. DDer Gchober Stroh koſtete an einigen"
                    HPOS="105"
                    VPOS="1237"
                    WIDTH="1383"
                    HEIGHT="93"
                    WC="0.9971895362100294"></String>
          </TextLine>
          <TextLine ID="eSc_line_9c314813"
                    TAGREFS="LT33"
                    BASELINE="104 1326 396 1330 1487 1364" 
                    HPOS="104"
                    VPOS="1282"
                    WIDTH="1383"
                    HEIGHT="97">
            <Shape><Polygon POINTS="104 1326 104 1340 253 1338 271 1345 272 1345 273 1345 301 1340 596 1354 598 1354 643 1349 690 1358 691 1358 837 1356 858 1363 859 1363 860 1363 897 1356 993 1367 994 1367 1058 1362 1109 1370 1110 1370 1232 1367 1403 1379 1404 1379 1486 1373 1487 1364 1487 1325 1278 1311 1276 1311 1247 1317 1216 1310 1215 1310 1213 1310 1111 1314 1094 1306 1092 1306 982 1302 699 1302 675 1293 673 1293 672 1293 569 1296 476 1287 475 1287 437 1293 413 1287 412 1287 411 1287 315 1290 287 1282 286 1282 285 1282 104 1283 104 1326"/></Shape>
            <String CONTENT="Orthen bis z0. ſl. Allhie in Regenſpurg der Schober, oder S0. Schuͤtt⸗"
                    HPOS="104"
                    VPOS="1282"
                    WIDTH="1383"
                    HEIGHT="97"
                    WC="0.9934768233980451"></String>
          </TextLine>
          <TextLine ID="eSc_line_865f172e"
                    TAGREFS="LT33"
                    BASELINE="107 1377 488 1382 1487 1417" 
                    HPOS="105"
                    VPOS="1330"
                    WIDTH="1382"
                    HEIGHT="106">
            <Shape><Polygon POINTS="107 1377 105 1391 193 1387 229 1396 230 1396 232 1396 275 1388 517 1406 518 1406 519 1406 555 1397 648 1399 677 1411 678 1411 680 1411 681 1411 700 1404 823 1414 825 1414 866 1407 932 1414 933 1414 1019 1412 1041 1422 1042 1422 1043 1422 1133 1417 1169 1426 1170 1426 1172 1426 1208 1418 1223 1428 1225 1428 1226 1428 1227 1428 1282 1422 1340 1432 1485 1436 1487 1417 1486 1377 1451 1378 1413 1367 1412 1367 1410 1367 1382 1372 1308 1364 1307 1364 1260 1373 1178 1359 1177 1359 1120 1368 1063 1355 1062 1355 975 1360 913 1351 912 1351 911 1351 879 1360 770 1346 769 1346 715 1355 653 1343 652 1343 603 1351 575 1351 556 1339 555 1339 553 1339 552 1339 489 1348 417 1335 416 1335 365 1344 305 1343 288 1331 287 1331 286 1331 285 1331 283 1331 251 1340 229 1332 228 1332 227 1332 172 1338 107 1330 107 1377"/></Shape>
            <String CONTENT="Stroh 10. auch 12. fl. Der Metzen Korn Regenſpurger Maͤſſerey"
                    HPOS="105"
                    VPOS="1330"
                    WIDTH="1382"
                    HEIGHT="106"
                    WC="0.988776289048742"></String>
          </TextLine>
          <TextLine ID="eSc_line_68b20ada"
                    TAGREFS="LT33"
                    BASELINE="103 1425 614 1433" 
                    HPOS="102"
                    VPOS="1382"
                    WIDTH="512"
                    HEIGHT="69">
            <Shape><Polygon POINTS="103 1425 102 1435 177 1445 179 1445 244 1438 335 1447 336 1447 338 1447 353 1441 429 1449 430 1449 468 1442 611 1451 614 1433 613 1389 540 1398 463 1391 461 1391 410 1396 397 1385 396 1385 394 1385 393 1385 338 1391 257 1384 256 1384 254 1384 228 1392 176 1382 175 1382 174 1382 172 1382 158 1391 103 1387 103 1425"/></Shape>
            <String CONTENT="wurde verkauffet per 1. fl."
                    HPOS="102"
                    VPOS="1382"
                    WIDTH="512"
                    HEIGHT="69"
                    WC="0.997956496697885"></String>
          </TextLine>
          <TextLine ID="eSc_line_e60e4a42"
                    TAGREFS="LT33"
                    BASELINE="232 1479 500 1479 1147 1507 1475 1510" 
                    HPOS="230"
                    VPOS="1431"
                    WIDTH="1245"
                    HEIGHT="99">
            <Shape><Polygon POINTS="232 1479 230 1485 319 1494 320 1494 364 1489 388 1496 389 1496 391 1496 392 1496 413 1490 599 1495 610 1504 611 1504 613 1504 614 1504 677 1499 728 1508 729 1508 956 1508 1003 1517 1004 1517 1041 1510 1082 1519 1356 1528 1357 1528 1359 1528 1384 1522 1434 1530 1435 1530 1437 1530 1454 1524 1471 1530 1475 1510 1473 1467 1400 1469 1342 1460 1341 1460 1289 1467 1266 1457 1265 1457 1264 1457 1163 1460 1004 1449 1003 1449 899 1455 888 1447 887 1447 885 1447 884 1447 840 1450 807 1442 806 1442 805 1442 653 1447 561 1436 560 1436 558 1436 533 1443 232 1431 232 1479"/></Shape>
            <String CONTENT="Den 6. Februarii 1720. ſtarbe Clemens XIL. Roͤmiſcher Pabſt."
                    HPOS="230"
                    VPOS="1431"
                    WIDTH="1245"
                    HEIGHT="99"
                    WC="0.9691531141599019"></String>
          </TextLine>
          <TextLine ID="eSc_line_1e8aabc4"
                    TAGREFS="LT33"
                    BASELINE="100 1522 1289 1554" 
                    HPOS="99"
                    VPOS="1479"
                    WIDTH="1190"
                    HEIGHT="91">
            <Shape><Polygon POINTS="100 1522 99 1538 1287 1570 1289 1554 1288 1518 1193 1509 1192 1509 1191 1509 1189 1509 1179 1515 1121 1515 1071 1505 1070 1505 1015 1512 936 1501 935 1501 836 1507 823 1498 822 1498 821 1498 820 1498 818 1498 789 1505 694 1504 647 1493 646 1493 644 1493 623 1500 556 1490 555 1490 421 1495 397 1486 396 1486 394 1486 329 1493 100 1479 100 1522"/></Shape>
            <String CONTENT="Nach ihne wurde erwaͤhlet den 17. Auguſt Benedistus XIV."
                    HPOS="99"
                    VPOS="1479"
                    WIDTH="1190"
                    HEIGHT="91"
                    WC="0.9796249600393432"></String>
          </TextLine>
          <TextLine ID="eSc_line_7d31bef4"
                    TAGREFS="LT33"
                    BASELINE="233 1582 570 1585 970 1600 1481 1607" 
                    HPOS="233"
                    VPOS="1537"
                    WIDTH="1248"
                    HEIGHT="86">
            <Shape><Polygon POINTS="233 1582 233 1600 277 1594 348 1594 369 1604 370 1604 372 1604 415 1596 435 1605 436 1605 437 1605 473 1597 854 1614 855 1614 906 1609 916 1615 917 1615 918 1615 919 1615 966 1610 1048 1618 1193 1620 1194 1620 1196 1620 1216 1614 1250 1621 1251 1621 1292 1614 1335 1623 1336 1623 1480 1621 1481 1607 1480 1567 1419 1557 1342 1556 1341 1556 1298 1566 1276 1559 1275 1559 1274 1559 1110 1562 1101 1556 1100 1556 1099 1556 1097 1556 1044 1561 1020 1553 1019 1553 1018 1553 938 1558 907 1549 906 1549 904 1549 856 1557 792 1544 791 1544 789 1544 759 1554 731 1543 730 1543 574 1541 572 1541 571 1541 551 1551 524 1539 523 1539 522 1539 454 1541 453 1541 435 1548 386 1537 384 1537 233 1541 233 1582"/></Shape>
            <String CONTENT="Zu Anfang des Monaths Auguſt, und hinnach ware beſtaͤn⸗"
                    HPOS="233"
                    VPOS="1537"
                    WIDTH="1248"
                    HEIGHT="86"
                    WC="0.9925061984495683"></String>
          </TextLine>
          <TextLine ID="eSc_line_3a12c504"
                    TAGREFS="LT33"
                    BASELINE="95 1614 372 1634 1478 1655" 
                    HPOS="94"
                    VPOS="1580"
                    WIDTH="1384"
                    HEIGHT="94">
            <Shape><Polygon POINTS="95 1614 94 1635 233 1645 234 1645 288 1640 305 1649 306 1649 447 1652 449 1652 450 1652 469 1644 537 1654 538 1655 835 1655 927 1663 928 1663 976 1658 1198 1669 1200 1669 1365 1664 1391 1673 1393 1673 1394 1674 1477 1674 1478 1655 1478 1620 1415 1610 1414 1610 1370 1618 1223 1606 1222 1606 1186 1612 924 1609 909 1601 908 1601 907 1601 858 1606 800 1596 798 1596 565 1597 518 1589 517 1589 422 1596 406 1586 405 1586 403 1586 402 1586 401 1586 370 1594 343 1585 341 1585 340 1585 248 1592 206 1582 205 1582 95 1580 95 1614"/></Shape>
            <String CONTENT="biges und haͤuffiges Regen⸗Wetter, alſo, daß das geſchnirtene Ge⸗"
                    HPOS="94"
                    VPOS="1580"
                    WIDTH="1384"
                    HEIGHT="94"
                    WC="0.9949104400781484"></String>
          </TextLine>
          <TextLine ID="eSc_line_d5d2bd68"
                    TAGREFS="LT33"
                    BASELINE="94 1663 377 1682 1114 1696 1475 1710" 
                    HPOS="93"
                    VPOS="1628"
                    WIDTH="1382"
                    HEIGHT="94">
            <Shape><Polygon POINTS="94 1663 93 1681 259 1686 273 1693 275 1693 624 1696 688 1705 690 1705 759 1699 829 1708 830 1708 916 1703 955 1711 956 1711 1104 1708 1143 1708 1154 1717 1155 1717 1157 1717 1158 1717 1159 1717 1187 1711 1472 1722 1475 1710 1475 1672 1382 1662 1381 1662 1163 1663 1101 1654 1100 1654 1017 1659 967 1650 966 1650 936 1657 921 1649 919 1649 830 1647 829 1647 786 1653 749 1645 748 1645 717 1650 666 1643 664 1643 663 1643 644 1649 94 1628 94 1663"/></Shape>
            <String CONTENT="trayd nicht geſammlet oder eingebracht koͤnnte werden, ſondern ſelbes"
                    HPOS="93"
                    VPOS="1628"
                    WIDTH="1382"
                    HEIGHT="94"
                    WC="0.9978063754413439"></String>
          </TextLine>
          <TextLine ID="eSc_line_63f7122c"
                    TAGREFS="LT33"
                    BASELINE="94 1711 429 1732 758 1735 1471 1756" 
                    HPOS="93"
                    VPOS="1673"
                    WIDTH="1378"
                    HEIGHT="103">
            <Shape><Polygon POINTS="94 1711 93 1725 127 1736 128 1736 129 1736 167 1730 230 1739 232 1739 233 1739 261 1731 286 1741 287 1741 288 1742 552 1742 596 1749 598 1749 675 1744 690 1751 691 1751 692 1751 768 1749 786 1756 787 1756 788 1756 878 1750 1014 1764 1015 1764 1114 1757 1179 1759 1211 1770 1212 1770 1213 1770 1271 1763 1467 1776 1471 1756 1470 1725 1434 1725 1415 1712 1414 1712 1413 1712 1412 1712 1367 1720 1273 1707 1271 1707 1080 1711 995 1698 994 1698 951 1705 902 1696 900 1696 841 1705 759 1691 758 1691 682 1699 586 1687 585 1687 584 1687 557 1694 518 1688 517 1688 487 1693 331 1689 299 1679 297 1679 296 1679 256 1686 201 1673 200 1673 94 1676 94 1711"/></Shape>
            <String CONTENT="auf dem Feld auszuwachſen anfienge. Es wurden verſchiedene An⸗"
                    HPOS="93"
                    VPOS="1673"
                    WIDTH="1378"
                    HEIGHT="103"
                    WC="0.9963163839232537"></String>
          </TextLine>
          <TextLine ID="eSc_line_df8a9b95"
                    TAGREFS="LT33"
                    BASELINE="94 1761 347 1773 469 1784 773 1785 1466 1807" 
                    HPOS="93"
                    VPOS="1721"
                    WIDTH="1373"
                    HEIGHT="106">
            <Shape><Polygon POINTS="93 1775 126 1776 146 1788 147 1788 148 1788 326 1783 455 1798 610 1802 611 1802 691 1794 712 1805 714 1805 715 1807 768 1807 768 1805 769 1805 791 1797 1037 1812 1038 1812 1070 1805 1168 1807 1298 1823 1299 1823 1390 1819 1462 1827 1466 1807 1465 1770 1422 1763 1420 1763 1274 1764 1263 1757 1261 1757 1260 1757 1259 1757 1216 1763 1129 1751 1128 1751 940 1754 875 1744 874 1744 794 1750 748 1740 647 1737 646 1737 644 1737 624 1745 557 1735 246 1735 95 1721 94 1761 93 1775"/></Shape>
            <String CONTENT="dachten um von GOTT ein ſchoͤnes Wetter zu erbitten angeſtelet-"
                    HPOS="93"
                    VPOS="1721"
                    WIDTH="1373"
                    HEIGHT="106"
                    WC="0.983865999986255"></String>
          </TextLine>
          <TextLine ID="eSc_line_7281a90f"
                    TAGREFS="LT33"
                    BASELINE="94 1810 369 1822 475 1833 1462 1851" 
                    HPOS="93"
                    VPOS="1776"
                    WIDTH="1369"
                    HEIGHT="91">
            <Shape><Polygon POINTS="94 1810 93 1831 241 1841 242 1841 328 1837 354 1847 355 1847 357 1847 405 1838 478 1850 479 1850 702 1846 786 1856 787 1856 873 1851 974 1860 975 1860 976 1860 1004 1852 1047 1861 1048 1861 1152 1857 1220 1865 1221 1865 1222 1865 1240 1858 1338 1867 1340 1867 1461 1858 1462 1851 1462 1817 1284 1814 1266 1804 1265 1804 1264 1804 1205 1810 1173 1800 1172 1800 1170 1800 1126 1805 1057 1798 1056 1798 972 1807 922 1794 921 1794 845 1792 844 1792 542 1798 429 1794 405 1783 403 1783 402 1783 357 1792 287 1780 286 1780 234 1790 171 1778 94 1776 94 1810"/></Shape>
            <String CONTENT="Den 20. Auguſt gienge man in offentlicher, allgemeiner Proceſtion"
                    HPOS="93"
                    VPOS="1776"
                    WIDTH="1369"
                    HEIGHT="91"
                    WC="0.9838209262261024"></String>
          </TextLine>
          <TextLine ID="eSc_line_5009e85e"
                    TAGREFS="LT33"
                    BASELINE="92 1857 504 1882 866 1887 1254 1901 1463 1901" 
                    HPOS="90"
                    VPOS="1816"
                    WIDTH="1373"
                    HEIGHT="108">
            <Shape><Polygon POINTS="749 1838 672 1845 646 1837 644 1837 643 1837 609 1842 439 1838 402 1829 401 1829 330 1833 317 1826 316 1826 315 1826 314 1826 312 1826 300 1832 234 1831 209 1821 208 1821 206 1821 119 1826 94 1816 92 1857 90 1871 210 1877 229 1886 230 1886 647 1901 648 1901 696 1894 741 1901 743 1901 811 1897 825 1906 826 1906 827 1906 829 1906 830 1906 847 1899 868 1905 869 1905 870 1905 929 1901 1006 1914 1008 1914 1009 1914 1029 1905 1071 1916 1072 1916 1073 1916 1102 1910 1111 1916 1112 1916 1114 1916 1115 1916 1148 1911 1292 1924 1293 1924 1294 1924 1316 1915 1461 1919 1463 1901 1462 1863 1218 1865 933 1845 932 1845 898 1852 859 1842 858 1842 856 1842 793 1850 759 1838 749 1838"/></Shape>
            <String CONTENT="von der hochen Domb⸗ Kirchen aus (bey welcher ſammentliche Geiſt⸗"
                    HPOS="90"
                    VPOS="1816"
                    WIDTH="1373"
                    HEIGHT="108"
                    WC="0.9831750154495239"></String>
          </TextLine>
          <TextLine ID="eSc_line_4f7d2b8d"
                    TAGREFS="LT33"
                    BASELINE="93 1900 129 1910 256 1921 596 1935 1120 1948 1461 1949" 
                    HPOS="92"
                    VPOS="1870"
                    WIDTH="1369"
                    HEIGHT="101">
            <Shape><Polygon POINTS="92 1926 189 1930 230 1942 232 1942 233 1942 406 1937 537 1950 638 1953 639 1953 641 1953 666 1947 685 1954 686 1954 687 1954 748 1945 856 1958 858 1958 921 1950 945 1961 946 1961 1024 1963 1025 1963 1070 1955 1120 1966 1121 1966 1249 1958 1278 1969 1279 1969 1280 1969 1282 1969 1309 1959 1432 1971 1433 1971 1434 1971 1459 1963 1461 1949 1461 1911 1406 1904 1405 1904 1329 1914 1251 1906 1250 1906 1169 1909 1153 1903 1152 1903 1150 1903 1073 1908 1032 1897 1030 1897 1029 1897 988 1903 914 1891 913 1891 846 1901 816 1889 815 1889 767 1887 765 1887 764 1887 731 1899 701 1889 700 1889 699 1889 638 1896 629 1890 628 1890 627 1890 625 1890 490 1892 338 1876 336 1876 253 1886 194 1874 94 1870 93 1900 92 1926"/></Shape>
            <String CONTENT="ſichkeit ꝛc. Studenten, und ein Maͤnge Volcks erſchienen) nacher"
                    HPOS="92"
                    VPOS="1870"
                    WIDTH="1369"
                    HEIGHT="101"
                    WC="0.9834248516708612"></String>
          </TextLine>
          <TextLine ID="eSc_line_5c1785b5"
                    TAGREFS="LT33"
                    BASELINE="102 1955 299 1972" 
                    HPOS="99"
                    VPOS="1910"
                    WIDTH="200"
                    HEIGHT="88">
            <Shape><Polygon POINTS="102 1955 99 1972 294 1998 299 1972 299 1938 272 1937 261 1926 261 1925 259 1925 258 1925 257 1925 214 1930 196 1919 195 1919 194 1919 193 1919 191 1919 180 1924 104 1910 102 1955"/></Shape>
            <String CONTENT="hhedetten."
                    HPOS="99"
                    VPOS="1910"
                    WIDTH="200"
                    HEIGHT="88"
                    WC="0.9882870674133301"></String>
          </TextLine>
          <TextLine ID="eSc_line_4f200a4c"
                    TAGREFS="LT33"
                    BASELINE="316 1974 1032 1997 1457 1997" 
                    HPOS="315"
                    VPOS="1933"
                    WIDTH="1142"
                    HEIGHT="96">
            <Shape><Polygon POINTS="316 1974 315 2001 429 1997 489 2012 490 2012 492 2012 591 2008 704 2017 705 2017 706 2017 753 2005 810 2005 1025 2025 1027 2025 1028 2025 1077 2012 1148 2024 1149 2024 1232 2019 1271 2029 1273 2029 1274 2029 1275 2029 1290 2022 1359 2029 1360 2029 1361 2029 1379 2021 1456 2021 1457 1997 1457 1968 1350 1954 1348 1954 1300 1961 1181 1952 1179 1952 1135 1959 1083 1950 1082 1950 1028 1957 996 1948 995 1948 895 1944 894 1944 893 1944 866 1953 854 1947 853 1947 851 1947 733 1949 705 1939 704 1939 702 1939 599 1947 551 1939 550 1939 461 1943 427 1933 426 1933 425 1933 316 1934 316 1974"/></Shape>
            <String CONTENT="Den 2g. Anguſt ſienge es wiederum an haͤuffig zu reg⸗"
                    HPOS="315"
                    VPOS="1933"
                    WIDTH="1142"
                    HEIGHT="96"
                    WC="0.9758177647050822"></String>
          </TextLine>
          <TextLine ID="eSc_line_6c63f86e"
                    TAGREFS="LT33"
                    BASELINE="748 2040 882 2044" 
                    HPOS="747"
                    VPOS="2000"
                    WIDTH="135"
                    HEIGHT="60">
            <Shape><Polygon POINTS="748 2040 747 2060 880 2053 882 2044 879 2001 853 2007 832 2000 831 2000 830 2000 829 2000 827 2000 820 2007 808 2003 807 2003 806 2003 805 2003 803 2003 784 2019 748 2019 748 2040"/></Shape>
            <String CONTENT="Teee"
                    HPOS="747"
                    VPOS="2000"
                    WIDTH="135"
                    HEIGHT="60"
                    WC="0.9999905824661255"></String>
          </TextLine>
          <TextLine ID="eSc_line_282d0276"
                    TAGREFS="LT33"
                    BASELINE="1360 2054 1454 2054" 
                    HPOS="1360"
                    VPOS="2012"
                    WIDTH="94"
                    HEIGHT="65">
            <Shape><Polygon POINTS="1360 2054 1360 2069 1453 2077 1454 2054 1454 2020 1425 2012 1424 2012 1423 2012 1360 2019 1360 2054"/></Shape>
            <String CONTENT="nen,"
                    HPOS="1360"
                    VPOS="2012"
                    WIDTH="94"
                    HEIGHT="65"
                    WC="0.9436929672956467"></String>
          </TextLine>
        </TextBlock>
      </PrintSpace>
    </Page>
  </Layout>
</alto>
