1938 2500
37 259 82 63 erhoͤ⸗

55 304 61 66 raſ⸗

47 362 58 60 tge

22 412 98 60 lieber

66 459 39 60 in

36 508 80 62 aber

40 566 71 64 ma⸗

759 216 353 75 2 (0) 22g-

229 261 1388 102 Deyden wird brauchen muͤſſen, vil glaͤckſeeliger, und mit groͤſſerem

1530 240 88 66 222

226 320 1388 96 Ruhm, als wann man mit einem grauſamen Krieg denen Ehegenoſſen

222 354 65 65 and

300 376 1312 92 Kindern die ſchuldigſte Dient, dem Vatterland die Haͤlff, der

219 422 1392 89 gantzen Nation den Ruhm der Weisheit entnehmen, und von jeder⸗

225 456 98 73 nann

341 480 1269 86 fur unſinnig wolle erkannt werden. Von ſolchen Zuſprechen

226 523 1381 95 ourde Ludolphus bewegt mit naſſen Augen dem Herrn Vatter abzu⸗

226 569 863 93 sirten, der ſeinen Zorn gar gern fallen lieſſe.

222 650 50 69 ter

341 631 1264 85 Es war nit lang Ruhe im Reich, da entſtund ein Gezaͤnck un⸗

286 684 1311 84 enen Biſchoͤffen zu Galtzburg, und Paſſan wegen des Pallii. (p,

236 705 59 70 Der

320 731 1285 89 Dabſt Agapirus decretirt fuͤr Paſſau ein Ertz⸗Stifft, darunter

233 755 33 63 1

287 784 1314 84 zehoͤren Deſterreich, Maͤhren, Windiſchmarck biß in Mœliam.

225 802 125 85 Lerold

218 881 1386 94 gtachre auf ein Rach, ſchluge ſich zu dem in die Aacht und aber⸗Aache

365 838 1231 81 Graff von Scheurn Biſchoff zu Saltzburg befand ſich ledirt,

233 931 1368 95 darten Conraden Herzogen in Lothringen, deſſen Gemahun Kayſer

226 956 125 80 rtoni⸗

220 1000 105 76 Duter

379 991 1222 77 Tochter allbereit geſtorben war. Dieſe nahmen Geiſtliche

216 1052 74 71 kanr

361 1043 1236 77 dermoͤgten darmit daß Bulrko der Ungarn Koͤnig mit ihnen das

215 1100 114 90 cickte

330 1091 1266 81 Gayrn und das Reich anzugreiffen bewilligte. Bulnkco aber

218 1154 65 69 ich

344 1141 1252 81 borher Ausſpaͤher des Lands, und auf dero conkirmirten Be⸗

298 1191 1299 84 derzog er Bayrn mit 5. gewaltigen Kriegs⸗ Heern, unter ſeinem

213 1200 53 68 in.

298 1243 1298 80 oͤch vier tapfferer Haupt⸗Maͤnner, Lelio, Sura, Tazo, und

258 1263 40 67 d.

211 1293 34 69 t

341 1293 1252 83 msgemein Lel, Sur, Tar, und Schab) Befelch. Dieſe

263 1315 59 71 et⸗

215 1351 75 74 ing

333 1345 1256 81 an der HHertzog Conrad und Biſchoff Herold von Saltzburg.

330 1395 1259 75 chreiben iſt die Firanney die ſie im gantzen Land verubt, und

282 1438 1307 87 lden, die ſie durchgehend gethan. Als ſie mit Bayrn fertig wa⸗

215 1452 40 64 er

206 1497 48 64 m

315 1488 1268 89 gens mit gleichen Wuten den Rhein hinab biß in Lothringen,

293 1538 1292 89 aͤch dem alles in Grund verderbt war, kam ſie ein Schroͤcken an,

198 1550 63 116 6

279 1580 53 60 en

340 1597 1247 83 wider zuruck Augſpurg zu, allweilen ſie vermeynten, daß die

279 1622 34 64 r

194 1651 81 118 2

352 1644 1235 90 Francken und Schwaten ihr Vermoͤgen dahin gefloͤhend ha⸗

202 1743 55 73 da⸗

322 1743 1264 90 Entzwiſchen hielte Hertzog Heinrich einen Landtag allhie. Lieſſe

297 1797 1290 82 aal⸗Buch leſen, darinn ein ernſtliches Capitel ſtunde, nemlich:

241 1838 1345 98 ann ein Biſchoff ſich mit denen Feinden des Chriſtlichen Glaubens

248 1887 1335 100 unde, die Feind anreitzet, uͤber Land und Leuth fuͤhret, dab ſie

277 1941 1306 100 delche die Biſchoͤff beſchuͤtzen ſollen, verderden, ſo ſoll derſelbig

1457 2025 125 65 tein

222 2119 874 114 e) eu Hadruun von. U. Cermonæ Sꝛers rꝛc rpe

25 712 90 61 einent

29 758 75 71 graß

59 813 49 57 da

63 862 34 54 a

51 911 53 111 ;

37 1209 61 72 ſent

33 1261 60 65 und

55 1306 31 62 it

62 1479 18 44 ,
