1571 2270
1403 110 67 53 111

692 110 280 65 8 (00 28.

117 157 1358 75 garerha Thereſta Philippi IV. in Spanien Tochter, erſten Gemahlin

114 211 1361 70 Leopoldi. Vermoͤg dieſer Heurarh vermuthete man groſſe Vortheil

113 261 1355 64 fuͤr das Bayriſche HHauß, dann dardurch kunte auf erfolgenden Todts⸗

112 306 1363 66 fall Caroj II. Esnig in Spanien, niemand zur Spaniſchen Succeſlion

111 356 1015 65 ein groͤſſeres Recht haben als ein Bayriſcher Printz.

242 402 1235 65 Den 1z. Octobris Anno 1682. ſtarbe Titl. Frau Frau Maria

104 447 1369 67 Eliſsberha von Salis, Gefuͤrſtete Abbtißin zu Ober⸗Muͤnſter. Re⸗

102 498 1366 66 gierre z5. Jahr. Nach dero Todt wurde den 8. Novembris 1622.

102 546 1369 58 erwaͤhlet Titl. Frau Frau Maria Thereſia gebohrne von Sandizell &c.

103 592 1370 68 Dieſe hoͤchſt loͤbliche regierende Frau und Faͤrſtin hatte waͤhrend ihrer

100 644 1370 62 Regierung den ſchoͤnen Chor in dero Stißfts⸗ Kirchen von Grund auf

99 692 1371 65 erbauen laſſen. Item den ſchoͤnen mit Stuckador und Mahlerey ge⸗

97 741 1318 61 zierten Gaal in den Stand, wie ſelber anſetzo zu ſehen, hergeſtellt.

233 794 1238 54 Nach toͤdtlichen HHintritt Gr. Hochfuͤrſtl. Gnaden Biſchoffen zu

98 836 1373 66 Eyſtett, welcher den 16. Jenner 1685. erfolget, folgte auf den Reiehs⸗

105 884 1365 60 Tag allhier als Titl. Kayſerlicher Principal-Commiſlarius Titt. Heba

97 930 1371 70 Rianus Graf von Porting, Biſchoff zu PPafſſau, ſo aber wegen zuge⸗

97 983 1373 58 ſtandener Leibs⸗Schwachheit ſelbſten reſignirt. An dero Stelle kame

97 1030 1371 67 den 20. ſulii 1688. Titl. Tirl. Printz Hermann Marggraf zu Baden

94 1080 1374 68 ꝛc. ꝛc. logirte bey S. Emmeram, allwo er auch den z. Octobris 169r.

93 1127 1205 71 geſtorben, und ln der Grufft S. Wolkgangi begraben worden.

225 1172 1238 68 Als Anno 1687. den 1.Novembris Albertus Sigismundus

92 1219 1373 72 Hertzog in Bayrn ꝛc. Biſchoff zu Regenſpurg, mit Tod abgangen, iſt

89 1268 1376 66 demſelben alſo gleich ſoſephus Clemens HHertzog in Hayrn, Churfuͤr⸗

89 1321 1377 64 ſtens Marimiliani Emmanuelis Bruder, in Biſtumb ſuccediret, als

90 1367 1375 73 welcher ſchon Anno 1682. zu einen Coadjutor erwaͤhlet wurde. An⸗

90 1417 1373 68 no 1628. wurde das Ertz⸗ Biſtumb zu Coͤlln offen. Es wurde bey der

92 1464 1365 74 Wahl eines neuen Churfuͤrſtens, der Cardinal Fuͤrſtenberg durch 12.

93 1515 1368 76 Stimmen poſtuliret, welche aber pro poſtulatione nit ertlecklich wa⸗

89 1556 1372 82 ren. ſolephus Clemens Hertzog in Bayrn hatte ein Breve Eligibili-

90 1605 1372 81 tatis, adein auch dieſem giengen die genuaſame Votn ab. Dahero

90 1655 1373 79 der Pabſt den Ausſpruch gemacht, und ſolepho Clementi Hertzogen

92 1703 1367 80 aus Bayrn, das Ertz⸗Biſtumb Coͤlln zuerkennet. Wie er dann als

93 1754 1364 80 Churfuͤrſt zu Coͤln Anno 1689. der Roͤmiſchen Koͤnigs⸗Wahl ſole-

93 1805 1365 82 phu L. zu Augſpurg beygewohnet, welcher den 22. Jenner ꝛcpo. auda

90 1863 340 71 Zecroͤnet worden.

1332 1943 126 62 Anno
