<?xml version="1.0" encoding="UTF-8"?>
<alto xmlns:xsi="http://www.w3.org/2001/XMLSchema-instance"
      xmlns="http://www.loc.gov/standards/alto/ns-v4#"
      xsi:schemaLocation="http://www.loc.gov/standards/alto/ns-v4# http://www.loc.gov/standards/alto/v4/alto-4-2.xsd">
  <Description>
    <MeasurementUnit>pixel</MeasurementUnit>
    <sourceImageInformation>
      <fileName>image399.jpg</fileName>
      <fileIdentifier>https://archiv.ub.uni-marburg.de/eb/2010/0168</fileIdentifier>
    </sourceImageInformation>
  </Description>
  <Tags>
    <OtherTag ID="BT1" LABEL="Title" DESCRIPTION="block type Title"/><OtherTag ID="BT2" LABEL="Main" DESCRIPTION="block type Main"/><OtherTag ID="BT3" LABEL="Commentary" DESCRIPTION="block type Commentary"/><OtherTag ID="BT4" LABEL="Illustration" DESCRIPTION="block type Illustration"/><OtherTag ID="BT42" LABEL="text" DESCRIPTION="block type text"/>
    <OtherTag ID="LT33" LABEL="default" DESCRIPTION="line type default"/>
  </Tags>
  <Layout>
    <Page WIDTH="1911"
          HEIGHT="2480"
          PHYSICAL_IMG_NR="399"
          ID="eSc_dummypage_">
      <PrintSpace HPOS="0"
                  VPOS="0"
                  WIDTH="1911"
                  HEIGHT="2480">
        <TextBlock HPOS="330"
                   VPOS="242"
                   WIDTH="1448"
                   HEIGHT="1983"
                   ID="eSc_textblock_44364d44"
                   TAGREFS="BT42">
          <Shape><Polygon POINTS="376 242 650 286 814 275 876 248 1255 253 1322 303 1734 308 1778 325 1734 1454 1740 2158 1718 2225 330 2214 347 396 352 264 376 242"/></Shape>
          <TextLine ID="eSc_line_627f66ee"
                    TAGREFS="LT33"
                    BASELINE="366 286 453 282" 
                    HPOS="363"
                    VPOS="243"
                    WIDTH="90"
                    HEIGHT="57">
            <Shape><Polygon POINTS="446 253 432 250 418 249 405 246 391 245 385 243 374 243 363 250 366 286 366 293 392 300 394 300 453 290 453 282 447 253 446 253"/></Shape>
            <String CONTENT="370"
                    HPOS="363"
                    VPOS="243"
                    WIDTH="90"
                    HEIGHT="57"
                    WC="0.9999942382176717"></String>
          </TextLine>
          <TextLine ID="eSc_line_bea0e4b4"
                    TAGREFS="LT33"
                    BASELINE="869 281 901 282" 
                    HPOS="868"
                    VPOS="257"
                    WIDTH="33"
                    HEIGHT="47">
            <Shape><Polygon POINTS="898 261 869 257 869 281 868 296 896 304 901 282 901 281 898 261"/></Shape>
            <String CONTENT="a."
                    HPOS="868"
                    VPOS="257"
                    WIDTH="33"
                    HEIGHT="47"
                    WC="0.9998861253261566"></String>
          </TextLine>
          <TextLine ID="eSc_line_68c2eb3c"
                    TAGREFS="LT33"
                    BASELINE="362 341 1343 360 1762 355" 
                    HPOS="362"
                    VPOS="289"
                    WIDTH="1400"
                    HEIGHT="94">
            <Shape><Polygon POINTS="1753 315 1740 311 1729 307 1682 307 1671 307 1657 307 1643 307 1629 307 1617 305 1609 305 1607 305 1537 319 1486 319 1474 310 1472 310 1471 310 1470 310 1408 316 1375 307 1373 307 1372 307 1318 314 1202 305 1201 305 1102 312 1080 304 1078 304 1077 304 916 310 862 297 861 297 859 297 841 304 819 294 818 294 817 294 657 305 611 293 610 293 608 293 607 293 589 300 533 289 531 289 362 301 362 341 362 358 457 358 473 365 475 365 476 365 512 358 741 360 818 370 819 370 985 365 1011 372 1012 372 1014 372 1045 366 1069 373 1070 373 1290 377 1292 377 1375 372 1386 378 1387 378 1388 378 1390 378 1452 373 1490 380 1492 380 1596 374 1607 381 1609 381 1610 381 1612 381 1657 376 1696 383 1697 383 1760 374 1762 355 1755 315 1753 315"/></Shape>
            <String CONTENT="erſtochen haben. Beſagtem von Abenſperg iſt zu gedachtem Frevſius"
                    HPOS="362"
                    VPOS="289"
                    WIDTH="1400"
                    HEIGHT="94"
                    WC="0.9879948593102968"></String>
          </TextLine>
          <TextLine ID="eSc_line_aac9d295"
                    TAGREFS="LT33"
                    BASELINE="358 395 618 395 1319 411 1756 405" 
                    HPOS="356"
                    VPOS="349"
                    WIDTH="1400"
                    HEIGHT="82">
            <Shape><Polygon POINTS="358 395 356 406 414 414 416 414 600 410 613 417 614 417 615 417 617 417 732 411 763 420 764 420 766 420 767 420 785 413 823 422 825 422 826 422 828 422 852 413 923 424 1042 425 1044 425 1129 416 1153 427 1154 427 1155 427 1264 421 1326 428 1328 428 1329 428 1365 418 1394 429 1395 429 1607 431 1609 431 1610 431 1629 424 1682 431 1683 431 1685 431 1686 431 1701 422 1755 422 1756 405 1753 366 1638 374 1599 363 1598 363 1596 363 1516 373 1463 363 1461 363 1460 363 1431 372 1384 365 1383 365 1328 370 1311 362 1310 362 1308 362 1307 362 1286 370 1195 370 1146 359 1144 359 1143 359 1121 369 1041 369 1008 356 1007 356 961 356 960 356 958 356 923 366 887 356 885 356 884 356 845 365 772 354 771 354 704 362 672 352 670 352 669 352 577 359 553 351 552 351 551 351 456 360 427 351 425 351 358 349 358 395"/></Shape>
            <String CONTENT="und an demſelben Orth ein ſteinerne Gaul und Taffel aufgerichtet⸗"
                    HPOS="356"
                    VPOS="349"
                    WIDTH="1400"
                    HEIGHT="82"
                    WC="0.9973173554127033"></String>
          </TextLine>
          <TextLine ID="eSc_line_1b0ca034"
                    TAGREFS="LT33"
                    BASELINE="358 445 1336 462 1752 454" 
                    HPOS="358"
                    VPOS="402"
                    WIDTH="1394"
                    HEIGHT="80">
            <Shape><Polygon POINTS="358 445 358 460 512 460 548 469 549 469 551 469 606 461 644 469 646 469 755 462 778 472 779 472 873 473 874 473 953 467 1100 476 1102 476 1164 468 1183 476 1184 476 1326 479 1328 479 1329 479 1344 472 1448 480 1449 480 1488 473 1532 482 1533 482 1751 473 1752 454 1749 416 1617 417 1616 417 1589 425 1519 416 1518 416 1421 424 1282 414 1281 414 1227 421 1091 421 1065 411 1063 411 1062 411 1060 411 1045 418 982 411 980 411 934 417 815 405 814 405 759 413 708 403 706 403 705 403 704 403 686 414 639 402 637 402 636 402 358 405 358 445"/></Shape>
            <String CONTENT="und ſolch folgende Schrifft eingehaut worden: Der Eole rTiclat"
                    HPOS="358"
                    VPOS="402"
                    WIDTH="1394"
                    HEIGHT="80"
                    WC="0.9865204172749673"></String>
          </TextLine>
          <TextLine ID="eSc_line_b1aa974f"
                    TAGREFS="LT33"
                    BASELINE="362 493 1052 509 1748 509" 
                    HPOS="360"
                    VPOS="454"
                    WIDTH="1388"
                    HEIGHT="81">
            <Shape><Polygon POINTS="362 493 360 509 675 513 704 524 705 524 706 524 746 519 872 526 873 526 920 516 980 527 1131 529 1132 529 1133 529 1160 520 1213 530 1215 530 1216 530 1245 522 1299 531 1435 533 1437 533 1496 526 1518 534 1519 534 1521 534 1680 527 1700 535 1701 535 1702 535 1747 524 1748 509 1745 468 1566 476 1442 468 1441 468 1439 468 1410 475 1216 465 1215 465 1213 465 1201 471 1169 461 1168 461 1166 461 964 469 872 461 870 461 753 467 723 457 721 457 720 457 664 465 633 456 632 456 631 456 518 464 497 454 496 454 362 454 362 493"/></Shape>
            <String CONTENT="Herr von Abenſperg, der lenzr diß Hahmens, iſt allhie niederg⸗"
                    HPOS="360"
                    VPOS="454"
                    WIDTH="1388"
                    HEIGHT="81"
                    WC="0.9917832651445943"></String>
          </TextLine>
          <TextLine ID="eSc_line_2c9afc82"
                    TAGREFS="LT33"
                    BASELINE="356 544 1372 564 1588 564 1744 555" 
                    HPOS="355"
                    VPOS="501"
                    WIDTH="1389"
                    HEIGHT="85">
            <Shape><Polygon POINTS="356 544 355 555 421 563 422 563 596 560 668 571 669 571 737 563 810 574 811 574 884 564 903 574 905 574 964 577 1329 582 1330 582 1332 582 1352 575 1432 585 1434 585 1435 585 1471 577 1584 577 1649 586 1650 586 1742 578 1744 555 1742 523 1638 522 1636 522 1635 522 1603 530 1585 522 1584 522 1492 519 1490 519 1441 530 1406 522 1405 522 1403 522 1402 522 1380 529 1226 527 1198 513 1197 513 1195 513 1125 524 969 512 968 512 888 520 862 511 861 511 859 511 810 519 745 508 744 508 742 508 706 516 632 504 493 502 491 502 434 512 409 501 407 501 406 501 356 501 356 544"/></Shape>
            <String CONTENT="legen und Codrs abgangen den 18. Februar. 1285. GDer Genao"
                    HPOS="355"
                    VPOS="501"
                    WIDTH="1389"
                    HEIGHT="85"
                    WC="0.9912372930296536"></String>
          </TextLine>
          <TextLine ID="eSc_line_4af19b7d"
                    TAGREFS="LT33"
                    BASELINE="360 600 1364 615 1744 610" 
                    HPOS="359"
                    VPOS="552"
                    WIDTH="1385"
                    HEIGHT="85">
            <Shape><Polygon POINTS="1354 564 1352 564 1351 564 1313 574 1241 566 1240 566 1143 573 1127 564 1125 564 1124 564 1018 571 938 570 896 558 895 558 894 558 843 570 808 570 792 559 790 559 789 559 788 559 677 567 654 555 653 555 578 555 577 555 575 555 540 566 493 553 491 553 490 553 442 560 360 552 360 600 359 611 505 621 507 621 508 621 522 614 584 614 646 625 647 625 752 617 811 628 812 628 814 628 843 618 931 629 932 629 1132 624 1157 632 1158 632 1160 632 1234 622 1271 633 1273 633 1274 633 1377 628 1388 635 1390 635 1391 635 1392 635 1548 631 1624 637 1625 637 1742 626 1744 610 1741 567 1632 578 1592 567 1591 567 1589 567 1545 577 1478 567 1476 567 1475 567 1474 567 1459 577 1383 577 1355 564 1354 564"/></Shape>
            <String CONTENT="Welcher Geſtalt dieſe Vogtey alsdann an das hochloͤbliche Hau"
                    HPOS="359"
                    VPOS="552"
                    WIDTH="1385"
                    HEIGHT="85"
                    WC="0.9860819118921874"></String>
          </TextLine>
          <TextLine ID="eSc_line_86221342"
                    TAGREFS="LT33"
                    BASELINE="358 650 1617 670" 
                    HPOS="356"
                    VPOS="604"
                    WIDTH="1261"
                    HEIGHT="86">
            <Shape><Polygon POINTS="358 650 356 664 1030 682 1031 682 1087 676 1113 683 1114 683 1116 683 1505 683 1532 690 1533 690 1534 690 1616 683 1617 670 1617 633 1532 622 1530 622 1460 629 1438 621 1437 621 1435 621 1281 626 1195 618 1194 618 950 621 921 613 920 613 918 613 861 620 775 610 774 610 610 615 358 604 358 650"/></Shape>
            <String CONTENT="Bayrn kommen, ſolches wird hinnach baid zu vernehmen ſeyn."
                    HPOS="356"
                    VPOS="604"
                    WIDTH="1261"
                    HEIGHT="86"
                    WC="0.9982574623206566"></String>
          </TextLine>
          <TextLine ID="eSc_line_b79aacb2"
                    TAGREFS="LT33"
                    BASELINE="493 699 1304 717 1713 712" 
                    HPOS="493"
                    VPOS="658"
                    WIDTH="1220"
                    HEIGHT="84">
            <Shape><Polygon POINTS="493 699 493 723 599 717 676 727 677 727 766 720 801 728 803 728 804 728 942 724 972 732 974 732 1157 735 1158 735 1233 727 1267 737 1268 737 1270 737 1335 730 1355 738 1357 738 1358 738 1432 732 1479 739 1481 739 1482 739 1510 732 1543 741 1544 741 1545 741 1668 734 1687 742 1689 742 1690 742 1691 742 1712 734 1713 712 1711 676 1529 680 1508 673 1507 673 1505 673 1435 679 786 662 785 662 603 666 493 658 493 699"/></Shape>
            <String CONTENT="Anno 1a86. Nachdeme ſich Hertzog Albrecht in Bayrn Cogt"
                    HPOS="493"
                    VPOS="658"
                    WIDTH="1220"
                    HEIGHT="84"
                    WC="0.9856936140493913"></String>
          </TextLine>
          <TextLine ID="eSc_line_af8bd9a6"
                    TAGREFS="LT33"
                    BASELINE="354 748 1361 768 1716 761" 
                    HPOS="352"
                    VPOS="708"
                    WIDTH="1364"
                    HEIGHT="84">
            <Shape><Polygon POINTS="354 748 352 768 387 763 516 763 553 774 555 774 556 774 833 770 859 779 861 779 862 779 946 772 1120 783 1121 783 1178 775 1212 783 1213 783 1215 783 1310 778 1373 788 1375 788 1566 783 1632 792 1634 792 1715 782 1716 761 1712 728 1559 734 1437 724 1435 724 1346 730 1335 723 1333 723 1332 723 1330 723 1329 723 1328 723 1317 730 1288 721 1286 721 1171 720 1169 720 1118 727 1104 720 1103 720 613 720 600 710 599 710 597 710 596 710 551 717 535 710 534 710 533 710 391 715 354 708 354 748"/></Shape>
            <String CONTENT="mento Sapiens Alberti pii flius (der TDeiſe des Frommen Ade"
                    HPOS="352"
                    VPOS="708"
                    WIDTH="1364"
                    HEIGHT="84"
                    WC="0.9813957810401917"></String>
          </TextLine>
          <TextLine ID="eSc_line_079e2da0"
                    TAGREFS="LT33"
                    BASELINE="358 806 1259 819 1679 817" 
                    HPOS="356"
                    VPOS="760"
                    WIDTH="1323"
                    HEIGHT="80">
            <Shape><Polygon POINTS="358 806 356 818 1318 837 1319 837 1321 837 1347 830 1437 839 1438 839 1504 833 1610 840 1612 840 1613 840 1639 833 1676 840 1679 817 1678 774 1647 774 1646 774 1645 774 1623 785 1438 785 1282 782 1206 770 1205 770 1078 779 1060 768 1059 768 1058 768 1056 768 861 777 834 764 833 764 832 764 788 766 786 766 785 766 770 775 750 764 749 764 748 764 746 764 715 774 625 763 540 761 538 761 537 761 522 770 505 761 504 761 358 760 358 806"/></Shape>
            <String CONTENT="Sohn) in Bayrn mit ſeinem Bruder vereinigt, erwoge er der &amp;"
                    HPOS="356"
                    VPOS="760"
                    WIDTH="1323"
                    HEIGHT="80"
                    WC="0.9935342760409339"></String>
          </TextLine>
          <TextLine ID="eSc_line_7b53f322"
                    TAGREFS="LT33"
                    BASELINE="354 855 1209 870 1719 868" 
                    HPOS="352"
                    VPOS="811"
                    WIDTH="1367"
                    HEIGHT="80">
            <Shape><Polygon POINTS="354 855 352 870 416 870 434 879 435 879 436 879 438 879 457 872 512 879 513 879 559 873 570 880 571 880 573 880 574 880 755 874 818 883 819 883 870 876 901 884 902 884 903 884 1089 879 1142 887 1143 887 1144 887 1169 880 1184 887 1186 887 1187 887 1380 883 1392 890 1394 890 1395 890 1397 890 1461 884 1481 891 1482 891 1483 891 1718 884 1719 868 1715 826 1605 834 1483 825 1482 825 1481 825 1454 832 1260 832 1226 821 1224 821 1223 821 1173 829 1128 819 1127 819 1014 828 943 818 942 818 697 823 658 814 657 814 655 814 571 821 483 812 482 812 480 812 453 821 440 812 439 812 438 812 354 811 354 855"/></Shape>
            <String CONTENT="Regenſpurg (die vor 300. Jahren der Hertzogen in Bayrn HHaui"
                    HPOS="352"
                    VPOS="811"
                    WIDTH="1367"
                    HEIGHT="80"
                    WC="0.9975368261337281"></String>
          </TextLine>
          <TextLine ID="eSc_line_f44f1cff"
                    TAGREFS="LT33"
                    BASELINE="356 905 843 909 1332 921 1720 921" 
                    HPOS="355"
                    VPOS="862"
                    WIDTH="1365"
                    HEIGHT="79">
            <Shape><Polygon POINTS="356 905 355 914 596 925 597 925 599 925 622 918 928 921 1008 932 1009 932 1073 925 1186 935 1187 936 1248 936 1248 935 1249 935 1267 927 1290 936 1292 936 1403 938 1405 938 1406 938 1421 931 1441 938 1442 938 1613 941 1614 941 1719 931 1720 921 1718 879 1508 884 1264 881 1249 873 1248 873 1246 873 1190 880 1165 872 1164 872 1162 872 976 877 862 868 861 868 662 873 356 862 356 905"/></Shape>
            <String CONTENT="Stadt war, von Friderico Barbarolla aber befreyt worden) jetzis"
                    HPOS="355"
                    VPOS="862"
                    WIDTH="1365"
                    HEIGHT="79"
                    WC="0.9900026955301799"></String>
          </TextLine>
          <TextLine ID="eSc_line_77e5c562"
                    TAGREFS="LT33"
                    BASELINE="355 956 1259 972 1690 971" 
                    HPOS="354"
                    VPOS="909"
                    WIDTH="1336"
                    HEIGHT="84">
            <Shape><Polygon POINTS="355 956 354 969 1499 993 1500 993 1689 987 1690 971 1687 927 1600 935 1479 927 1478 927 1241 930 1227 921 1226 921 1224 921 1223 921 1222 921 1220 921 1208 928 1033 928 920 916 918 916 744 923 727 914 726 914 631 912 629 912 537 920 457 910 456 910 454 910 453 910 439 918 411 909 410 909 355 909 355 956"/></Shape>
            <String CONTENT="Stand, erſchoͤpffte und laͤhre Kammer, den Widerwillen der 2"
                    HPOS="354"
                    VPOS="909"
                    WIDTH="1336"
                    HEIGHT="84"
                    WC="0.9884843736886978"></String>
          </TextLine>
          <TextLine ID="eSc_line_c64fc0ad"
                    TAGREFS="LT33"
                    BASELINE="352 1011 1406 1025 1723 1018" 
                    HPOS="352"
                    VPOS="963"
                    WIDTH="1371"
                    HEIGHT="82">
            <Shape><Polygon POINTS="1209 972 1208 972 1189 980 1149 974 1147 974 852 975 837 968 836 968 834 968 778 974 755 967 753 967 752 967 629 974 533 965 531 965 530 965 512 972 491 964 490 964 352 963 352 1011 352 1031 394 1025 447 1033 449 1033 618 1026 644 1036 646 1036 647 1036 648 1036 679 1029 808 1029 828 1036 829 1036 830 1036 891 1029 950 1038 952 1038 1040 1031 1081 1040 1082 1040 1084 1040 1103 1033 1289 1041 1290 1041 1292 1041 1293 1041 1303 1034 1315 1042 1317 1042 1318 1042 1460 1044 1461 1044 1522 1036 1591 1045 1592 1045 1722 1036 1723 1018 1720 976 1589 985 1259 982 1211 972 1209 972"/></Shape>
            <String CONTENT="ger gegen ihren Obern, und gute Gelegenheit der Stadt wider maͤͤ"
                    HPOS="352"
                    VPOS="963"
                    WIDTH="1371"
                    HEIGHT="82"
                    WC="0.9889373602345586"></String>
          </TextLine>
          <TextLine ID="eSc_line_55307319"
                    TAGREFS="LT33"
                    BASELINE="352 1060 1496 1077 1702 1070" 
                    HPOS="352"
                    VPOS="1016"
                    WIDTH="1350"
                    HEIGHT="79">
            <Shape><Polygon POINTS="352 1060 352 1077 730 1077 790 1085 792 1085 907 1080 918 1087 920 1087 921 1087 923 1087 924 1087 947 1080 971 1088 972 1088 1067 1089 1069 1089 1198 1084 1211 1091 1212 1091 1213 1091 1215 1091 1259 1084 1279 1092 1281 1092 1282 1092 1375 1085 1387 1093 1388 1093 1390 1093 1490 1095 1492 1095 1701 1088 1702 1070 1700 1033 1596 1042 1523 1042 1505 1033 1504 1033 1503 1033 1501 1033 1481 1038 1457 1030 1456 1030 1454 1030 1453 1030 1416 1040 1392 1030 1391 1030 1390 1030 1388 1030 1365 1038 1302 1031 1300 1031 1299 1031 1277 1038 1202 1027 1201 1027 1065 1036 1044 1027 1042 1027 1041 1027 968 1033 942 1023 941 1023 939 1023 826 1029 741 1022 739 1022 680 1030 595 1019 593 1019 546 1029 529 1020 527 1020 526 1020 490 1029 428 1029 391 1016 389 1016 388 1016 352 1022 352 1060"/></Shape>
            <String CONTENT="tig zu werden. Keinen Gewalt wolt er aber brauchen, weil"
                    HPOS="352"
                    VPOS="1016"
                    WIDTH="1350"
                    HEIGHT="79"
                    WC="0.9919821875435966"></String>
          </TextLine>
          <TextLine ID="eSc_line_1086d3ed"
                    TAGREFS="LT33"
                    BASELINE="348 1111 1399 1128 1680 1124" 
                    HPOS="347"
                    VPOS="1066"
                    WIDTH="1333"
                    HEIGHT="83">
            <Shape><Polygon POINTS="348 1111 347 1121 380 1129 381 1129 456 1124 490 1132 491 1132 493 1132 567 1127 615 1135 617 1135 661 1127 705 1136 706 1136 845 1129 876 1139 877 1139 879 1139 939 1131 960 1139 961 1139 963 1139 1295 1138 1307 1144 1308 1144 1310 1144 1443 1146 1445 1146 1446 1146 1478 1138 1499 1147 1500 1147 1501 1149 1679 1149 1680 1124 1678 1085 1616 1091 1529 1082 1527 1082 1478 1091 1376 1080 1375 1080 1336 1088 1275 1078 1274 1078 1118 1085 1088 1077 1087 1077 1085 1077 1084 1077 1069 1085 975 1085 954 1074 953 1074 872 1073 870 1073 676 1080 655 1070 654 1070 571 1069 570 1069 479 1077 464 1067 462 1067 461 1067 460 1067 409 1076 348 1066 348 1111"/></Shape>
            <String CONTENT="ihm den Kayſer zum Feind dardurch machen muſte: Griff alſe"
                    HPOS="347"
                    VPOS="1066"
                    WIDTH="1333"
                    HEIGHT="83"
                    WC="0.997381002738558"></String>
          </TextLine>
          <TextLine ID="eSc_line_9d39fb06"
                    TAGREFS="LT33"
                    BASELINE="352 1162 1365 1179 1607 1179 1682 1172" 
                    HPOS="351"
                    VPOS="1116"
                    WIDTH="1331"
                    HEIGHT="81">
            <Shape><Polygon POINTS="351 1173 369 1182 370 1182 372 1182 475 1176 664 1187 665 1187 755 1180 850 1190 851 1190 939 1183 972 1190 974 1190 1198 1189 1219 1195 1220 1195 1679 1197 1682 1172 1678 1138 1406 1140 1249 1129 1248 1129 1246 1129 1245 1129 1231 1138 1143 1138 1087 1127 1085 1127 1041 1135 923 1124 921 1124 870 1131 851 1122 850 1122 848 1122 701 1128 672 1121 670 1121 669 1121 668 1121 648 1128 635 1120 633 1120 632 1120 631 1120 524 1127 354 1116 352 1162 351 1173"/></Shape>
            <String CONTENT="Handel auf folgende Weiß an: Die vorige Hertzagen aus Bai"
                    HPOS="351"
                    VPOS="1116"
                    WIDTH="1331"
                    HEIGHT="81"
                    WC="0.9880388379096985"></String>
          </TextLine>
          <TextLine ID="eSc_line_4c86502f"
                    TAGREFS="LT33"
                    BASELINE="349 1213 1172 1227 1685 1227" 
                    HPOS="349"
                    VPOS="1168"
                    WIDTH="1336"
                    HEIGHT="83">
            <Shape><Polygon POINTS="349 1213 349 1228 540 1228 600 1237 602 1237 749 1231 785 1241 786 1241 788 1241 829 1234 930 1242 931 1242 996 1234 1026 1244 1027 1244 1029 1244 1081 1235 1120 1245 1121 1245 1570 1251 1572 1251 1683 1242 1685 1227 1683 1186 1230 1187 1200 1178 1198 1178 1197 1178 1195 1178 1171 1184 1114 1176 1113 1176 902 1183 885 1175 884 1175 883 1175 826 1182 808 1173 807 1173 806 1173 659 1179 544 1169 542 1169 436 1178 421 1168 420 1168 418 1168 417 1168 349 1168 349 1213"/></Shape>
            <String CONTENT="haben der Staodt Regenſpurg, ihr Vorſtatt am Goff umb ein o."
                    HPOS="349"
                    VPOS="1168"
                    WIDTH="1336"
                    HEIGHT="83"
                    WC="0.9906323850154877"></String>
          </TextLine>
          <TextLine ID="eSc_line_669f36ac"
                    TAGREFS="LT33"
                    BASELINE="351 1263 1471 1279 1686 1274" 
                    HPOS="351"
                    VPOS="1219"
                    WIDTH="1335"
                    HEIGHT="83">
            <Shape><Polygon POINTS="351 1263 351 1285 445 1277 961 1293 963 1293 1060 1286 1144 1295 1146 1295 1147 1295 1165 1286 1180 1296 1182 1296 1183 1296 1184 1296 1270 1288 1303 1296 1304 1296 1306 1296 1603 1295 1624 1302 1625 1302 1627 1302 1685 1292 1686 1274 1685 1240 1629 1235 1628 1235 1627 1235 1583 1246 1490 1234 1489 1234 1488 1234 1467 1245 1380 1245 1365 1234 1364 1234 1362 1234 1361 1234 1303 1242 1271 1231 1270 1231 1268 1231 1168 1241 1019 1230 1018 1230 865 1237 833 1224 832 1224 830 1224 829 1224 801 1237 757 1237 726 1223 724 1223 723 1223 651 1231 410 1219 409 1219 351 1227 351 1263"/></Shape>
            <String CONTENT="Stuck Geld verſetzt. HHertzog Albrecht, gibt der dermahligen ſehr"
                    HPOS="351"
                    VPOS="1219"
                    WIDTH="1335"
                    HEIGHT="83"
                    WC="0.9931960766132061"></String>
          </TextLine>
          <TextLine ID="eSc_line_feda1859"
                    TAGREFS="LT33"
                    BASELINE="347 1315 1668 1332" 
                    HPOS="345"
                    VPOS="1270"
                    WIDTH="1323"
                    HEIGHT="81">
            <Shape><Polygon POINTS="347 1315 345 1326 380 1336 381 1336 383 1336 384 1336 399 1329 413 1336 414 1336 416 1336 449 1329 668 1330 735 1340 737 1340 877 1335 1117 1346 1118 1346 1246 1340 1263 1347 1264 1347 1609 1351 1610 1351 1667 1343 1668 1332 1667 1295 1267 1281 1266 1281 1227 1289 1176 1279 1175 1279 1173 1279 1155 1288 1042 1278 1041 1278 819 1284 788 1274 786 1274 734 1274 732 1274 731 1274 730 1274 717 1282 661 1273 659 1273 440 1277 373 1270 372 1270 370 1270 347 1277 347 1315"/></Shape>
            <String CONTENT="thigen Stadt das Gelo, und empfangt ſein Eigenthum bemelte&amp;"
                    HPOS="345"
                    VPOS="1270"
                    WIDTH="1323"
                    HEIGHT="81"
                    WC="0.9786883653220484"></String>
          </TextLine>
          <TextLine ID="eSc_line_69b946cd"
                    TAGREFS="LT33"
                    BASELINE="347 1365 1377 1383 1595 1383 1676 1375" 
                    HPOS="345"
                    VPOS="1321"
                    WIDTH="1331"
                    HEIGHT="84">
            <Shape><Polygon POINTS="347 1365 345 1381 604 1381 661 1390 662 1390 724 1383 745 1391 746 1391 748 1391 863 1386 887 1392 888 1392 1197 1398 1198 1398 1274 1392 1347 1401 1348 1401 1450 1395 1594 1405 1595 1405 1675 1397 1676 1375 1672 1339 1533 1346 1290 1333 1289 1333 1162 1340 1151 1332 1150 1332 1149 1332 1147 1332 1146 1332 1131 1339 1019 1339 986 1329 985 1329 983 1329 917 1336 896 1326 895 1326 894 1326 841 1332 792 1325 790 1325 789 1325 755 1333 637 1322 636 1322 582 1329 553 1321 552 1321 551 1321 347 1326 347 1365"/></Shape>
            <String CONTENT="am Hoff. Setzt gleich Burgermeiſter und Rath, und hielte"
                    HPOS="345"
                    VPOS="1321"
                    WIDTH="1331"
                    HEIGHT="84"
                    WC="0.9991214679820197"></String>
          </TextLine>
          <TextLine ID="eSc_line_cb776654"
                    TAGREFS="LT33"
                    BASELINE="348 1417 1271 1434 1685 1434" 
                    HPOS="347"
                    VPOS="1372"
                    WIDTH="1338"
                    HEIGHT="85">
            <Shape><Polygon POINTS="348 1417 347 1430 447 1439 449 1439 450 1439 467 1432 486 1441 487 1441 489 1441 574 1434 621 1442 622 1442 755 1437 774 1445 775 1445 852 1446 854 1446 913 1439 945 1448 946 1448 947 1448 1107 1443 1190 1450 1191 1450 1193 1450 1222 1443 1295 1452 1296 1452 1297 1452 1313 1445 1330 1453 1332 1453 1333 1453 1384 1446 1592 1457 1594 1457 1683 1449 1685 1434 1682 1391 1592 1397 1193 1384 1191 1384 954 1387 936 1380 935 1380 934 1380 863 1386 759 1377 757 1377 395 1379 348 1372 348 1417"/></Shape>
            <String CONTENT="Unterthanen ſo gnaͤdig und beſcheidenlich, daß die Regenſpurger⸗"
                    HPOS="347"
                    VPOS="1372"
                    WIDTH="1338"
                    HEIGHT="85"
                    WC="0.9983533499762416"></String>
          </TextLine>
          <TextLine ID="eSc_line_3a99629e"
                    TAGREFS="LT33"
                    BASELINE="345 1471 1581 1489" 
                    HPOS="344"
                    VPOS="1424"
                    WIDTH="1237"
                    HEIGHT="81">
            <Shape><Polygon POINTS="345 1471 344 1483 1507 1505 1508 1505 1580 1499 1581 1489 1581 1450 1552 1443 1551 1443 1550 1443 1470 1448 1445 1439 1443 1439 1442 1439 1441 1439 1424 1446 1365 1439 1364 1439 1314 1446 1201 1435 1200 1435 1127 1443 1107 1434 1106 1434 1104 1434 1056 1442 980 1435 979 1435 936 1441 903 1431 902 1431 901 1431 822 1439 720 1428 719 1428 717 1428 688 1437 615 1427 614 1427 500 1434 483 1426 482 1426 345 1424 345 1471"/></Shape>
            <String CONTENT="Gefallen darob trugen, und um gleiche diſcretion ſeuffzeten."
                    HPOS="344"
                    VPOS="1424"
                    WIDTH="1237"
                    HEIGHT="81"
                    WC="0.987958229581515"></String>
          </TextLine>
          <TextLine ID="eSc_line_abcdb11d"
                    TAGREFS="LT33"
                    BASELINE="482 1523 1200 1536 1653 1536" 
                    HPOS="480"
                    VPOS="1476"
                    WIDTH="1173"
                    HEIGHT="76">
            <Shape><Polygon POINTS="832 1479 830 1479 829 1479 799 1488 771 1481 770 1481 768 1481 651 1488 633 1476 632 1476 631 1476 629 1476 591 1483 482 1479 482 1523 480 1537 584 1545 585 1545 636 1540 651 1547 653 1547 654 1547 760 1541 774 1548 775 1548 1650 1552 1653 1536 1651 1490 1541 1499 1308 1489 1307 1489 1219 1494 1208 1486 1208 1485 1206 1485 1205 1485 1204 1485 1096 1493 1022 1493 1001 1482 1000 1482 888 1481 887 1481 885 1481 862 1489 833 1479 832 1479"/></Shape>
            <String CONTENT="Als HHertzog Albrecht diß vermerckte, ließ er ihnen durd"
                    HPOS="480"
                    VPOS="1476"
                    WIDTH="1173"
                    HEIGHT="76"
                    WC="0.997274966112205"></String>
          </TextLine>
          <TextLine ID="eSc_line_b76fb25d"
                    TAGREFS="LT33"
                    BASELINE="343 1570 1421 1588 1643 1583" 
                    HPOS="343"
                    VPOS="1525"
                    WIDTH="1300"
                    HEIGHT="84">
            <Shape><Polygon POINTS="1052 1534 1051 1534 996 1544 881 1534 880 1534 825 1541 766 1530 764 1530 592 1537 570 1530 569 1530 567 1530 493 1536 443 1525 442 1525 343 1529 343 1570 343 1588 624 1588 720 1596 721 1596 789 1591 905 1599 906 1599 1084 1595 1124 1602 1125 1602 1176 1596 1194 1603 1195 1603 1197 1603 1262 1598 1281 1605 1282 1605 1552 1609 1554 1609 1642 1602 1643 1583 1642 1547 1592 1543 1591 1543 1589 1543 1551 1552 1512 1543 1511 1543 1510 1543 1370 1550 1292 1540 1290 1540 1289 1540 1263 1547 1150 1547 1125 1537 1124 1537 1122 1537 1121 1537 1093 1545 1054 1534 1052 1534"/></Shape>
            <String CONTENT="ſtaͤndig und wohl beredte Commiſlarios vor Augen ſtellen, wis"
                    HPOS="343"
                    VPOS="1525"
                    WIDTH="1300"
                    HEIGHT="84"
                    WC="0.9927666998300396"></String>
          </TextLine>
          <TextLine ID="eSc_line_c02eb08e"
                    TAGREFS="LT33"
                    BASELINE="343 1620 1322 1639 1616 1635" 
                    HPOS="341"
                    VPOS="1578"
                    WIDTH="1275"
                    HEIGHT="82">
            <Shape><Polygon POINTS="343 1620 341 1634 965 1651 967 1651 1014 1646 1044 1653 1045 1653 1047 1653 1087 1647 1127 1654 1128 1654 1190 1649 1290 1657 1292 1657 1369 1651 1453 1660 1454 1660 1614 1654 1616 1635 1614 1605 1538 1605 1512 1595 1511 1595 1510 1595 1464 1602 343 1578 343 1620"/></Shape>
            <String CONTENT="vernuͤnfftig, und nutzlich ſie thaͤten, wann ſie ihre alte Herrn"
                    HPOS="341"
                    VPOS="1578"
                    WIDTH="1275"
                    HEIGHT="82"
                    WC="0.9981707399711013"></String>
          </TextLine>
          <TextLine ID="eSc_line_dbf47336"
                    TAGREFS="LT33"
                    BASELINE="344 1674 574 1672 1147 1689 1623 1691" 
                    HPOS="343"
                    VPOS="1625"
                    WIDTH="1280"
                    HEIGHT="86">
            <Shape><Polygon POINTS="344 1674 343 1682 356 1690 358 1690 359 1690 360 1690 502 1685 562 1693 563 1693 637 1687 672 1696 673 1696 675 1696 806 1690 819 1698 821 1698 822 1698 1015 1701 1016 1701 1060 1694 1071 1702 1073 1702 1074 1702 1076 1702 1292 1698 1304 1707 1306 1707 1307 1707 1421 1708 1423 1708 1424 1708 1441 1701 1543 1711 1544 1711 1621 1704 1623 1691 1621 1647 1476 1654 1383 1643 1381 1643 1308 1651 1183 1640 1182 1640 1111 1647 1080 1639 1078 1639 1077 1639 985 1646 843 1636 841 1636 764 1642 739 1632 738 1632 737 1632 735 1632 734 1632 720 1642 665 1642 639 1631 637 1631 636 1631 432 1636 344 1625 344 1674"/></Shape>
            <String CONTENT="rum annehmen: das Zunehmen der Stadt wurde wachſen,"
                    HPOS="343"
                    VPOS="1625"
                    WIDTH="1280"
                    HEIGHT="86"
                    WC="0.9944686889648438"></String>
          </TextLine>
          <TextLine ID="eSc_line_fd49756c"
                    TAGREFS="LT33"
                    BASELINE="341 1727 643 1726 1060 1737 1617 1740" 
                    HPOS="341"
                    VPOS="1682"
                    WIDTH="1276"
                    HEIGHT="74">
            <Shape><Polygon POINTS="341 1727 341 1747 387 1740 400 1748 402 1748 403 1748 405 1749 467 1749 467 1748 468 1748 496 1740 509 1747 511 1747 512 1747 644 1741 658 1751 659 1751 661 1751 662 1751 664 1751 682 1742 785 1742 855 1742 873 1752 874 1752 876 1752 974 1745 1070 1755 1071 1756 1616 1756 1617 1740 1616 1698 1092 1698 1005 1689 1004 1689 949 1696 885 1686 884 1686 788 1694 761 1686 760 1686 759 1686 691 1693 672 1685 670 1685 669 1685 533 1690 511 1682 509 1682 341 1682 341 1727"/></Shape>
            <String CONTENT="ſorgfaͤltige Hertzog wurde ſelbes durch ſein Liberalitet und Sors"
                    HPOS="341"
                    VPOS="1682"
                    WIDTH="1276"
                    HEIGHT="74"
                    WC="0.9948727754446176"></String>
          </TextLine>
          <TextLine ID="eSc_line_e12961ae"
                    TAGREFS="LT33"
                    BASELINE="341 1781 819 1780 1430 1792 1587 1791 1643 1782" 
                    HPOS="341"
                    VPOS="1731"
                    WIDTH="1302"
                    HEIGHT="78">
            <Shape><Polygon POINTS="341 1781 341 1791 654 1791 673 1800 675 1800 676 1800 677 1800 679 1800 693 1792 777 1792 806 1802 807 1802 808 1802 932 1793 960 1803 961 1803 963 1803 964 1803 989 1795 1048 1802 1049 1802 1051 1802 1067 1795 1085 1804 1087 1804 1088 1804 1168 1796 1237 1806 1238 1806 1299 1799 1504 1809 1505 1809 1642 1799 1643 1782 1638 1744 1505 1755 1318 1753 1278 1741 1277 1741 1275 1741 1213 1748 1193 1740 1191 1740 1190 1740 1189 1740 1155 1751 1096 1742 1095 1742 1093 1742 1070 1749 985 1748 947 1737 946 1737 945 1737 876 1744 866 1737 865 1737 863 1737 675 1736 673 1736 672 1736 655 1742 636 1734 635 1734 570 1734 569 1734 567 1734 529 1745 476 1736 475 1736 431 1744 360 1731 359 1731 358 1731 341 1738 341 1781"/></Shape>
            <String CONTENT="foͤrdern. Sie ſollen gedencken an das Fundament alles Heyl"
                    HPOS="341"
                    VPOS="1731"
                    WIDTH="1302"
                    HEIGHT="78"
                    WC="0.9907843563063391"></String>
          </TextLine>
          <TextLine ID="eSc_line_188e43c8"
                    TAGREFS="LT33"
                    BASELINE="338 1832 755 1832 1623 1846" 
                    HPOS="337"
                    VPOS="1784"
                    WIDTH="1286"
                    HEIGHT="77">
            <Shape><Polygon POINTS="337 1839 366 1848 367 1848 369 1848 479 1843 522 1850 523 1850 524 1850 551 1843 693 1851 694 1851 746 1846 771 1853 772 1853 774 1853 963 1848 980 1857 982 1857 983 1857 1059 1850 1117 1858 1118 1858 1190 1851 1204 1860 1205 1860 1206 1860 1208 1861 1621 1861 1623 1846 1623 1799 340 1784 338 1832 337 1839"/></Shape>
            <String CONTENT="Chriſtlichen Glauben, um dieſen muͤfſen ſie den Bayriſchen i"
                    HPOS="337"
                    VPOS="1784"
                    WIDTH="1286"
                    HEIGHT="77"
                    WC="0.9949907799561818"></String>
          </TextLine>
          <TextLine ID="eSc_line_645ebe61"
                    TAGREFS="LT33"
                    BASELINE="338 1879 1435 1897 1594 1894" 
                    HPOS="337"
                    VPOS="1833"
                    WIDTH="1257"
                    HEIGHT="82">
            <Shape><Polygon POINTS="591 1833 589 1833 537 1843 440 1833 435 1833 421 1833 417 1833 372 1840 351 1833 338 1833 338 1879 337 1888 449 1898 450 1898 535 1893 713 1902 715 1902 1063 1901 1087 1908 1088 1908 1089 1908 1140 1902 1164 1909 1165 1909 1166 1909 1296 1905 1505 1915 1507 1915 1592 1908 1594 1894 1591 1850 1419 1857 1329 1846 1328 1846 1249 1854 1195 1843 1194 1843 1143 1851 1059 1840 1058 1840 986 1847 972 1839 971 1839 969 1839 881 1837 880 1837 801 1847 746 1836 745 1836 699 1843 687 1835 686 1835 684 1835 683 1835 610 1840 592 1833 591 1833"/></Shape>
            <String CONTENT="dancken. Gie ſollen gedencken an das Aiter dieſer Stadt,"
                    HPOS="337"
                    VPOS="1833"
                    WIDTH="1257"
                    HEIGHT="82"
                    WC="0.9783204336251531"></String>
          </TextLine>
          <TextLine ID="eSc_line_5639aeb9"
                    TAGREFS="LT33"
                    BASELINE="1702 1851 1716 1851" 
                    HPOS="1702"
                    VPOS="1811"
                    WIDTH="14"
                    HEIGHT="55">
            <Shape><Polygon POINTS="1702 1851 1702 1866 1716 1864 1716 1851 1715 1811 1702 1811 1702 1851"/></Shape>
            <String CONTENT="i"
                    HPOS="1702"
                    VPOS="1811"
                    WIDTH="14"
                    HEIGHT="55"
                    WC="0.9998778104782104"></String>
          </TextLine>
          <TextLine ID="eSc_line_87e6b9fe"
                    TAGREFS="LT33"
                    BASELINE="349 1931 1333 1946 1558 1945 1618 1935" 
                    HPOS="348"
                    VPOS="1883"
                    WIDTH="1270"
                    HEIGHT="84">
            <Shape><Polygon POINTS="1296 1895 1295 1895 1268 1902 1178 1895 1176 1895 1117 1901 1001 1891 1000 1891 917 1898 891 1890 890 1890 888 1890 646 1894 631 1887 629 1887 497 1884 496 1884 414 1891 349 1883 349 1931 348 1944 483 1945 512 1955 513 1955 515 1955 611 1948 917 1960 918 1960 980 1953 1014 1961 1015 1961 1016 1961 1391 1960 1416 1967 1417 1967 1419 1967 1617 1960 1618 1935 1613 1899 1419 1905 1297 1895 1296 1895"/></Shape>
            <String CONTENT="Vortreffiuͤchkeit und Reichthum, die nie aroͤſſer geweſen, als da ſi"
                    HPOS="348"
                    VPOS="1883"
                    WIDTH="1270"
                    HEIGHT="84"
                    WC="0.9862196620772866"></String>
          </TextLine>
          <TextLine ID="eSc_line_304fedb6"
                    TAGREFS="LT33"
                    BASELINE="341 1981 1166 1996 1595 1990" 
                    HPOS="340"
                    VPOS="1938"
                    WIDTH="1255"
                    HEIGHT="77">
            <Shape><Polygon POINTS="341 1981 340 1997 1127 2011 1128 2011 1235 2006 1245 2012 1246 2012 1248 2012 1249 2012 1277 2007 1478 2015 1479 2015 1594 2008 1595 1990 1592 1952 1488 1959 1157 1949 1155 1949 1127 1955 1085 1946 1084 1946 1015 1953 983 1945 982 1945 980 1945 825 1950 766 1942 764 1942 719 1949 651 1941 650 1941 566 1948 359 1938 358 1938 356 1938 341 1945 341 1981"/></Shape>
            <String CONTENT="Hertzogen in Bayrn Reſidenz Stadt ware. Man lebte damaht"
                    HPOS="340"
                    VPOS="1938"
                    WIDTH="1255"
                    HEIGHT="77"
                    WC="0.9994569857205663"></String>
          </TextLine>
          <TextLine ID="eSc_line_21b8014d"
                    TAGREFS="LT33"
                    BASELINE="1672 1963 1708 1961" 
                    HPOS="1669"
                    VPOS="1916"
                    WIDTH="39"
                    HEIGHT="66">
            <Shape><Polygon POINTS="1672 1963 1672 1982 1707 1975 1708 1961 1704 1916 1669 1922 1672 1963"/></Shape>
            <String CONTENT="o"
                    HPOS="1669"
                    VPOS="1916"
                    WIDTH="39"
                    HEIGHT="66"
                    WC="0.9999982118606567"></String>
          </TextLine>
          <TextLine ID="eSc_line_2a80e7c7"
                    TAGREFS="LT33"
                    BASELINE="336 2032 1284 2047 1504 2046 1606 2037" 
                    HPOS="336"
                    VPOS="1985"
                    WIDTH="1270"
                    HEIGHT="83">
            <Shape><Polygon POINTS="1109 1996 1107 1996 1089 2003 936 1993 935 1993 807 2000 731 1990 730 1990 620 1997 575 1988 574 1988 511 1995 500 1986 498 1986 497 1986 496 1986 494 1986 473 1993 411 1986 410 1986 409 1986 385 1993 336 1985 336 2032 336 2051 473 2044 531 2055 533 2055 577 2046 839 2059 840 2059 892 2050 936 2061 938 2061 1277 2065 1278 2065 1279 2065 1314 2057 1340 2066 1341 2066 1406 2068 1408 2068 1605 2058 1606 2037 1602 2001 1538 2010 1443 2001 1442 2001 1406 2008 1366 1999 1365 1999 1364 1999 1208 2006 1110 1996 1109 1996"/></Shape>
            <String CONTENT="ſer Ruhe und Sicherheit. Wegen der groſſen Hoffſrart und"
                    HPOS="336"
                    VPOS="1985"
                    WIDTH="1270"
                    HEIGHT="83"
                    WC="0.9995464522923742"></String>
          </TextLine>
          <TextLine ID="eSc_line_d67cc720"
                    TAGREFS="LT33"
                    BASELINE="336 2088 647 2084 1285 2096 1628 2090" 
                    HPOS="336"
                    VPOS="2039"
                    WIDTH="1292"
                    HEIGHT="75">
            <Shape><Polygon POINTS="905 2041 845 2054 825 2044 823 2044 822 2044 783 2052 755 2044 753 2044 752 2044 750 2044 728 2052 715 2043 713 2043 712 2043 624 2039 582 2039 581 2039 580 2039 551 2051 453 2039 451 2039 336 2040 336 2088 336 2106 621 2096 709 2103 710 2103 742 2098 792 2109 793 2109 839 2102 887 2109 888 2109 890 2109 907 2101 941 2109 942 2109 943 2109 1016 2102 1100 2112 1102 2112 1164 2103 1266 2113 1442 2114 1443 2114 1445 2114 1459 2108 1481 2114 1482 2114 1483 2114 1485 2114 1507 2105 1627 2102 1628 2090 1625 2046 1427 2058 1211 2050 1209 2050 1172 2055 1138 2048 1136 2048 964 2054 906 2041 905 2041"/></Shape>
            <String CONTENT="ſchafften, gabs ein mehrere Conlumption und groͤſfers Gewerb"
                    HPOS="336"
                    VPOS="2039"
                    WIDTH="1292"
                    HEIGHT="75"
                    WC="0.9761626859505971"></String>
          </TextLine>
          <TextLine ID="eSc_line_4613916d"
                    TAGREFS="LT33"
                    BASELINE="334 2142 749 2136 1419 2147 1623 2138" 
                    HPOS="333"
                    VPOS="2088"
                    WIDTH="1290"
                    HEIGHT="79">
            <Shape><Polygon POINTS="334 2142 333 2150 369 2160 370 2160 372 2160 373 2160 410 2149 436 2158 438 2158 439 2158 518 2149 746 2149 800 2163 801 2163 803 2163 804 2163 823 2153 833 2160 834 2160 836 2160 837 2160 928 2150 969 2163 971 2163 972 2163 1048 2157 1076 2164 1077 2164 1330 2165 1332 2167 1424 2167 1424 2165 1504 2153 1537 2165 1538 2165 1540 2165 1541 2165 1543 2165 1561 2153 1621 2152 1623 2138 1618 2094 1567 2103 1540 2094 1538 2094 1537 2094 1457 2106 1332 2106 1183 2098 1182 2098 1056 2103 1042 2095 1041 2095 1040 2095 1038 2095 1037 2095 1016 2101 989 2094 987 2094 986 2094 932 2102 859 2092 858 2092 804 2101 706 2090 569 2090 567 2090 566 2090 531 2099 450 2088 449 2088 447 2088 402 2101 334 2101 334 2142"/></Shape>
            <String CONTENT="vor dieſem reiche Leuth, ſo alles gefallen mit der ſochſcheinbahren"
                    HPOS="333"
                    VPOS="2088"
                    WIDTH="1290"
                    HEIGHT="79"
                    WC="0.9908782412756735"></String>
          </TextLine>
          <TextLine ID="eSc_line_e1a4d043"
                    TAGREFS="LT33"
                    BASELINE="1653 2110 1709 2109" 
                    HPOS="1651"
                    VPOS="2074"
                    WIDTH="58"
                    HEIGHT="58">
            <Shape><Polygon POINTS="1653 2110 1653 2132 1709 2123 1709 2109 1705 2074 1651 2076 1653 2110"/></Shape>
            <String CONTENT="ret"
                    HPOS="1651"
                    VPOS="2074"
                    WIDTH="58"
                    HEIGHT="58"
                    WC="0.9998978575070699"></String>
          </TextLine>
          <TextLine ID="eSc_line_79444f80"
                    TAGREFS="LT33"
                    BASELINE="1631 2138 1647 2136" 
                    HPOS="1625"
                    VPOS="2083"
                    WIDTH="22"
                    HEIGHT="67">
            <Shape><Polygon POINTS="1627 2091 1631 2138 1632 2150 1647 2147 1647 2136 1639 2083 1625 2088 1627 2091"/></Shape>
            <String CONTENT=""
                    HPOS="1625"
                    VPOS="2083"
                    WIDTH="22"
                    HEIGHT="67"
                    WC="0.9999338388442993"></String>
          </TextLine>
          <TextLine ID="eSc_line_7d251ae8"
                    TAGREFS="LT33"
                    BASELINE="333 2197 859 2193 1357 2201 1545 2196 1610 2186" 
                    HPOS="333"
                    VPOS="2141"
                    WIDTH="1277"
                    HEIGHT="103">
            <Shape><Polygon POINTS="1503 2145 1499 2145 1474 2154 976 2154 935 2141 934 2141 932 2141 931 2141 901 2147 819 2142 818 2142 817 2142 796 2150 760 2141 759 2141 669 2141 668 2141 666 2141 636 2149 620 2141 618 2141 538 2141 524 2141 511 2141 501 2141 500 2141 442 2152 409 2142 407 2142 406 2142 369 2149 333 2142 333 2197 333 2244 422 2244 422 2243 473 2232 475 2232 476 2232 505 2214 555 2225 556 2225 662 2214 701 2223 702 2223 704 2223 737 2218 749 2226 750 2226 752 2226 753 2226 856 2214 957 2243 958 2243 960 2244 1117 2244 1117 2243 1215 2219 1275 2229 1277 2229 1392 2216 1421 2229 1423 2229 1424 2230 1475 2230 1475 2229 1476 2229 1529 2214 1609 2214 1610 2186 1607 2143 1572 2142 1570 2142 1569 2142 1547 2153 1508 2143 1503 2145"/></Shape>
            <String CONTENT="helt. Man halte zwar darfuͤr, ts vereiche der Stadr zu bnd⸗"
                    HPOS="333"
                    VPOS="2141"
                    WIDTH="1277"
                    HEIGHT="103"
                    WC="0.9456812057454708"></String>
          </TextLine>
        </TextBlock>
        <TextBlock HPOS="1868"
                   VPOS="1912"
                   WIDTH="15"
                   HEIGHT="4"
                   ID="eSc_textblock_f1a0135d"
                   TAGREFS="BT42">
          <Shape><Polygon POINTS="1869 1912 1883 1912 1883 1916 1868 1916 1869 1912"/></Shape>
        </TextBlock>
        <TextBlock ID="eSc_dummyblock_">
          <TextLine ID="eSc_line_8e59b2a3"
                    TAGREFS="LT33"
                    BASELINE="1875 728 1890 728" 
                    HPOS="1875"
                    VPOS="691"
                    WIDTH="15"
                    HEIGHT="55">
            <Shape><Polygon POINTS="1875 746 1890 746 1890 728 1890 695 1876 691 1875 728 1875 746"/></Shape>
            <String CONTENT="."
                    HPOS="1875"
                    VPOS="691"
                    WIDTH="15"
                    HEIGHT="55"
                    WC="0.999724805355072"></String>
          </TextLine>
          <TextLine ID="eSc_line_7ebda79a"
                    TAGREFS="LT33"
                    BASELINE="1869 1926 1880 1926" 
                    HPOS="1869"
                    VPOS="1893"
                    WIDTH="11"
                    HEIGHT="49">
            <Shape><Polygon POINTS="1869 1939 1879 1942 1880 1926 1880 1897 1871 1893 1869 1926 1869 1939"/></Shape>
            <String CONTENT=""
                    HPOS="1869"
                    VPOS="1893"
                    WIDTH="11"
                    HEIGHT="49"
                    WC="0.9795268177986145"></String>
          </TextLine>
        </TextBlock>
      </PrintSpace>
    </Page>
  </Layout>
</alto>
