1978 2546
383 239 88 60 112

923 243 102 73 128

1059 243 88 65 0)

1174 243 38 73 8

376 285 1418 99 m laſſen, und ſich nach Belieben zu verheurathen. Dem Biſchoff z

374 350 1420 84 Augſpurg Widgario hat ſie verehrt unſer Lieben Frauen Guͤrrl, die in

372 398 1416 95 den beeden Enden mit goldenen Baͤndern deſetzt, und von Seiden fol⸗

373 451 572 80 gende Vers eingenaͤht haͤtte:

622 547 928 79 Hane Zonam Regina potens Sanctiſſima Hemma

672 609 817 79 tridgario tribuit ſancto ſpiramine plenam.

500 708 1289 82 Sie ware ein Mutter der Armen, denen ſie wohl mit eigenen

374 756 1412 87 Handen das Allmoſen reichte, welchen Brauch ſie ihrem Stifft Ober⸗

369 809 1416 75 Maͤnſter hinterlaſſen, daß alſo noch heut zu Tag, an dem Anniverſario

366 859 1420 87 der ſeeligen Hemmœ, die Abbtiſſin ſelbſt diſes Stifft denen Beduͤrfftigen

367 908 433 65 das Allmoſen reichet.

362 1011 1419 85 mannum Koͤnig in Bayrn und Italien, Arnolphi des Kayſers Vat⸗

500 956 1284 89 Diſe Koͤnigin hatte bey ihrem Gemahl a. Kinder; als 1I. Carolo-

360 1063 1419 74 tern. I. Ludoricum den dritten. III. Carolum Crallum beede Kay⸗

362 1118 1415 75 ſer, und Luitgardam andere nennens Hildgardam Abbtiſfin in Frauen⸗

363 1166 1415 81 Chiemſee. Endlich nach zubrachten Leben in allen Tugenden, wurde

363 1216 1414 85 ſie vom Schlag getroffen, erkranckt noch mehr, und iſt endlich geſtor⸗

362 1271 1412 76 den Anno 876. ligt begraben in diſer unſer Srifft⸗Kirchen, wie in ei⸗

359 1319 1416 77 nem ausgehauten Stein zu ſehen. Hermannus Contractus und unſere

359 1370 1413 78 Manuſcripta bezeugen in folgenden Worten: A. C. 1166. Inven-

359 1420 1408 76 tio corporis Regine Hemme facta elt Nonis Maij, zu teurſch: En

359 1472 1412 78 Jahr Chriſti 1166. iſt der Leib der Koͤnigin Hemmæ gefunden worden

356 1524 1416 74 den 7. Maij. Diſe Erfindung geſchahe unter Regieruna D. Adalberri⸗

355 1575 1412 72 dann, als unter diſem Praͤlaten das Cloſter zwo groſſe Brunſten (dar⸗

355 1622 1412 78 unter auch die Kirchen zu Grund gangen) erlitten, hat man ſelder wi⸗

353 1673 1405 86 der aufzuhelffen viel brechen und graben muͤſſen, unter welcher Arbe.

353 1722 736 82 gedachtes Corpus an Tag kommen.

919 1824 289 130 Guſat

676 1957 795 92 Zu den zwantzigſten Capitel.

406 2049 1351 88 Zus Fuͤrſtliche Susft Ober⸗Munſter alhier in Regenſpurg behaugter, dal

363 2101 1299 80 & Hemma die Kuͤnigin (von welcher dieſes Muͤnſter geſtifftet worden,

345 2151 1405 83 rnhes maſſen ſolches das Digloma Caroli Crac enes Sohns Hemma, und leb

1686 2113 57 51 allo

1642 2188 113 77 doris
