1935 2499
376 216 101 53 292

970 222 45 65 3

1050 222 243 68 0) Lag-

372 269 1403 80 Oeſterreich, Steyrmarckt zugeeignet. Im 28. Fahr gleich darauf ru

373 323 1391 75 ſtete ſich der Kayſer als obriſter Feld⸗Herꝛ in dem Aiiariſchen Krieg.

511 372 1253 81 Das groͤßte Ungluͤck widerfuhr dem Land Bayrn, daß ſelbige.

370 426 1396 79 nur 2. Jahr von dieſen groſſen Helden regieret wurde, dann Anne

375 473 1391 83 1182. beſchloſſe Hertzog Otto ſein Leben an jenem Tag, an welchen

373 524 1380 82 Se. jetzt regierend Churfuͤrſtliche Durchlaͤucht in Bayrn, Chur⸗Fuͤr

370 577 1389 81 Marimilian Emmanuel die Welt erſtesmahl geſehen, und gluͤͤcklich mi

375 628 1384 80 des gantzen Landes Troſt und Freud gebohren worden, das iſt, dei

380 680 1379 82 11. Julii, an dem hochen Feſt der Commemoration unſers heilige.

375 733 469 61 Patriarchen Benedicti.

507 783 1244 76 Als Anno 1189. der Kayſer mit bielen Fuͤrſten und Biſchoͤffei

363 831 1390 78 mit einer Armee von 20000. Mann, auf der Donau in das heilis

365 878 1381 84 Land abreiſete, hat ſich hieſiger Biſchoff Conrad darbey auch eingefu

365 932 1396 78 den. Da er mit Gefahr wieder heim kommen, hat er Anno 1205

363 982 1381 81 kurtz vor ſeinem Tod mit Ludwigen, Hertzogen aus Bayrn, eine

366 1034 1381 79 ſchwaͤren Widerwillen, mit unterlauffenden Scharmuͤtzlen und Strai

365 1084 1389 80 fen gehabt, welcher nach ziemlich erlittenen Schaden des Biſtums,

366 1134 1382 83 durch Eberharden, Ertz⸗Biſchoffen zu Saltzburg beygelegt und del

362 1188 1372 79 glichen worden. Das andere Jahr hernach, als Anno 1202. 0

362 1234 1042 76 21. April hat der Biſchoff ſeelig ſein Leben geendet.

494 1286 1239 81 Unter dieſen in das heilige Land Reiſenden ware Agefridus,:

362 1336 1336 82 Graf von Luibonawe, welcher, da er mit anderen ſich nacher Fei

358 1389 1322 78 lem begabe, fuͤr das HHeyl ſeiner Seel dem heiligen Emmeram zu

361 1441 1272 75 genſpurg einen HHof naͤchſt Reuth, ( Gurwilhaim) durch

1655 1449 46 64 ſe

365 1486 1282 84 Vetter Grafen von Pallai, mit dieſem Beding verſchafft, daß

1658 1499 47 62 w.

1709 1542 23 49 ꝛ

358 1538 1308 83 er in dieſem Zug bleiben ſollte (wie dann geſchehen) er ſolchens

1709 1585 35 58 e

358 1588 1322 80 meram zueigne, und dis mit Bewilligung ſeines Bruders Orronis

1716 1629 21 63 t

356 1641 1312 80 hernach gen Regenſpurg kommen, deß Hofs ſich verziehen, und

358 1686 1204 89 Abbt Peringero, in Beyſeyn vieler Zeugen ubergeben. (c)

491 1742 1192 79 Nachdem der Kayſer Friderich Anno 1790. im Zug wide.

1707 1777 36 63 il

354 1792 1312 82 Saracener eineſt in einem Fluß ſich badend ertruncken, und alßf

352 1846 1292 78 Leben gelaſſen, (Aventinus meldet, er ſeye zu Seleucia unter n

352 1890 1282 80 der Veſper bettend gaͤhling geſtorben,) uͤbernamme das Kay

350 1949 1315 82 Heinricus L. ſein Sohn, der lieſſe ſich alſobald zu Rom eroͤnen⸗

1637 2006 50 55 ne

1862 288 66 57 nar

1868 334 55 61 ern

1864 383 58 61 vo

1868 431 58 57 we,

1866 485 57 60 au

1869 590 54 59 ger

1864 634 47 54 zu

1872 685 57 56 and

1868 726 57 68 Lar

1871 777 43 80 in

1871 944 44 47 ꝛot

1872 1089 51 53 ſrie

377 2154 1253 71 () En Labrio Traditionen. Vide E. Eet, ton. L Anesdot. Part. HL. rꝛg. 165.

1875 1248 33 48 ſit

1875 1289 29 95 ,

1880 1373 35 75 5

1878 1431 25 58 d

1873 1484 35 55 er

1873 1685 43 49 zuͤ

1875 1782 39 57 d9
