1935 2499
384 233 77 55 122

925 238 364 72 228 (0) 25ze

373 280 1403 99 deren zween, als Probſt und Haimeran, in Werck ergriffen, und

373 331 1403 97 uber die Stadt⸗Mauer hinaus gehenckt; der dritte ein Boͤhmiſcher

376 383 1390 95 Werck⸗ Meiſter iſt entrunnen. Daſelbſt auſſen in Graben iſt noch eit

373 434 1393 96 Stein eingemauert, und in demſelbden folgende Schrifft: Als man zehll

370 487 1394 97 nach Chriſti Geburt 1227. Dienſtag vor Urbani ward das Loch gefun⸗

372 534 1390 100 den, und zween darinn gefangen, die das Loch grueben, und wurde.

370 584 1392 103 den naͤchſten Freytag darnach an die Zinnen gehangen. Der Kayſe.

366 646 975 80 aber wurd dald hernach der Stadt wieder hold.

502 694 1256 93 Anno 1320. nach des Biſchoffs Nicolai Tod, kamen z. in di

366 735 1381 102 Wahl eines Succeſloris, Fridericus, Burg⸗Graf zu Nuͤrnberg, un

366 791 1391 97 Dombd⸗ Probſt allhie Heinricus von Stain, Dechant zu Aichſtaͤnt,

359 842 1396 93 und Hiltpoldus von Hochenderg. Kayſer Ludvvig przvalirte, und

358 887 1386 105 brachte ſeinen Vettern Fridericum zu: aber mit des Biſtums groͤbte

359 941 768 84 Schaden, dann er hat alles verthan.

495 998 1253 91 Anno 1;50 hatkridericus denen edlen Rittern Hanns und Frider.

356 1046 1344 93 chen, den Auern von Dromberg den groſſen und kleinen Zoll a

358 1096 1343 95 verſetzt per 11636. fl. und da nichts mehr uͤbrig war, hat er Ka

358 1143 1389 100 Carolo IV. Donauſtauff gegen andern weit entlegenen Guͤttern, mi

354 1195 1383 97 Aufſchatz eines Stuck Geloͤs vertauſcht, darum die gantze Stadt Ae

355 1248 1302 94 genſpurg erſchrocken, und aufgeſtanden. Es iſt dieſer Biſchot

352 1296 1357 96 derich von dem Domb⸗Capitel zu Rom bey Seiner Paͤpſtlichen1

355 1349 1379 90 ligkeit, ſo verſtandten ſine conlenlu Capituli, beſchehener Aiienatio

355 1402 1386 93 willen, der Veſtung Donauſtauff, beklagt, und dieſer zwiſchen den

350 1448 1380 98 Kayſer, Biſchoff und Domb⸗ Capitel ſich enthaltender Stritt⸗Sa

348 1503 1363 93 auf den Grund zu kommen, von damahligen Pabſten ein Legarus

352 1550 1363 97 latere heraus geſchickt worden, welcher Anno 133. alihie zu Rege,

347 1603 1285 90 ſpurg ſich eingefunden, und allda ſuper Erangelia die Praͤlaten⸗

1687 1610 39 57 ie

345 1654 1320 89 ſter, Vornehmſte der Burgerſchafft ihme ſchwoͤren laſſen: Nuui

1683 1657 60 57 illa

343 1707 1393 88 permutatio inter Epilcopum & Imperatorem facta forer Epilcopaci

340 1754 1324 93 damnola, ſire lucrola? welche Ausſagungen beſagter Legar mi

1683 1746 56 76 us

344 1807 1268 89 nacher Rom genommen, allwo dieſer Tauſch oder Kauff durch

336 1857 1307 89 liche Authoritaͤt zwar annihiliret; nachdeme aber der Kayſer,

1671 1857 65 63 wie

338 1910 1392 89 aus folgenden Junhalt abzunehmen, ſo gehoͤrte Annihilarion no

340 1961 1379 85 geachtet hatte, iſt von demſelden, und dem Regenſpurgiſchen Dome

331 2010 1333 83 Capitel dieſer Sachen halber in Pfaltz⸗ Graf Ruprechten Chur⸗,

330 2065 1398 71 ſten compromittriret, und von ihme das Laudum dahin ausgeſprochei

329 2108 1403 92 worden: das nemlichrn erſagtes Dombd⸗ Capirel in dieſe Abenanion,

1671 2147 58 79 ale

1889 306 20 56 1

1889 398 22 67 b

1890 1009 17 57 8
