1923 2446
17 263 72 67 eich

792 201 340 81 i8 (0) EL-

1558 211 34 63 1

212 262 1452 76 andere Gebaͤu derkaufften, dieſes dienete denen dertriebenen Saltzbur⸗

213 326 1424 66 Vern und Bayren, ſo um angenommener Augſpurgeriſchen Conkellion

217 373 1413 67 willen, haben eruliren, und in dieſer Otndt Alylum und Zuflucht

217 419 1412 71 ſuchen muͤſſen. Gleichwohl rekormirte der Biſchoff die Geiſtuche, ſo

220 470 1409 73 ernſthafft, daß er die Widerſpennige deren Wuͤrden und Pfruenden ent⸗

216 523 895 68 ſetzte, andere gar aus dem Biſtum ſchaffte.

346 572 1287 73 In obermeltem Jahr hat man die Paſtey zwiſchen S. Benedicts⸗

220 622 1413 65 Capellen, und Koͤnigs⸗Hof, unweit des St. Claren Angers gebaur,

224 676 1412 60 es ſoll vor dieſem auch allda ein Stadt⸗Thor geweſen ſeyn, welches

222 725 1410 72 don der Koͤniglichen Burg, das Burg⸗Chor genannt, aber hernach

225 777 1408 68 dermauret worden. Item in erſt⸗bedeuten und folgenden 2. Jahren

221 826 1411 65 iſt die groſſe Paſtey hinter unſerem Cloſter gegen Orienr aufgericht,

221 877 1413 70 und mit einer Maner eingefangen worden. Desgleichen hat man et⸗

222 928 1410 70 llche Roͤhr⸗Kaͤſten von ſpringenden Waſſer aufgericht, als, einen auf

228 981 1409 68 St. Jacobs⸗Hof, den anderen auf der Hayd, ſeynd aber beede

222 1028 1416 71 Anno 1562. wieder hinweg gethan worden Den dritten auf den

221 1077 1413 68 Kraͤuter⸗Marckt, den aten vor der ſchoͤnen Maria, den zten vor den

221 1123 1412 80 Narckrhurn. Um dieſes Jahr iſt die teutſche Meß alihie auſgehedt

221 1172 169 76 vorden.

337 1229 1300 74 Anno 1571. den 12. Febr. erkennen und ſchaffen Sr. Kayſerl.

220 1281 1417 71 Majeſtaͤt Carolus V. Cammerer und Rath abermahlen das Baarfuͤſ⸗

221 1333 1415 63 ſer⸗Cloſter, ſamt allen deſſelden Ornaten, Documenten ꝛc. innerhalb

258 1381 1379 63 Wochen dem allbieſigen Biſchoff einzuantworten, auch all und je⸗

221 1422 1412 78 en Geiſtluchen ihre Zinns, Zehend, Rendt, und Guͤlten unadbruͤchig

221 1475 1416 76 ſolgen zu laſſen, hingegen ſolle der Biſchoff die Reſormarion des Cleri

228 1527 1409 76 ornemmen, und derſelbe ſamt der Cleriley die 200. fl. (von denen

224 1577 1413 83 ſden, was angereget worden,) ſaͤhrlich Zinns⸗Geld gemeiner Stadt

229 1626 295 73 bfolgen laſſen.

343 1685 1293 72 Eodem Anno, & lud Dato Anaſpurg den 21. May, hat Kay⸗

222 1733 1414 75 er Carl ſo gar Erecutoriales wider Cammerer und Rard albie zu dem

221 1784 1415 73 Ende erkennet, daß dieſelbe dey Pœn. 20. Marck ledigs Gold, inner⸗

225 1830 1412 79 ſald S. Wochen, z. Taͤg, peremptoriè geſetzt, den Biſchoff das

228 1880 1412 82 Cuarfuͤſſer⸗ Cloſter mit obgedachten ſeinen Mobilien einantworten

220 1910 92 78 ſole.

349 1989 1287 75 Anno 1752. den 25. May, hat man auf Auffarts⸗ Adend nach

228 2032 1406 87 er Veſper die Kirchen zn Weoh⸗St. Peter abgebrennt, den Thurn

233 2075 1041 118 ndern Tng⸗ hernac) mit i. Siuck uncder geſchoſſen.

907 2147 170 82 Mmn

1503 2137 131 98 aond

23 417 61 61 ꝛe,

24 466 54 66 gel

53 510 25 63 ir

33 778 36 50 n.

24 818 53 70 ꝛts

40 964 25 55 t

31 1009 39 63 n

25 1074 45 56 al

36 1906 33 58 ie
