1959 2500
25 316 115 68 2. nit

25 362 97 68 1d Bi

37 420 100 70 Pfar.

61 466 62 63 ria

747 273 18 40 n

790 256 345 87 2 (0) Ebe-

772 388 353 80 Incidentia.

286 483 1359 97 Onradus der fuͤnffte diß Nahmens, in der Zahl deren Biſchoͤffen

280 547 1365 76 der z7. von haimberg, iſt nach vielen Umſtaͤnden, und dren⸗

347 598 1292 81 jaͤhrigen lnterregno aus einem Thumb⸗ Probſten allhie Biſchoff

250 640 1392 83 ſoorden, Anno 1568. bekam die Conhirmation von Urbano VI. und

252 691 1390 88 Carolo IV. gar bald. Er war ein ſehr demuthiger Herr, und liebte

248 743 1395 86 ſme Geiſtliche; hat doch ſeinem Biſtumb, ſo ſein Vorfahrer in Ar⸗

251 795 1389 86 aurh gebracht, nit recht uͤber ſich helffen moͤgen. Um dieſe Zeit, ge⸗

251 845 1391 86 achte Kayſer Carl, das Koͤnigreich Boͤhm biß auf Regenſpurg zu er⸗

248 895 1392 86 oͤeitern, abſonderlich mit forrikicirten Schloß zu Chonauſtauff, de⸗

245 933 55 62 er

319 945 1323 86 Regenſpurgern ein Brillen auf die Naſen zu ſetzen; das merckte die

251 998 1175 79 Stadt und Fuͤrſten in Bayrn, und hintertribens gar bald.

358 1055 1280 92 Biſchoff Conrad wurde benoͤthiget, das Schloß und HHerrſchaffe

262 1112 1364 83 ewpach mit aller Zugehoͤr denen Hertogen aus Bayrn Anno 1277

250 1145 32 53 n

301 1162 1331 85 ſerſetzen. Sein Succeſlor aber, Biſchoff foannes hats Anno 1286.

252 1186 103 93 uſem

369 1213 1269 87 Hauß ablolute verkaufft. Er hat die Thumb⸗ Kirchen erwei⸗

254 1250 65 63 ret

261 1311 1371 101 chen, und Anno 1280. an dem Orth (auf den Brettern genannt,,

382 1269 1257 83 darumen S. ſoannes Stiffr, ſo am Weeg geſtanden, adge⸗

259 1363 1144 88 ꝛr dem Thumb, wie noch heut zu ſeben, verſetzen laſſen.

364 1430 1269 82 Von dieſem Bau hat ein Carmeliter Moͤnch (ſo allhie bey St.

275 1476 1360 89 swald wohneten) Anlaß genommen, auf offentlicher Cantzel zu

276 1523 1360 93 len: Es ſtunde dem Biſchoff deſſer an, daß er um die lebendige

293 1579 1340 84 npel GOttes ſich mehr annehmete. Iſt derentwegen mit den Sei⸗

283 1626 46 55 ev

345 1630 1287 89 n ſolche Ungnad kommen, daß ſie (dieſe Ordens⸗Geiſtliche)

304 1681 1331 89 enſpurg verlaſſen, und zu Struubing ſich nidergethan. Er hat in einem

301 1734 1331 81 odo allhie Anno 1577. Feſtum S. Bardarz eingeſetzt, vor dero

248 1752 91 77 Atar

354 1788 1279 92 auch ſein Begraͤbnus haben wolen, und nach 12. aͤhriger

251 1826 609 79 edierung erlangt Anno 1281.

359 1872 1263 98 cnno 157a. haben die Auer von Peemberg den von Biſchoß

245 1923 1386 113 Kidericden (vide Cap. 17.) Pfandſchafftrweiß ingehabten groß und

243 1952 116 98 einen

376 1983 520 80 Zoll der Stadt verkaufft.

355 2037 1276 83 Carolns IV obwohlen er einen uͤbel erzognen, underſtaͤndigen

302 2048 48 81 zr

361 2087 1268 83 hatte, Wenceslaum mit Nahmen, hat er doch dem Roͤmiſchen

257 2102 95 86 ench

354 2141 1270 113 ß vndſten Schaden und Nachrhenl de Sao ſo want vederc,

972 2209 135 71 u n 2

1490 2204 134 69 (dann

1563 284 84 72 232
