1938 2500
715 211 32 58 u

793 205 44 81 3

859 209 252 77 0) E2t-

498 326 841 124 CAPUTXXXIV.

355 465 1270 103 Achdem Anno 972. Michael Biſchoff zu Regenſpurg Todts

370 526 1252 94 verblichen, iſt dieſe Wuͤrde an St. Wolffgang kommen.

241 618 1383 107 orgeſtanden, iſt oben in ſeinen Leben entworffen worden. Er hat

369 576 1253 92 Wie loͤblich nun er gelebt, und wie nutzlich er dem Biſtumb

230 650 79 66 auch

330 679 1289 93 ald darauf, als Anno 975. ſeinen Vettern Ramvoldum zu einen

234 719 1383 107 wddten unſers Cloſters geſetzt, (a) worvon mehr oden im 1 8. Capital,

739 863 343 87 Incidentia.

308 973 1309 103 Ls Anno 973. Kayſer Orto der erſte die Welt geſeegnet, hat un⸗

329 1030 1285 88 ter ſeinen Gohn Ortone II. der HHertzog Heinrich aus Rath, und

233 1045 37 67 n

263 1056 106 77 eten

265 1106 25 56 2

379 1083 1236 89 ſeiner naͤchſten Verwandten, Vettern, und Schwaͤger Anno

319 1129 1289 97 mne Unruhe angefangen. Machte Verbuͤndnuß mit dem Biſchoff

316 1179 1301 90 zipurg, Pfaltzgraff Berrholden, und Heinrichen in Kaͤrnten.

297 1229 1313 96 uede ſich Koͤnig, und empfieng die Cron von Abraham Biſchoffen

305 1280 1300 100 eynſing allhie in unſer Kirchen. Pilegrinus von Paſſau, der H.

276 1329 1338 98 Hold aus Oeſterreich, und Graff Ulrich von Eberſperg Leſſens ge⸗

245 1352 96 75 ehen

390 1383 1218 93 Der neue Koͤnig machte Bundnuß mit Bolislao Koͤnig in

280 1425 1330 101 men, Mitskona oder Miscco Koͤnig in Pohien, und Heraldo Koͤ⸗

212 1444 70 86 s

268 1458 34 72 a

327 1473 262 72 Oennemarck.

211 1540 51 64 aͤr

336 1520 1271 111 Der Kavſer OTTO hielt ein Verſammlung deren Fuͤrſten, ci-

209 1586 68 75 ferr

355 1577 1253 103 Ernſt Koͤnig HHeinrichen, und Biſchoff Abraham, und wo⸗

211 1638 130 91 rrcaͤret

344 1629 1261 108 ut erſcheinen werden, ſollen ſie fuͤr offentliche Feind des Reichs

209 1691 84 74 dern

357 1686 1248 93 werden. Sie kamen aber, und wurden hierauf des Lands

205 1736 79 79 ꝛey.

309 1715 52 65 en

391 1736 1210 93 der Hertzog nacher ngelbeimb, der Biſchoff ſolte auf Cor⸗

204 1802 104 70 gende

332 1783 1268 100 Sie entrannen aber beyde. Dahero ſie in der gleich darauf fol⸗

206 1859 863 113 arrt, und aler Dignireten entſetzt wurden.

332 1831 1269 105 Reichs⸗Verſammlung allhie in die Aacht, und Aber⸗Aacht er⸗

965 1954 89 64 Gg

1414 1969 186 79 (5) An-

298 2077 1299 102 s iz mrn Ranuoldo Asdun ſeh Deu Echanaengen y S. Emneran getemuea, wie n

232 2091 72 59 Laͤr

316 2123 1273 106 Eradiuion Mn leſe bo unch dep E. PernardoPetio zon. I. Anerdrt. Tarte. 1. Mbndin

50 638 55 50 ttar

34 711 77 65 abes

59 754 45 61 oll

1543 233 82 75 232
