2007 2562
417 204 72 57 26

955 204 348 73 2S (0) EMg.

414 257 1427 77 Jes, als neu bekehrt in Glauben noch nit genug gegruͤndet, den Regen

418 313 1429 74 der heylſamen Chriſtlichen Lehr hoch vonnoͤrhen haͤtte, mit welchem er

414 365 1425 63 die ſchwachen Hertzen kunte befenchtigen, fruchtbar, und vollkommen

412 415 1424 70 machen: erbietete ſich beynebens, was ihme zur Biſchoͤfflichen Wuͤrde

412 466 1424 70 von Geld, und Guͤtern vonnoͤrhen, gantz williglich zu ertheilen. Auf

412 515 1422 71 dieſes wendete zwar der heilige Mann vil Urſach vor, durch welche er

411 569 1426 71 hoffete gutwillige Erlaubnuß ſeiner Abreiß zu erlangen; es hat aber der

415 623 1419 70 Hertzog vorgetrungen, und ihne dieſer Orthen zu verbleiben uͤberre⸗

412 671 89 54 det.

550 715 1286 76 (e) Obwohlen nun dem Land das Liecht des Glaubens ſchon

409 774 1421 64 ſcheinete, ſo waͤren doch etlicher Hertzen noch in etwas verdunckelt,

408 826 1425 67 daß ſie zwar an GOtt glaubten, doch die Abgoͤtterey nicht gantz ver⸗

407 875 1426 68 laſſen wolten, auch die Vaͤtrter denen Kindern den Kelch Chriſti und des

414 929 1419 70 Teuffels noch vermiſchter vortrugen: dahero der herlige Mann ihme

409 983 1424 68 vorgenommen, die Abgoͤtterey gantz und gar auszureutten, und alle

409 1030 1422 64 Seelen zu gewinnen: reiſete demnach drey Jahr lang in alle Staͤot

407 1080 1424 72 und Doͤrffer diſes Fuͤrſtens; in allen Gaͤſſen, und Haͤuſern beſuchte

405 1131 1425 71 er die Glaubigen mit fleißigen Aufſehen, und Sorgen; er pflantzte in

408 1184 1423 74 etliche Hertzen den Glanben, bey etlichen aber zohe er die Laſter mit

408 1232 905 73 verſtaͤndigen Reden von der Wurtzel heraus.

542 1283 1289 74 Gegen den Sanfftmuͤrhigen iſt er demuthig geweſen, gegen den

405 1337 1426 64 HHoffaͤrtigen aber und Aufgeblaſnen hat er ſich aufgehebt, und ſeinen

404 1389 1427 62 Biſchoͤſlichen Gewalt gebraucht: in allem Thun, und Laſſen, Leben

405 1440 1425 71 und Wandel ſich alſo verhalten, daß maͤnniglich eine Richtſchnur haͤt⸗

402 1490 1425 69 te, ſein Leben darnach anzuſtellen. Wann nun der heilige Vatter ſich

402 1541 1422 68 den Tag in dem Weinberg Chriſti arbeitend abgemattet, (d) hat er zu

402 1589 1427 66 Nacht ſein Ruheſtatt in S. Georgii Kirchlein (von dem am zweyten

401 1641 1428 75 Capitul Meldung geſchehen,) genommen, die mehriſte Zeit aber mit

401 1693 1134 74 eyffrigen Gebett und Goͤttlicher Betrachtung zugebracht.

542 1745 1281 71 In dieſen guten auferdaulichen und ſehr nutzbaren Ubungen, als

399 1799 1424 68 er faſt die drey Jahr zugebracht, hat der fromme Mann durch den

401 1847 1420 68 heiligen Geiſt vorgeſehen, wie daß ſeines Lebens Ende vorhanden, und

399 1900 1424 84 daß uhn der Almaͤchtige GOtt von aller Arbdeit entledigen, und mit der

1671 1959 152 72 ewigen

446 2112 294 44 c) Pag. 9S. c2p. 7.

434 2144 1377 72 () s. Ccor gzi Larellen Rlene, weccht zwichen den Lrrtgang, nnd S. Namrolar Grugt gs.

465 2189 400 65 Auſgang der Connen ſtehet.
