2127 2583
490 334 1411 85 habe. Nach ſeinem Ableiben hat ſein Sohn Marlus das Regiment be⸗

495 394 1406 76 kommen, und iſt der Teutſchen Herr worden; zu welchem Oſiris und

496 444 1352 79 lſis aus Aegypten heraus ſollen gezogen ſeyn. Hat regiert 26. Jahr.

631 495 1273 76 Diſem Marſo ſuccedirte Gambririus der Kaͤmpffer (andere

492 546 1411 78 nennen Cimbrumn) welcher ſeinem Sohn Suevo (der ein Vatter aller

498 598 1407 70 Schwaben ſeyn ſolle) und nach ihme ſeinem Enickle Vandala, nder

495 647 1409 79 Wanderer, das Regiment uͤber die Teutſchen verlaſſen vor Chriſti Ge⸗

495 700 1412 76 burt 1520. Gambrivins herrſchete aa. Jahr, Suevus a7. und Vanda-

496 747 1412 79 tus, oder Vandala ar. Von diſem kommen die Gachſen, und Veneti

493 805 1414 73 oder Windiſchgraͤtzer her. Er hat auch Hilpaniam und Atricam be⸗

496 855 227 64 gwaltiget.

634 898 1277 82 Nach diſem herrſchete die Feutſchen Ferto, oder Teuto, welcher

496 952 1412 76 die Opfer und andere GOttes⸗Dienſt in Teutſchland angerichtet. Hat

496 1005 1414 75 regiert 27. Jahr, und hernach ſeinem Sohn Alemanno die HHerſchafe

496 1054 1412 81 abergeben. Iſt geſtorben nach Erſchaffung der Welt im 2z9ꝛſten Jahr⸗

503 1106 1408 77 Vor Chriſti Geburt ungefaͤhr 1772. Jahr. Von erſt⸗ gemeltent

496 1160 1412 74 Alemanno, oder wie andere ihn nennen, Altmann ſchreiben etliche,

496 1212 1412 70 daß er als ein Groß⸗Vatter der Bayern, und nach anderer Meinung

493 1261 1414 69 aller Alemanner oder Teutſchen, jederzeit ein Loͤwen an einer Kerten

495 1311 1413 75 nicht allein mit ſich, ſonder auch in Schild und Wappen gefaͤhret ha⸗

495 1360 1413 76 be; dahero er von dem gemeinen Mann der arg Loͤw, oder der Mann

493 1410 1418 78 mit dem boͤſen Loͤwen genannt worden. Es ſoll auch der Fluß Altmuhl⸗

495 1460 1344 75 von diſem Alemann, oder Alrmann den Nahmen bekommen haben.

495 1564 1412 66 ihne nach ſeinen Tod fuͤr ein Gott, und fuͤr den teutſchen Hercoles ge⸗

632 1521 1276 66 Er war ein ſo fuͤrnehmer und groſſer HHerr geweſen, daß man

496 1611 1409 76 halten. Hat ruͤhmlich regiert Sa. Jahr, und wie einige vermeinen ſei⸗

495 1664 1410 76 nem aͤltern Sohn dem Bojo, oder Bojogero das Regiment aͤbergeben⸗

496 1714 1402 78 Bojo ſolle 6o. Jahr geherrſchet und gehauſet haben in dem Land, ſe

498 1765 1237 77 wir jetzund Bojohemia lateiniſch, zu teutſch Boͤheim nennen.

635 1819 1269 66 Diſer Bojo haͤtte zween Kriegs⸗.Hauffen, einen von lauter⸗aͤn⸗

498 1869 1406 73 nern, den andern von Weibern, ſo er aus Teutſchland in Aſiam ver⸗

500 1915 1400 81 ſchickt. Die Maͤnner nennte man Cimbros die Kaͤmpfer. Die Wer

498 1970 1402 76 ber Amazones ohne Mann, Maͤtzen, oder die Maͤtzen ohne Mann-

496 2017 1401 83 die ſich in klein Alia, zu Zeiten des Juͤdiſchen Richters ſephte nidergt

498 2069 1402 80 than. Es ware den Teutſchen ſehr gewoͤhnlich, mit den Zeiten aus

499 2123 1396 75 die Nahmen zu veraͤnderen, dahero auch Bojus in den Nahmen Bar⸗

496 2171 1397 93 rus, gleichwie Doi oaria in Darariam mutiret worden.. Es will abe
