1959 2500
58 301 100 57 eines

52 337 100 78 arſten

56 395 82 70 Pay

63 445 78 67 vollt

65 508 39 53 er

41 552 103 71 reten

27 647 102 72 ſen e

27 700 102 66 Kayſt

44 748 92 72 Kird

34 809 86 67 igen.

58 915 25 55 ,

33 952 97 75 andet

36 1048 98 70 Eride

50 1106 66 64 Ens

61 1198 51 65 en

61 1261 51 55 bit

95 1495 27 60 t

739 272 16 43 .

794 261 324 69 1S (0) Let-

1557 266 85 59 251

240 315 1402 76 wider den Willen der Cleriſey, anſehend⸗ und ſtartlich empfangen,

238 375 1405 63 auch ſolchen Ac und Einzug beyzuwohnen bey Verluſt ihrer Guͤtter

243 425 1400 69 die Geiſtuchkeit gezwungen; haben ſich die allhieſige Domb⸗ Herren

241 476 1402 60 unter Fonraden von Schwarrzenbern, Domb⸗Dechant Anno 1727.

238 525 1407 66 gegen ihnen ſelbſten verdunden, wofern ſolche luſceptio, contra Ro-

240 575 1402 68 ſhanam Eccleſiam waͤre ( deſſen doch dieſelbe noch nicht erinneret, und

245 626 1397 69 a auch ein Domb⸗ Capitel das ſchon gewuſt, dannoch ſolchem Ge⸗

245 677 1398 70 ott nachzukommen des Domb⸗ Stiffts Verderben geweſt waͤre, in

248 729 1394 68 krwegung die Ertz⸗ und Stiffter ſo viel maͤchtiger ſeyn; ihr Majeſtaͤt

245 779 1397 71 As Roͤmiſchen Kayſer anhangen ꝛc.) daß kein Domb⸗HHerꝛ, ſo jetzt

245 830 1397 70 ſt, oder kunfftig ſeyn wird, denen Herren, ſo bey ſolch Kayſerlicher

261 880 1374 70 inpfahung ſeyn muͤſſen, das fuͤrwerffen ſolle bey geſetzter Straff.

241 931 1399 73 ſdannes Koͤnig in Boͤhmen wollte offt fur ein Freund des Kayſers Lu-

243 983 1399 68 wici angeſehen ſeyn, in Bedenckung aber er wohl wußte, wie uͤbet

241 1031 1398 70 udovicus bey dem Papſten ſtunde, hat er heimlich ſein Fortun, und

247 1081 1391 70 anes Sohns Caroli Aufnamm geſucht. Jedoch meiſterlich ſeine Dict

258 1133 1378 67 imahlen verborgen, da er Anno 1321. allhie in der Inſel allhieſiger

257 1181 1381 69 Oonau, mit dem Kayſer zu ſprechen kommen. In dieſem Dileurs

241 1218 53 62 ar

311 1234 1328 67 er ſich gegen dem Kayſer alſo verſtellet, daß dieſer ihm fuͤr den

245 1284 1394 75 coͤtten Freund hielte, wohl und freundlich tractirte, und etlich Tag

307 1336 250 70 ſich behrelte.

348 1384 1288 74 Anno 1527. beſtaͤttiget Papſt Benedictus XII. unſer Immunitaͤr

247 1423 410 81 nd Exemption. (m

345 1480 1291 71 Dis und ſolgendes Jahr gabs ein unglaubliche Maͤnge Heu⸗

243 1534 1392 74 grrcken, die thaten ſehr groſſen Schaden. Kayſer Ludwig war mit

252 1586 1383 73 zerzog Hainrichen von Landshut nicht wohl eins, harte die Regen⸗

243 1618 48 63 ou

301 1641 1328 70 ger in Verdacht, als wann ſie ihm zuviel geneigt waren geweſen,

247 1666 43 56 N

322 1693 1314 68 m vorigen Krieg Huͤlff geleiſtet. Kam alſo Anno 1327. mit

304 1741 1329 71 ck, welches dem Eduardo, Konig in Engeland zum Succurs wi⸗

240 1762 50 63 er

313 1791 1322 74 em Koͤnig in Franckreich vermeint ware, auf Abeffering, Ge⸗

312 1843 1320 68 offen, und der Enden, allwo er ſich 8. Taͤg aufgehalten. Im⸗

241 1887 1394 74 Atels gruden z. Maͤnner dey S. Egidi, allwo dazumahlen der Bay⸗

265 1918 78 69 hher

352 1941 1281 71 Fuͤrſten Reſidentz war (jetzt dem teurſchen Orden gehoͤrig) ein

269 1987 1364 85 eorgen Eoch in der Stadt⸗ Maner Es wurden aber den to. May

854 2050 133 72 Tt 2

1510 2050 126 59 deren

257 2163 407 100 nd dreimle in Areure.
