1918 2545
373 271 109 68 201

895 265 253 70 .&s ( 0)

1192 265 82 74 t-

376 319 1411 86 weiſt jettmahl nichts mehr davon Wurd aber durch GOttes Huͤl

377 377 290 85 wider geſund.

514 445 1263 73 Anno 859. mußte Ludoricus wieder in das Feld ziehen, ſchick⸗

374 497 1405 72 te ſeinen Sohn wider die Windiſchen Graͤtzer Serabos. Caroloman-

374 551 1402 72 num wider die widerſpennige Maͤhrer und Wenden, deren Feld⸗Her

376 605 1393 66 Zrventibaldus, oder wie ihne andere nennen Suaribogus, ware ei

380 653 1393 73 Verter Raſtices, oder Rasla. Die dritte Armee behielte Ludoricu

373 704 1399 70 auf allen Nothfall bey ſich. Carolomannus erhielt mit Huͤlff und Bei

370 756 1400 72 ſtand des heiligen Emmerami, wie es der Feind ſelbſten, ſonderlich de

372 808 1396 70 treuloſe Guntacker bekennet, die erſte Schlacht: unter andern L

373 859 1402 71 mentiren gab Guntacker Zeugnuß mit dieſen Worten: Der grolt

372 911 1401 65 Emmeramus, bey deſſen Grab ich Ludovico einen Eyd geſchworen,

374 961 1384 69 rechnet nun mein Treuloſigkeit. Ich wollte mich nicht widern u

377 1012 1379 69 Erhaltung euer Libertaͤt in der Schlacht mein Leben zu laſſen, das

372 1064 1400 69 mir aber nicht vergoͤnnt, ich ſage was wahr iſt, Emmeramus der gro.

374 1115 1361 67 ſe Heilige laßt mir mein Gewehr nicht brauchen, bindt mir .aͤnd,

377 1163 1385 76 Fuß, und bereittet mich zu einem Schlacht⸗Opffer dem Teuffel al

373 1217 1385 69 Goͤttlicher Rach. Sprach ſeinen Untergebenen noch ein wenig zu; al

373 1269 1395 68 Carolomannus ſetzt mit Ernſt in ſie, ſchlug den Feind aufs Haup

369 1317 1394 70 und hauſete in ihrem Land feindlich. Carolomannus berichtet den Sl

372 1367 1379 68 dem HHerꝛn Vattern, und wurde GOtt und dem herligen Emmerai

370 1418 1335 82 ein groß Danck⸗Feſt allhier angeſtellt. Ex MS. & Annal. Fuld.

499 1483 1254 92 Der andere Angriff geſchah von Carolomanno wider Trren

370 1553 1323 71 baldum Anno Anno 870 der von zerſtraͤueten Voͤlckeren noch ei

374 1606 1316 65 mee zuſammen gebracht. Weil er ihme aber nicht getrauete 2

367 1652 1350 70 ſtand zu thun, hat er ſich dem Carolomanno ergeben, und gehuld

369 1705 1321 70 Dieſes ſahe Rasla der Vetter ungern, trachtete Lvventibaldo

1710 1671 60 75 as

366 1756 1304 70 dem Leben, und waͤre der Mord zu End einer deßwegen ange

372 1799 1323 87 Mahlzeit geſchehen: aber Zrventibaldus deſſen heimlich verſtaͤn

364 1855 1310 70 wendete unter waͤhrenden Eſſen ein natuͤrliche Urſach vor abzut

367 1911 1343 74 gibt ſich geſchwind zu Pferd, und nihmt mit ſeinen Soldatet

373 1962 1341 74 Flucht. Als Rasla ſolches erfahren, hat er ihme alſobald nach.

369 2013 1319 78 let; fand aber Widerſtand, wurd von Zrventibaldo gefangen.

369 2068 1312 64 rolomanno geliefert, der verurtheilte ihn zwar als einen treu

372 2110 1294 78 oͤffters Eydebruchigen Mann zum Tod; der Koͤnig Ludvvig aber

369 2154 1399 98 ihm das keben, lies ihme doch beede Augen ausſtechen, und verſ 2
