1513 2270
617 116 37 63 a

680 116 325 69 15 (0) Lbg--

1400 121 80 54 532

111 166 1365 74 deſchriebene Geſchichten, dis Orths einzufuͤhren, ſonder ich ſchlieſſe

111 221 1362 66 uunmehr dieſe meines Cloſters Hiſtorie mit dieſen angehenckten inni⸗

108 268 1368 64 Flichen treuhertzigen Wunſch, und zu GOtt geſtellt demuͤthiger Bitt,

113 316 1363 66 Daß de ſſelben Allmacht Se. Churfuͤrſtliche Durchlaͤucht in Bayrn, als

112 360 1364 71 des Cſoſters hier zeitlichen Schutz und Schirm, und gantz hoͤchſt loͤb⸗

107 404 1373 76 lichen Chur⸗HHaus Bayrn, ſamt dieſen nunmehr uͤber tauſend Fahe

107 454 1370 68 ſtehenden Cloſter, ſo in ſolcher Zeit durch das Feuer, und in ander⸗

107 503 1369 65 weeg, ſonderbar in dieſem, und vorigen Szculo viel erlitten und aus⸗

100 551 1376 64 geſtanden, in ſeiner Goͤttlichen Protedion und Geegen erhalten, ieszt⸗

100 601 1376 66 gedachten Cloſters Fundatoribus, und Gutthaͤtern, die ewige Ruhe

99 649 1372 68 derleyhen, und die allhieſig, der widrigen Religion zugethane Burger⸗

100 694 1373 74 ſchafft, ad Ovile Chriſti, und zu der allgemein HHeil. Roͤmiſchen Kir⸗

98 746 1377 68 chen, und Catholiſchen allein ſeeligmachenden Glauben, welche ihre

100 793 1370 64 Vor⸗Eltern ſo viei hundert Jahr, mit abſonderlichen Ruhm; unter⸗

97 839 1375 66 ſchiedlich hinterlaſſener Stifftung, und in anderweeg vor allen Staͤdten

97 890 1371 67 des Tentſchlands ſeyn beygethan geweſen, fuͤhren, und reduciren, auch

98 938 1370 64 die in dieſer Ring⸗ Mauer ſich befindende fuͤnff Reichs⸗Staͤnd, reſpe-

98 987 1369 62 Givè in allen Hochfuͤrſtl. und guten Wohlſtand, Frieden, Ruhe, und

97 1030 1369 72 vertraͤnlicher Nachbarſchafft, nicht weniger die gantze Loͤbliche Cleriſey

99 1084 1366 66 in guten Verſtaͤndnuß, Correſpondenz, Emnigkeit, und Zuſammſe⸗

94 1133 1369 65 tzung, nach ruͤhmlichen verſchiedenen Erempel unſerer in GOtt ruhen⸗

94 1181 1368 59 den lieben Vorfahrern, conlerviren, und dann durch die Vorbitt der

92 1225 1369 60 Allerſeeligiſten Jungfrauen, und Mutter GOttes Mariaͤ, deren heiligen

92 1273 1368 62 Martyrern und Beichtigern Emmerami, Voltgangi, Dioniſii &c. die⸗

92 1320 1360 68 ſes GOtts⸗.Haus und Cloſters, und relpective deren Landen zu Bayrn⸗

132 1368 1273 68 und des gantzen Regenſpurg. Loͤbl. Biſtums HHochheiligen Patro⸗

205 1421 1126 67 nen, uns ſammentlich ihnen in der ewigen Freud und See⸗

460 1467 620 81 ligkeit zugeſellen wolle, Amen.

545 1557 450 83 E N 1) E.

880 1682 120 81 E08

676 1939 190 100 XrT 3

1237 1932 219 87 A0 eitere
