1923 2446
698 192 23 47 -

758 180 321 83 18 (0) Leg-

214 226 1399 106 der Augſpurgiſchen Conleſſion zu der allein ſeeligmachenden Catholt⸗

1527 217 80 62 t72

29 236 105 71 ichel⸗

36 293 95 64 Herr⸗

213 277 1398 104 ſchen Religion getrettenen und darinn ſeelig verſtordenen Helfreich Al⸗

50 339 70 64 ,ſ.

214 328 1397 108 tichen Hunnii Vatter, und Philipp Hailbrunner des Hertzogs von

28 390 101 67 rte die

213 379 497 77 Neuburg HHoff⸗Prediger.

91 440 32 60 ri

331 434 1272 94 Der Tuͤrcken Anno 1600. fridbruͤchige Treuloſigkeit gab dem

82 487 45 68 et

210 478 1393 99 Kayſer viel zu ſchaffen, der conkerirte durch Schreiben und Geſandten

69 544 54 57 en⸗

207 527 1393 106 mir denen Churfuͤrſten Anno 160r. man decretirt ein Reichs⸗Taa

44 591 79 68 wot⸗

212 580 1388 99 ahero auf Regenſpurg, der wurde auf den 1. Xbr. 1602. ausgeſchrie⸗

31 642 92 63 5oz.

205 631 1391 96 don. Anno 1602. erſchiene der Ertz⸗Hertzog Matthias Kayſerlicher Ple-

209 678 1387 102 uͤpotentiarins. Die Propoſirion beſtund in 5. Puncten. Der 1.ſte

53 686 63 68 mi

206 731 1394 99 dar, wegen des Tuͤrcken zugemaſten Einfall und offenen Kriegs, ſolt

209 780 1385 104 nan derathſchlagen, wie man ſein Gewaltthaͤtigkeit hintertreiben und

206 826 1389 106 Viderſtand thuen moͤchte 2. Wie der benachbarte langwuͤhrige

57 892 42 56 ne

212 879 1379 99 och ſchaͤdliche Niderlaͤndiſche Krieg entweders zu einem Frieden zu

203 915 60 70 rir

285 934 1311 98 en, oder zum wenigſten immittelſt denen je laͤnger je gefaͤhrlicher

205 967 55 64 er

282 986 1312 92 Reich teutſcher Nation daraus zu Waſſer und Land anwachſender

207 1030 1385 99 beſchwerlichkeit zu helffen, und Rath zu ſchaffen ſeye? 3. Was we⸗

54 1081 52 61 un

195 1077 1397 102 zen der fuſtiz, und Cammer⸗Gerichts⸗Drdnung zu thun. 1. Wie der

202 1129 1389 107 iderhand nehmenden hochverderblichen Unrichtigkeit in Muntz⸗Weſen

197 1168 69 68 z b

74 1182 30 61 u

288 1180 1302 100 zegnen.z. Die Unrichtigkeit der Reichs⸗Matricul richtig z ma⸗

198 1227 1389 112 pen, und zu ergaͤntzen. Was hierin gericht worden, gibt der Reichs⸗

28 1232 75 76 eins

197 1266 168 77 Aoſchied.

312 1333 1269 97 Anno 1607. Es iſt Reichs kundig der Stadt Chonauwerrh

195 1373 1386 108 derubte oͤfftere inlolenꝛ wider die Catholiſche, und dero Eirchen Ce-

198 1422 1383 109 emonien. Ingleichen wie offt ſie von Kayſerlicher Majeſtaͤt Rudol-

78 1477 18 51 ⸗

188 1467 1396 122 Pao IL. dehorrirt, zur Rnhe, Fridſamkeit, und Haltung des aufge⸗

197 1520 1387 120 ichten Religion- und Profan⸗Friedens gewiſen worden. Und wie gar

192 1574 1389 115 aͤchts halffe, hat die Kayſerliche Commitfion, und Ezecution der

190 1613 73 66 Her

281 1633 1299 96 og aus Bayrn, Marimilianl bekommen, und durch ſeine ſub-de-

195 1665 123 71 egato.

343 1689 1237 91 Commiſiarios, nun zu Thonauwerth, nun zu Rhain, alle

187 1710 164 76 Mittel v

383 1739 1196 94 gewendt, ſie zu dem Gehorſam Kayſerl. Majeſtaͤt und an⸗

195 1774 1374 113 eren Billigkeiten zu bewegen. Wie nun alle Gute verachtet worden,

248 1827 1331 106 Betrohung der Aacht und aber⸗Aacht, ſo die Chonauwerrher

190 1858 202 82 Spottweit

417 1877 49 63 S

197 1913 311 84 Hewalt und Kri⸗

505 1897 1074 88 zeber genennt, auch nichts helffen wolte, hat man

195 1963 1377 122 eich ereqirt worden, und dieſe redelliſche Stadt dem Hertzog aus

531 1945 1038 89 s⸗Zwang gebraucht. Nach dem der Kayſerliche Be⸗

194 2023 1377 119 Cayrn die aufgewendte Unkoſten dezahlen, oder im Gewalt verblei⸗

890 2106 129 73 Ooo

1485 2122 87 97 bes

54 1720 39 65 nt

43 2073 53 80 de⸗
