1911 2480
388 259 92 55 366

880 253 406 69 a&Z (O) Feg-

378 304 1374 73 von Abenſperg mit gewiſſen Bedingen. () Den Original-Vergleit

378 360 1304 71 fertigt Hertzog Albrecht Anno 1286. Hat ſein Ruhe⸗ Beth

381 413 1130 71 St. Jacobs⸗Altar, (ſo auch verbrunnen) bekommen.

914 538 346 86 Incidentia.

447 657 1236 71 (Einricus der z. diß Nahmens, in der Zahl der a7. ein Edler

376 715 1293 60 A I Abſperg, Domb⸗Probſt zu Regenſpurg, und Decanus zu

373 764 1262 65 ſau, wird das andermahl zum Biſchoff erwaͤhlet Anno 1265.

370 814 1335 63 Paulo II. beſtaͤttiget, und an S. Carharinæ-Tag vom Biſchoſt

377 863 1309 64 Freyſing conlecriret. Anno 1272. hat HHertzog Ludvvig von Z.

372 910 1326 70 hut dieſen Biſchoff zu dem Koͤnig in Pohln geſchicket, ein Heurat

372 961 1292 65 ſtifften zwiſchen ſeinen Sohn Georgen, und Hedwigen des&

373 1014 1289 66 Tochter, welche Legation zwar wohl abgangen, er hat aber 8.

369 1063 1309 66 chen groſſe Patienz tragen muͤſſen, indeme in ſeinem Quartie-

370 1110 1312 73 Stroh auf bloſſer Erden, der Trunck das Bier hat ſeyn maͤſſen;

369 1165 1300 63 gendes Jahr, als Anno 1275. iſt er in Perſohn gen Rom ae

367 1213 1265 66 bey dem Pabſt ſeines Stiffts Angelegenheit angebracht, und

367 1268 1308 60 ben verrichtet, was von denen Hertzogen aus Bayrn ihme comi

367 1310 1311 71 ret worden; auf die Geiſtliche iſt er ſtreng geweſen, hat ſich aͤul

367 1362 1293 70 defliſſen, ſelbe zu einem ehrbaren, und ihrem Stand geziemende

366 1412 1290 71 ben zu bringen. Levinum Virſpergenſem (ſoll ein Canonicus

367 1461 1287 72 geweſen ſeyn) der gut Hußitiſch war, und Viclelki Lehr ihme

366 1518 1263 65 geſallen ließ, hat er zwar Anno 1266. zur Revocation (die

367 1566 1250 68 Domb offentlich geſchehen) vermoͤgt, aber doch mit ewiger

399 1780 1203 56 C Abdr Cœleſtinus hat ſch in ſaner Erzehuung, von dem Nielas von Abenſpers,

435 1820 1179 59 ſoannes Abbͤt ihne zu emen Vogten angenommen) geuret: dann wie hernach;

434 1866 1149 53 duſer Nielas Anno 1185. erſtochen worden. Dieſe Frey⸗Herren von Abenſpers

1600 1850 60 51 pare

1697 1865 23 52 .

434 1909 1146 48 lang zwor die Echntz⸗Voͤate unſeres Cloſters. Nach den Tod Rielas von

1638 1922 51 57 der

1689 1908 30 48 2

439 1946 1179 58 nderhete Ah Hertog Albrecht in Dayrn, daß er des Cloſters S. Emmerami echu

432 1993 1101 53 wolle, wann ihme die Vogtey, ſo die Frey⸗Herren von Abenſperg von dem

1538 1989 17 44 ,

1569 1979 58 50 ſter

1625 1970 42 53 ge

1698 1978 24 56 2

432 2023 1225 58 auch uderlaſſen wurde, welches dann Anno 1125. unter gewidſen Dedingnuſfen geſaͤrhe

434 2062 1219 58 nog Albrecht hatte ſchon in gebs⸗Zaten des Nicolai von Abenſperg (welicher keme

432 2096 1224 61 hatte) mit dem Aodteu zu S. Emmeram wegen Uberlahſung dieſer Hogtey ſich unterredes

1696 2091 31 74 ⸗

439 2134 1190 59 ro gleich nach den Tod odgedachten Nicolai, der Herog an den eldoten geſchrieben,

435 2168 1214 81 Dogtey⸗ Uberlaſſung (wie ſchon abgeredet worden) aneto geſcheben mecht

1843 293 47 45 Iu

1839 322 55 65 die

1843 370 51 66 eit

1839 427 37 55 ſt

1836 472 69 65 ſein

1840 526 47 65 ꝛel

1850 622 47 66 8a

1842 672 46 69 zet

1847 826 32 57 a

1844 866 46 66 ou

1844 928 55 57 no

1847 965 55 69 La

1850 1015 48 65 ks

1853 1063 38 66 1

1846 1116 48 67 hn

1846 1264 40 60 lit

1847 1406 43 82 n.

1848 1518 47 62 un

1842 1563 52 69 ur

1843 1612 48 63 la

1840 1653 33 66 8.

1837 1704 61 55 an

1850 1804 44 60 A,

1847 1869 57 54 Dri

1848 1913 24 48 ;1

1847 1949 39 59 te

1847 2012 21 46 2

1850 2050 36 63 ne
