2024 2573
752 251 37 80 3

829 254 99 73 0)

948 255 123 79 Eet-

168 297 1424 101 ſter Schand erfuhre, erzuͤrnete er ſich dermaſſen, und beſchloſſe bey

1524 285 50 59 22

171 351 1413 103 ſich dem H. Mann das Leben zu nehmen: dannenhero um ſein boshaff⸗

170 403 1414 103 tes, und unbeſonnenes Vorhaben zu vollbringen, nahm er Gehuffen,

170 460 1416 94 eylte dem Diener GOttes nach, und da er den ſchon wartenden H.

170 504 1416 100 Biſchoff, ſo mit ſeinen Gefaͤhrten in einem Hauß vor dem bey ſich ha⸗

168 554 1416 102 denden Heylthum die Tertz bettete, (b) erkundiget, fordert er ihne zu

168 604 1418 102 ſich, und aus groſſen Ubermuth, und weltlichen Pracht, gruſſet er

165 656 1419 101 ihn, nach Geſtalt der Sachen, als einen Schwager. (c) Emmera-

167 707 1416 102 mus antwortete, und nahme GOtt zu einen Zeugen, daß er fleiſchli⸗

165 756 1409 104 cher Weiß keinen Schwager haͤtte: ſolches wolt der Fuͤrſt nit hoͤren,

165 810 1415 97 thut ihme vil und groſſe Unbilligkeiten an, verweiſend, wie er ſo lan⸗

165 866 1415 91 ge Zeit in groſſen Ehren in dem Land ſeines Herren Vatters ware ge⸗

164 911 1415 102 balten worden, entgegen aber ihme ſolche Schmach erzeigt, und eines

165 962 1405 104 ſo maͤchtigen und groſſen Hertzogs Tochter anderen zur Aergernuß,

164 1014 874 85 und boͤſen Erempel haͤrte ſchwaͤchen daͤrffen.

296 1072 1280 91 Der heilige Mann entſchuldiget ſich ganhz unerſchrocken mit froͤ⸗

163 1113 1413 102 lichen Angeſicht, und gewohnlicher Sanfftmuth: er ſeye nun auf der

163 1163 1404 106 Reit nacher Rom, das Grab desH. Petri zu beſuchen, degriffen;

160 1212 1410 110 weilen dann allda deſſen Succellor, als Chriſti Statthalter, Obriſter

158 1265 1413 108 Biſchoff, und Haupt der Chriſtenheit wohne, dey welchen alle der⸗

155 1316 1415 104 gleichen Haͤndel ſollen entſcheiden werden, ſolle er ein weiſen, und ver⸗

153 1367 1417 98 ſtaͤndigen Mann, den er ſelbſt fuͤr tauglich achte, dahin ſchicken, der

153 1416 1417 103 ihm in Gegenwart des hoͤchſten Biſchoffs und Richters diſer Eachen

148 1466 1421 100 anklage, damit allda rechtlich erkennt werde, ob er fuͤr ſchuldig an di⸗

150 1513 1416 107 ſen Laſter zu halten? Diſen Rath und Vorſchlag gab der heilige Mann

151 1572 1416 107 nit aus Forcht der Marter, dann er wuſte in dem Geiſt ſchon, daß

150 1618 1416 105 ihme nit gefolgt wurde, ſondern damit Landdertus ihme ſelbſten nie

153 1666 1411 116 Elend und Verdammnub verurſachte. Der Wutterich aber kehrete ſich

150 1721 1417 107 gar nit an diſe Beantwortung, ſonder nimmt den Stab, daran er

158 1763 57 68 ic

233 1779 1328 102 geſteurt, ſtoſſet denſelben ohne allen Schen dem H. Biſchoff auf

148 1821 1416 114 die Bruſt, und ſchafft ſeinen Dienern, daß ſie Hand anlegten Wie

147 1878 1416 104 aber ſeine Mitgeſellen und Geiſtlichen ſolches geſehen, waren ſie mit ei⸗

147 1924 1413 114 ner unermaͤßlichen Forcht uͤberfallen, verbergten ſich hinein in das Hauß

148 1975 1415 124 n alle Winckel, damit auch aldg erfulier wurde, was von Chriſto der

876 2052 105 72 O;

1454 2072 109 70 Pro⸗

175 2172 325 59 (b) Pag. 97. c22. r0.

173 2204 331 77 lo) Eas 98. e2. 11.
