1554 2270
148 166 77 43 15..

621 131 410 69 -ꝛz (0) 265.

1432 136 74 58 56y

268 177 1240 80 Attter ſolcher Zeit bat der Geteraͤt Hoato ꝛ Wertl nichr ge-

137 209 106 76 feyrt,

145 276 1361 83 ing denen Zorniſchen in Bayrn eines verſetzt. Es wollt aber denen

263 237 1244 73 ſonder nun dey Nuͤrnberg denen VDeinmariſchen, dann gaͤh⸗

145 336 60 42 Oe

224 327 1284 81 gerten allhie dus Stuͤrmen zu lang werden, dann es ſchon faſt 2.

134 372 1377 85 Monath gewaͤhret, und der Ernſt ſe laͤnger je groͤſſer wurd; die Srade

136 408 63 59 An,

230 426 1272 79 of, der Ober? und Unter⸗UVoͤrth waren ſchon eingenommen,

132 466 1374 78 ſo mangleten denen Belaͤgerten Pulver, es gieng Probiant ab, und

131 518 1372 79 utten viel ſchon groſſen Hunger; alfo, daß um todte Pferd ſchon dar

131 570 1372 71 Gereiß ware: keinen Succurs kunte man hoffen, dahero ſie dann den

131 614 1372 79 26. Auguſti angefangen zu parlieren, und nach geſchloſſenen (wohl

124 665 1373 80 ſchtechten) Accord, dem ungariſchen Koͤnig die Stadt uͤbergeben⸗

126 711 1373 78 der alſobatd zu einem Commendanten geſebt den Hbriſt Martin Na⸗

124 761 1369 80 fimilian Frey⸗ Herin von und zu Goltz, General⸗Felo⸗Zengmeiſter.

126 809 1367 80 Ich will hicht tnriren das uble Tractament, ſo die Geiſtlche vorhero

136 856 1357 79 rfahren, und den Veraleich, wie gnaͤdig ſich der Koͤnig gegen ſeines

124 911 1366 68 Herin Vatters Widerſaͤßige erzeigt. Sie wollten aber auch niche

132 957 1357 74 eiſer ſeyn als die TLoͤrdlinger, welche gleich nach Eroberung hieſiger

124 1006 1366 74 Stadt der Koͤnig mit Zuziehung der Bayriſchen AArmee, unter den

131 1059 1354 68 commaͤndo des Hertzogs von Lothringen, und ankommenen Cardinat

123 1104 1364 71 nͤtant aus Spanien mit einer ſchoͤnen Armee nach Beheriſcbung umli⸗

118 1155 1365 68 gender Staͤdte hat belaͤgeren muͤſſen, dann ſie waren der Cron Schwe⸗

123 1201 1351 66 len obligiret, dahero dann auch der von VVeinmar mit des Horns,

124 1243 1358 76 nd anderer Proteſtirender Voͤlcker die Stadt entſetzen wollte. Die⸗

126 1292 1354 76 es koͤrnte nicht geſchehen ohne groſſes Vlut⸗ Vergieſſen, und ernſt⸗

126 1343 1357 70 ſaffte Gchlacht, die durch GOttes HHuͤlff den 6. Geptember der Co⸗

140 1392 1334 77 s Ferdinand mit verdienten unſterblichem Lob gluͤcklich erhalten hat⸗

128 1445 1349 72 nd des Gegentheils Armee aufs Haupt geſchlagen Wie man dann

126 1494 1346 69 hreibt, daß von 12. bis 11. tauſend der Feind auf der Wahlſtatr ge⸗

131 1546 1343 66 deben, und 6000. gefangen worden, unter welchen viel Hohe Per⸗

134 1596 1334 64 hnen, ſpecialiter der General Crarz, der hernach 1625. zu Wienn,

138 1639 1331 67 rdienter maſſen, den Kopff laſſen muͤſſen, geweſen. Bey dieſer

148 1686 1321 69 chlacht hat man von dem Feind erhalten 8o. Stuck Geſchutz, z000.

133 1732 1337 78 arren, 1200. Ppferd, Fahnen und Standarten z00. Von denen

140 1786 1332 74 ſiylerlichen, neben einigen Vornehmen, ſeynd gemuͤßiget worden.

129 1822 250 72 200. Mann.

225 1875 1238 79 Es haͤtte bey Proleguitung der viſtori, der Feind wohl gar

121 1930 1339 99 wrn wiuire verdeni do Wbien wan aber dn huͤ eger Erz

814 1991 154 75 S(I 2

1353 1981 103 67 Lufft
