1918 2545
841 248 115 71 -2o2

1125 248 101 63 àZ--

340 258 89 60 182

333 299 1401 72 durch Gewalt Carnli Magni geſchehen ſere. Hundins bringet ſelbſten die Bul-

333 340 1398 74 Iam Lconis III. zum Vorſchein. pag. 223. In dieſer ſeynd ſolgende Wort zu le

486 385 1249 68 -...Epilcopus ejusdem civitatis tertius, nomine Adalwinu,

342 401 113 58 ſen:

338 425 1396 75 zunta Decreta Canonum, & cum anctorirate noſtra, in preſentia piiflim⸗

336 466 1395 75 Imperatoris Karoli, recta Ratione in Synodali Concilio cum ſudicio E-

336 516 1396 67 vilcoporum, Clericorum, nee non nobilinm Laicorum de codem loco

336 558 1392 71 Carhedram Pontificalem mutrarit, & ſuæ ſuorumque Succeſlorum proprie

338 600 1389 74 rati & poteſtati deinceps in tnturum abalienavit. Es ſeye dieſes geſchehe

335 646 1376 79 gemaͤß denen geiſtlichen Geſaͤtzen, mir Auctoriraͤr des Papſtens,.

335 697 1394 79 Gegenwarr des frommen Karoli, in dem Fynodo, mir Urrbeil deren

332 747 1393 78 Biſchoͤffen, Clericorum, und anderer fuͤrnehmen Perſohnen

333 791 1395 75 nnd mit Willen Adalwini. ( Adalvvinur abalienaoit.) Hundius nenner dieje

333 842 1398 75 Cloſter Monaſteriun Carbedrale, ein Biſchoͤfliches Cloſter. Wann er dardurd

335 889 1394 69 nur dieſes verſtehen will, daß allda die Biſchoff von Anſang Gaubaldi gewohne

335 931 1362 68 haben, iſt nichts darwider zn reden; alein es kan kein MONASTERTUM C

338 975 1363 69 THEDRALE in dem Verſtand benamſet werden, als waͤre es von einem Reg

335 1025 1317 65 ſpurgeriſchen Biſchoff geſtifftet worden, dann keiner von dieſen erſten Biſchoͤffen

332 1066 1354 67 Stifftung hat machen koͤnnen, aus Mangel eigener Guͤtter, und wie oben pag. 12. 15

1708 1087 13 51 .

332 1105 1344 71 zu ſehen, hat dieſes Cloſter lang vorhero ihren Anfang bekommen. Sympertus

330 1148 1375 73 Vorfahrer (Adalvun) hat es nur großer erdanet, aur Betelch und Untonten.

330 1201 163 68 roli M.

448 1265 1262 73 Die vorige Hertogen aus Bayern, Item Pipinus der Vatter Caro

330 1316 1317 66 Magni, und andere Chriſtglaubige haben viele Schanckungen dahin gemacht,

332 1360 1339 69 in Diplomate Caroli Magni zu leſen.) Durch dieſe Schanckungen int es i

1671 1379 56 64 tot

330 1402 1324 71 chen Stand geſetzet worden, day der Erſte ordentliche Regenſpurgeriſche B

1681 1423 46 54 mni

333 1449 1300 65 Ganbaldus mir Wilen des damahligen Hertzogs in Bayrn, auda ſeinen Cit

333 1490 1351 73 noͤrhige Unterhaltung bekommen. Da aber Carolus Magnus in ſeinem Reic

1686 1512 29 50 n

333 1536 1326 67 Werdeſſernng ſo wohl Cloͤſterlicher, als anderer geiſtlicher Piſciplin allen Flei

1667 1549 54 64 zol

333 1582 1306 60 gewendet, und in verſchirdenen Synodis heylſamr Geſaͤtz verordnet, hat erzi

335 1613 1390 75 nehung bolcher Geſaͤten, nach der Rryel S. Benedisti denen Luͤßteren ihren aprua

1671 1638 47 60 el

333 1664 1306 66 Aobten zu erwaͤhlen angrordnet Und viele ſolche Cloͤſter, welchr von denei

1667 1678 61 63 und

333 1707 1303 77 togen, oder von ihme ſelbſt geſiffter worden, LIBERA, Frey gemachr

1656 1732 35 63 ꝛl

332 1757 1266 65 dem Koͤniglichen Gewalt unterworſſen, mit Auctoritaͤr des Paͤpſtlichen

332 1795 1379 74 Es iſt zu wiſſen, daß zweyerley Gattungen deren Cloͤſtern waren; einige wuroen⸗

330 1839 1373 72 nannt Menaſteria inzenua, dirje hattrn von ihren Er ſſteren (Fundatoribus

332 1883 1349 75 gleꝛch Anfangs dre Be frerung, daß ſe nur allein dem Koͤniglichen Gewalt unter.

336 1928 1371 68 nis woren Die anderrn waren Monaſteria LIBERA welche nach und naͤc,

336 1970 1372 70 ſolcher Befrenung delangen ſeynd Anzangs wwaren die Moͤnch zu S. Emnmeran,

1654 1983 63 57 abc.

1588 1994 58 64 da

333 2021 1255 60 ter den Grwalt ihres Criffters, und ſeiner Nachfolger deren Hertogen,/

338 2051 1383 74 domahls noch keine ordenrluͤche Biſchoͤnf i Negenſpurg, bis auf 132. beſteller nare,

339 2089 1373 116 Lnnnn 2 5n

1608 2118 126 77 uculen.
