2064 2572
54 337 71 55 u⸗

50 375 72 60 leſſe

88 431 27 61 t⸗

32 482 99 62 ſierig

61 534 69 57 von

30 580 97 58 znad

47 638 81 50 nd⸗

55 677 65 68 yf⸗

72 733 60 57 der

47 778 77 63 Re⸗

32 831 90 67 rie⸗

45 888 85 50 ar io

45 940 86 53 An⸗

44 985 84 58 gel,

47 1044 85 57 iſten

24 1090 106 58 nach⸗

24 1128 108 72 Heil⸗

20 1188 112 57 t dem

18 1233 112 64 erlie⸗

25 1281 102 66 leich⸗

30 1334 95 63 aubi⸗

77 1383 43 63 er

92 1436 29 62 1.

55 1486 72 61 bey

92 1536 22 55 e

47 1583 77 67 an

52 1637 70 60 Re⸗

55 1741 67 53 Ge-

54 1777 58 73 ſtli

54 1834 67 72 che⸗

806 258 24 42 ꝛ.

280 285 1402 100 chen Glaubens willen, von denen Unglaubigen unter waͤhrender Heo⸗

884 245 313 77 8 (0) Lst-

287 341 1392 94 denſchafft, ſonderlich in der groſſen Verfolgung Diocletiani, die faſt

284 387 1392 103 burch die gantze Welt uber die Chriſten ergienge, allda hingericht wor⸗

281 435 1392 103 den, und GOtt ibre Seelen aufgeopffert haben, ein Kirchel gebauet⸗

281 482 1395 106 damit in ſolchen Luſt⸗Waͤldl, allwo man die Teuffel durch unter⸗

280 531 1398 106 ſchiedliche falſche Goͤtzen⸗Bilder lange Zeit geehret, anjetzo der wahre

280 587 1396 97 GOtt erkennet, angebett, und verehrt werden ſolte; deſonders wei⸗

274 627 1402 113 len ſo vil Chriſten⸗ Blut den Orth eingeweyhet, und deren HHeil. Ge⸗

273 681 1403 112 dein, und Leiber gleichſam ein Grund⸗Veſte diſes kleinen, hernach

273 728 973 92 aber groß erfolgten Kirchen und Cloſters worden.

421 777 1254 113 Theodoni ware wol bey der Chriſtlichen Religion, erfreuete

278 818 1395 116 ſich auch ſehr ob der Vermehrung in ſeinem Land, ſo durch St. Ru⸗

274 877 1395 107 precht, und ſeiner Prieſter, hernach aber auch durch S. Euſtachium,

274 924 1399 107 Jungern S. Columbani Abbten des Lurouienſiſchen Cloſters in Bur⸗

271 977 1397 108 gund, ſo ein Zeitlang allhie und in Bayrn geprediget, erfolgte; re-

270 1027 1399 110 commendirt auch derſelben Befoͤrderung ſeinem Sohn Theodeberto.

273 1077 1396 107 und beſchloß ſein Leben im Friden Anno 6a1. Hertzog Theodebertue

267 1120 1401 107 regierte das Land nach ſeinem Herrn Vatter gar ruhig, erwiſe eine

268 1171 1400 112 groſſe Catholiſche, dem Hauß Bayrn von diſem Fuͤrſten angebohrne

267 1220 1399 108 Devotion gegen der Mutter GOttes in dem Kirchlein zu Alten⸗Oet⸗

264 1270 1399 108 ting. Befoͤrderte das Goͤttliche eyfferig, und nach ſeeligen Ableiben.

267 1321 1395 109 ſo Anno s21. geſchehen, verlieſſe er das Land ſeinem Sohn Hugiber-

268 1373 1395 103 ro der regierte daſſelbige biß man zehlte sa6. in welchem Jahr er ſein

263 1408 380 76 Leben beſchloſſen.

260 1461 426 83 Landberri, und Ore.

673 1431 987 93 Sein Succellor ware Theodo IV. ein Vatter

797 1593 307 133 Du ſat

624 1703 666 107 Zu den zweyten Capitel.

350 1800 1305 108 Bbt Cœleſtinus hat in diſen vorhergehenden Capitul denen Meynungen bieler

263 1847 1390 102 NTV alten Scribenten geſolget, da aber bereits durch andere nachfolgende Hiſto-

261 1887 1394 106 ricos, und beruͤhmte Maͤnner Mittels Durchgehung einiger uralten Manuſcripten

263 1930 1390 100 viles entdecket worden, was vorhero verborgen ware, beſonders auch die Hiſtorie

267 1967 1382 104 von der Ankunfft des heiligen Ruperti in Bayrn ein mehrers Liecht bekommen,

260 2013 1393 98 aͤls habe ich einen kurtzen Auszug ans denenſelben verfaſſen, und ſolchen, damit

263 2049 1210 115 ein Drdnnng und Zuſamnenhang der Oiſtorie ſeye, alhero ſeten wolen,

1559 2136 94 67 Von

40 1994 72 53 dloa

41 2030 74 73 rie⸗

41 2120 73 44 nm

62 2150 53 59 and
