1566 2270
104 105 84 58 122

598 95 386 73 2 (0) Ebt-

92 147 1385 77 dem Feind biel erlegt. In dem aber ſeynd ſie ungllicklich geweſen,

95 205 1386 67 daß ſie den treuen Helden, und eines unſterblichen Lobs⸗ waͤrdigen

95 250 1382 74 Rittersmann, den General Mertzi verlohren, ab deſſen Todt der

100 301 1371 76 Feind ſich mehr erfreuet, als ſeines Volcks, und auch hoher Ofkicier.

100 345 376 68 Verlurſt betauret.

228 441 1238 79 Nach Ableiben des Commendanten von Reinach iſt alhers

95 494 1370 92 verordnet worden ſoenn Thomas Brilgel, der nach 2. Jahren vos

94 544 423 66 hier wider abgezogen-

227 635 1229 81 Was Anno 1626. in denen Friedens⸗Tracaten geſandlet wor

90 692 1363 74 den, haben andere mehrers in Druck geben. Mit wenigen iſt hie;⸗

92 736 1368 79 melden, daß die Cronen Schweden und Franckreich ſehr viel ſtarcke⸗

88 789 1366 76 und denen Catholiſchen, zu vorderiſt der Kayſerlichen Majeſtaͤt unmoͤg

89 839 1341 74 liche Poſtulata gethan: ſonderbar urgirten dieſe beede Cronen, daß⸗

90 889 1362 71 les in dem Stand ſolle gerichtet werden in dem Roͤmiſchen Reich, wi

89 938 1368 72 ſie daſſelb Anno 1612. befunden. Der Kayſerl. Commiſlarius Gral

94 987 1355 74 Lraurmansdorff lieſſe ſich ſchon ſo weit ein, aber der Gegenthe.

88 1036 1359 73 kunte nit vergnugt werden. Interim agirten beede feindliche Armee,

84 1082 1349 75 dieſen Sommer, was ſie kunten, und vermoͤchten, und eroberte ni

84 1132 1360 73 unſere, nun die feindliche Parthey einige Veſtungen. Augſpurg wa

82 1179 1356 69 in groſſer Gefahr, und darumben deſto mehr, weilen neben dene

83 1225 1360 75 Soldaten nur die Catholiſche ſich wehrten, der ander Theil ſchauel

79 1278 1331 67 zu. Weil das Gtuͤck da nit favoriſirte (dann der Chur⸗ Bayrit

87 1326 1343 68 Obriſt H. Frantz Rovyer die Stadt ritterlich defendirte) hats d.

82 1369 1220 78 Feind zu Breganz gefunden, und darinn einen groſſen Schatz.

208 1469 1159 72 Den 12. May hat zu Lintz die Roͤmiſche Kayſerin Mariam,

1385 1475 30 48 tt

76 1515 1368 72 ter waͤhrendem Nacht⸗Eſſen eine urploͤtzliche Schwachheit uberfallen,

76 1562 1366 72 und nach den Ohnmachten eine Frayß ankommen. Es haben zwar dl

76 1609 1368 73 Medici ihr den Verſtand ſo weit wider gebracht, daß ſie der heiſtgen

79 1663 1249 67 Saeramenten ſich bedienen koͤnnen. Aber die Schwachheiter

1345 1644 98 72 ſeynl

76 1710 1251 69 wider kommen, und mit einem Catharro auf die Bruſt ſich a.

1330 1693 112 72 o der⸗

74 1751 1374 77 mehrt, daß ſie um S. Uhr andern Tags in der Fruhe ihr Leben enden

74 1803 1369 71 muͤſſen. Sie war ſehr groß Leibs, dahero man denſelben alſobalo

73 1850 1373 73 eroͤffnet, und ein noch lebendige Printzefſin gefunden, ſo aber nao

71 1896 1366 82 dem Heil. Tauff auch bald verſchreden. Den 1a. wurden beede Lkeia

1336 1935 76 67 nan
