1959 2500
38 283 88 72 nuͤßle

62 333 67 60 und

79 380 36 70 nꝛl

40 443 75 68 19

56 494 48 53 b

36 541 80 63 gertl

47 593 72 55 iſto

55 641 35 64 ꝛt

59 690 56 68 we⸗

775 233 332 92 à (9) E2t-

554 351 745 122 APUTXLII

279 512 1356 89 ſEringerus der arſte Abbt, dieſes Nahmens der Anderte, niche

227 575 1406 75 I allein von ſeiner Guͤtte, ſondern auch Gorgfaͤltigkeit ein lob⸗

319 625 1314 81 wuͤrdiger Mann. Er hat von dem Doͤrffel Dechberten, ein

220 644 100 82 halbe

323 681 1309 74 Stund von hieſiger Stadt, fuͤr das gantze Cloſter in bleyen Ca⸗

225 725 1408 80 alen, mit ſehr groſſen Unkoͤſten, Waſſer genug, aus einer allda von

229 777 1407 78 Honen Lnater⸗ Stucken gerichten Waſſer⸗ reichen Brunn⸗Sruben

233 825 1396 84 erein gefuͤhret, und ihme dardurch ein ewiges Lob gemacht. Es hat

320 881 1312 73 Vorſichtigkeit, unſers Cloſters Untergang abſonderlich Anno 1622.

243 929 1386 82 XHuttet, indeme ohne dieſes Waſſers Hulff, das gantze Cloſter waͤ⸗

277 984 1351 72 ingeaͤſcheret worden, wie die Kirch dazumahl den 1. Auguſti ab⸗

232 1029 1397 80 rornnnen. Unſer Cloſter muͤßte denen Pfaltz⸗Grafen jaͤhrlich ein

229 1059 101 86 uder

226 1109 83 66 Hen.

345 1084 1283 72 Wein von dem Orth Dfaftenſtein genannt, dienen oder rei⸗

233 1177 1388 89 cechr dem Cloſter cediret, und zu beſſerer Unterhaltung des Convente

361 1134 1267 75 Fridrich und Otto, Pfaltz⸗ Graf Ortens Soͤhn haben dieſes

232 1229 1103 76 Aven ihrer Vor⸗Elteren Heyl geſchencker Anno 1179.

232 1301 81 85 ard

340 1281 1284 84 Dieſer Abbt ware ſehr devor S. Michael, deme er zu Ehren ein

225 1355 62 74 und

330 1338 1288 75 zu Eingang des Muͤnſters, naͤchſt an der ſo⸗ genannten Groͤed,

312 1390 1306 71 m Capellen dey dem Abbtey⸗Saal gedauet, die Biſchoff Chu-

226 1406 40 69 ꝛr

222 1455 69 75 pur

325 1437 1293 76 allhie geweyhet: er lebte heilig, regieret 22. Jahr, 10. Mo⸗

332 1486 1281 75 22. T aͤg, und ſtarb Anno 1201. Sein Begraͤbnuß iſt in S.

240 1530 1375 95 uͤoidi-Capellen oder Grufft, vor dem mitteren und hochen Altar

284 1572 100 66 ehen

222 1644 53 67 2

333 1626 1281 94 In dieſem Jahr iſt zu Peringerl Succeſlorn erwaͤhlet worden

302 1688 1311 84 uardus I. (22ſter Abbt) der regierte 16. Jahr, 2. Monath⸗

304 1736 1149 116 d. dar ſein Degraduuh vor St. Sreydans⸗Altar. C,

886 1805 101 90 Oo

1503 1808 112 71 Inci-

1544 248 98 83 22,

259 1893 38 68 2)

300 1916 351 82 Cmnradus Anmno 1189.

282 1970 1326 82 Unter Ebert ardo Atdten hat Innccentias UL. Paſt⸗ des Cboſters S Emmeremi kch anger

277 2013 1334 75 wmmen, und verichedenr Brevia herans gegeben, das Cloſter wider deiſen Fund zn deſchaͤnen,

275 2025 47 51 Es

334 2052 1270 73 Arenivi Originalidur Chanradus Diſchoff kat Ederderdo, Abbdtmn zn S. Emmeran,

277 2087 1333 88 a Hu L.romr n Neuhanſen, n vacher vlan Weynhel an rniel garcn. adr

276 2138 1335 77 T rmnen Hraſen entzohen worden/ wuter teſtaͤrrget. Es Orgginrli Arctuͤvi. Weymihe.

273 2155 438 88 ò wudernmen entzohen wordmn.
