1955 2499
381 179 102 52 222

906 188 36 53 -

945 183 357 73 23 (0) Lag-.

380 229 1393 97 laubnuß? das kan ich nicht erfahren. In einem 2oorjaͤhrigen geſchriebe⸗

379 281 1389 95 nen Buch unſerer Bibliothec hab ich gefunden ein Copia eines Schrer⸗

379 330 1391 98 bens, ſo die a. Frauen Geiſenfeld, Nieder⸗ und Ober⸗Maͤnſter,

376 383 1392 98 wie auch St. Paul allhie, unſers heiligen Ordens Vaͤrtern nache.

379 434 776 78 Saltzburg zeſchrieben, die lautet alſo:

502 485 1262 91 Reverendis in Chriſto Patribus ac Dominis Rectoribus Ordi-

372 531 1388 97 nis S. Benedisti in Provincia Salisburgenli, de Geifenſeld, inſerio-

369 585 1387 92 ris, ſuperioris Monaſteriorum & Eccleſir S. Pauli Abbariſfi Rotis

372 634 1385 96 donenlis Civitaris ac Diœceſis, devoras cum debita obedientia uͤ

367 684 1383 94 Chriſto IESU. Noverit univerſitatis Veſtre Paterniras, quod Ve

366 737 1384 96 nerabilis Abbas S. Emmerami ad Capitulum noltrum Salisburge C⸗

365 787 1384 95 lebrandum nos evocavit, ut eidem aimplicrras noſtra in eis, que i⸗

365 835 1363 92 ciunt, ad Reformationem noſtri Ordinis informerur. Verum cu

361 891 1377 91 malicia temporum ac prœcipuè anni prelentis nos impediar, ur⸗

365 939 1381 95 tam remotas partes venire absque magnis laboribus non poſlimus-

361 991 1384 93 lupplicamus Univerſitaris Veſtrœ Sanctirari, in Domino poſtulantes

362 1046 1372 91 quarenus ad prœlens ablentiam noſtram cum parientia ſupporre.

358 1092 1383 86 ita tamen, quod voluntates noſtras & obedientias vobis ofrerimus,

356 1142 1374 96 ad oblervationem eorum ſecundum gratiam & lecundum anriqu

355 1189 1384 95 conſuctudines noſtras honeſtas &r approbatas, quæ Negula S. Ben-

355 1238 504 73 dicti precipit oblerrari.

498 1291 1240 100 Mir iſt unlaͤngſt ſo viel zu Haͤnden kommen, daß unter des

352 1343 1354 96 Biſchoff Heinrico allhie ein Legarus Apoſtolicus, Philippus Fe

349 1392 1329 103 rienlis von beeden Stifftern Nieder⸗ und Oder⸗Muͤnſter Nach

348 1445 1354 96 begehret, deme haben a. Depurirte Heinricus Decanus, Udalrit

349 1496 1349 93 de Berndeck Cannonicus, F. E. Bernardus und Daniel de Ordine.

348 1543 1351 102 norum ſo viel rekeriret, daß deeder Stiffter Emnverleidte eX pr.

345 1592 1314 97 inſtitutione, ertra Clauſtra, ein Privar-Leben, jeoe in dero B.

351 1643 1329 103 ſung gefaͤhret, ſo zu gar groſſer Freyheit, und Unberugnuſſen diei

344 1695 1320 102 S. Volſgangus befande daß ein ſolches Leden, ſolch Hoch⸗adelichen

338 1745 1289 98 dern nicht anſtaͤndig waͤre, bemuͤhete ſich viel, ſie in ein Elautur,

342 1807 1351 86 gen, und in Commune zu leben, nach der Regul S. Benedictr ail

348 1847 1330 100 halten, vermoͤchts aber nicht von ihren alten Gewohnheiten abz.

337 1902 1287 98 hen: uneracht er mit ihnen dilpenkirte, daß ſie daͤrfften Fleiſch

1696 1904 25 60 1

337 1953 1326 94 und Kleyder von Fuchs⸗Baͤlg tragen. Mußte ſie alſo bey ihrer,

337 2001 1301 103 wohnheit bleiben laſſen, welche obgedachter Legarus confirmiret.

1638 2115 32 74 1

1863 297 83 62 keine

1863 340 76 62 dem

1860 395 90 64 geho,

1866 444 77 65 derh

1860 495 65 57 Len⸗

1864 542 81 70 bauſ

1863 591 57 67 lis,

1861 638 84 81 Frai

1861 741 66 65 nar,

1867 794 42 61 ul

1857 833 48 80 pe

1859 944 57 65 nol

1863 991 44 65 er

1859 1044 58 58 and

1863 1092 46 71 er

1856 1181 51 64 er

1859 1237 69 74 Oie

1857 1293 61 66 und

1856 1336 68 73 uird

1856 1391 72 70 nult

1856 1435 58 71 ihn

1853 1484 53 68 fen

1853 1586 60 68 mit

1855 1635 58 72 Ae

1853 1688 50 61 da

1856 1739 58 65 uſi

1852 1785 79 75 du,

1852 1840 68 66 zen.

1850 1889 60 78 un
