1940 2440
355 162 93 68 172

1037 164 222 74 0) 22g.-

925 162 49 72 3

1824 216 99 63 der 2

481 216 1266 84 Die Conlecration verrichtete Doctor ſohann Baptiſta Bichel⸗

1823 271 102 65 ſchen

355 269 1392 83 mair Suftraganeus allhie. Er war ein frommer, ſanfftmuͤrhiger Hert⸗

1824 314 103 70 tichen

355 317 1383 84 angenehm hohen Fuͤrſten, beliebt von allen Stands⸗Perſohnen, ſt

1823 361 110 70 Neub

359 368 1381 83 gar von theils und zwar vornehmen Uncatholiſchen. Er vermehrte die

359 413 1380 91 SOttes⸗ Dienſt und Andachten nit allein durch anbefelchen, ſonder

355 469 1385 81 eigenes Erempel in denen Proceſlionen, und allerley Benedidtionen, der

1820 459 110 76 Kayſe

1823 516 88 62 mit

349 517 1389 86 Fruderſchafften⸗Andachten, Anſtellung der Kinderlehren, Schulen⸗

1819 567 100 70 aliher

355 569 1376 83 Spitalen ꝛc. derowegen er bey dem Hauß Bayrn ſo angenehm wor⸗

1816 608 84 76 don.

349 616 1384 84 den, daß er oͤffters auf Muͤnchen eingeladen worden, auch Anno 1so;

1816 662 90 75 nipo

347 664 1378 86 dey dem groſſen Umgang erſchinen iſt. Er hat Hertzog Albrechten m.

1816 711 90 67 war,

348 714 1375 88 ſeiner Gemahiin Mechtilde Landgraͤrfin von Leichtenberg, des Hochwuͤ⸗

345 763 1369 88 digiſt und Durchlaͤuchtigiſten Fuͤrſten und Herrn, Herrn Alberti⸗

1822 763 84 66 nan

352 811 1341 93 gismundi Biſchoffen zu Freyſing und Regenſpurg Hertzogens in Bai

1815 806 115 75 Wide

1817 859 80 70 och

344 863 1365 85 ꝛc. gottſeelige Eltern Anno 1612. eingeſeegnet. Und zu dem allgeme

342 910 1362 90 nen Catholiſchen Weſen ein abſonderlich Preiß⸗ wuͤrdiaen Eyffers

1815 906 93 75 dung

1820 959 77 65 em

342 962 1337 92 habt; derentwillen auch dieſer fromme Frid⸗ liebende Fuͤrſt von.

345 1011 1345 92 Aurhore der unbeſtaͤndigen Thonauwertiſchen Inkormation, wela

1816 1008 114 72 Seſchr

338 1064 1352 88 der Relator billig Intamatorem nennt, neben anderen untoccirt1

1812 1062 117 67 zen de-

1686 1068 35 65 e

1813 1114 117 66 iderho

340 1114 1346 82 nnangegriffen nit verbleiben kunten. Die Translation des heiligen.

342 1159 1371 89 genſpurgiſchen Biſchoffs Wolfgangi, von welcher Cap. 12. Meldun

1807 1157 99 75 zu be,

1812 1205 81 67 hen

341 1207 1356 92 geſchehen, iſt unter dieſem Biſchoff Wolfgang Anno 1673. mit ſeid

1805 1252 101 80 Aoſch

338 1257 1336 94 groſſen Conlolation celebrirt worden. Sein Milde und Guͤtig

338 1316 1345 82 gegen allen GOttshaͤuſeren ware ſo groß, daß er dey geringen Einko

1809 1354 113 76 erubt

334 1360 1347 93 men, deſſen ſich auch die Befreunde und Diener ſich zu bedienenn

1809 1407 122 73 emon

336 1405 1368 99 ſten, nit lubliſtiren kunte, dahero die Capirulares ihme zu Verhuͤrni,

334 1457 1376 93 ferner Schulden ein gewiſſes Depntat pro luſtenrarione verorone⸗

1803 1459 126 70 Pbo 1.

334 1504 1318 98 Anno 1613. im wehrenden Reichs⸗Tag iſt er erkranckt, hat am

1805 1504 120 73 ichten

1801 1554 110 75 uchts

332 1552 1296 97 denſtein ſein Leben den 2. Seprembr. ſeelig beſchloſſen, iſt in Be

330 1609 1336 96 vieler Churfuͤrſten: und Reichs⸗Abgeſandten zu denen PP. Convent

1805 1603 116 77 Hertzo

1812 1655 106 67 rgato

329 1651 721 85 kibus S. Francilci begraben worden.

1799 1699 127 75 Aitter

466 1706 1243 98 Anno 1601. iſt das letzte Collognium alhie auf dem Rarh⸗Haus

1804 1752 122 68 eren.

333 1758 1307 96 im Monath Decembr. gehalten worden. Dabey fanden ſich He

1668 1760 34 61 oe

1800 1796 91 70 ie .

328 1805 1298 100 Marimilian in Bayrn, ſein Herr Bruder Hertzog Albrecht, A

329 1848 1266 110 Ludwig Pfaltzgraff von Neuburg, und ſein aͤlterer Sohn Wolt

1805 1848 124 71 Spottr

329 1907 1286 92 helm. Die Dilputanten waren lacobus Grerlerus, und Adan

1807 1900 107 70 Dew.

1808 1950 75 68 eich

325 1953 1366 95 ner Soc. ESU Catholiſcher Seits Von der andern Religion., Es.

1801 1991 106 88 Hayr

329 2000 1296 110 dius Hunnins, des vortrefflich deruihmen Rechts⸗Gelehrten, un

1656 2063 46 80 de
