1959 2500
25 266 98 64 Lurde

56 309 56 95 pe-

52 395 61 73 ene

50 456 54 67 ini

36 513 75 62 Adu

44 618 64 70 Na

36 661 72 68 ault

52 718 50 61 en

44 854 54 76 hn

18 919 87 71 eines

29 970 71 63 end-

34 1019 66 64 dere

40 1065 60 71 del

31 1115 71 72 aud

23 1169 71 67 hne-

36 1266 62 70 pel⸗

48 1466 49 63 dei

27 1518 63 65 ach

61 1670 25 60 e

701 254 35 47 mꝛ

765 238 327 74 8 (O EN-

1526 251 85 67 272

213 288 1397 93 Bayrn, fande ſich allhie, und halff mit dem heiligen Ottone, Biſchof⸗

209 344 859 79 ten zu Bamberg, gute Satzungen machen.

334 398 1277 78 Als B. Erminoldus, Abbt zu Drunſenning, ſeinen Cloſter nutz⸗

212 444 1399 86 ich vorſtunde, vor allen aber neben eofferigen GOttes⸗Dienſt eine

211 493 1404 88 zute Dilciplin unter denen Seinigen hielte, hat einer, Aaron mit

218 543 1396 91 Nahmen, den Rigorem Monaſticum nicht erdulten moͤgen, und da

222 597 1392 79 er heilige Vatter im Cloſter ſeinen Geſchaͤfften nachgieng, ihme mit

215 650 1398 80 znen ſtarcken Pruͤgl vorgewartet, zu Boden geſchlagen, und alſo zu⸗

212 698 1402 88 Kericht, daß er bald hierauf am Heil. Drey Koͤnig⸗Feſt ſein Geiſt

225 750 1389 84 utgeden Anno 1121. Hartwicus Biſchoff allhie, hat ihne mitten in

219 788 54 64 er

277 802 1336 85 Kirchen begraben. Er thaͤte viel Wunder⸗ Zeichen im Leben, und

216 844 414 86 iach dem Tod. (1)

218 954 1396 86 udidtiner⸗Cloſter Biburg geſtifftet, ſo hernach denen PP. Soc. HEla

332 906 1281 77 Anno 1722. wurde das in Regenſpurger⸗Biſtum gelegene Be-

227 987 27 56 &

276 1006 1341 84 nſtantiam Ducum Bavarim à lede Apoſtolica artribuiret, und dem

237 1040 71 71 olte

334 1062 1276 74 io zu Ingolſtadr uniret worden. Nach Ableiben Heinrici V,

229 1105 1386 83 Comiſchen Kayſers, ſo Anno 1125. im Julio geſchehen, und keinen

226 1155 1385 83 den hinterlaſſen hatte, haben ſich etliche Fuͤrſten um die Roͤmiſche

226 1187 76 74 rvr

319 1212 1294 79 beworben. Es iſt aber auf Befoͤrderung Adalberti, Ertz⸗Bi⸗

233 1238 36 71 d

282 1263 1329 78 fen zu Mayntz, Lotbarius aus dem HHaus Sachſen erwaͤhlet wor⸗

237 1294 31 56 r

316 1312 1295 81 ſo an mindeſten darnach geſtrebet hat. Dieſer Kayſer hielt bald

223 1359 1388 84 erauf einen Reichs⸗Tag allhie, und ließ delideriren, weme deren

229 1405 567 78 aniſirten Ghrter zuftaͤndig?

329 1461 1281 79 Es war dis Jahr unſeelig, dann, wie man lieſet, wohl der drit⸗

263 1508 1195 79 Cheil Menſchen an der Peſt, Hunger und Kaͤlte geſtorden.

329 1565 1281 83 Hainrich der X, Hertzog in Bayrn, tratte nach ſeines Hermn

245 1609 1362 89 ſattern Henrici IX. Tod die Regierung an Anno 1126. Hielte al⸗

223 1658 1381 94 gdad einen Land⸗Lag alhie, verſicherte aber ſich mit einer ſtarcken

233 1715 1370 89 darnilon vor aller Unruhe, machte ſehr gute Satzungen, zu Mflan⸗

304 1768 1303 80 Fried und Einigkeit, zu Verhuttung aller Zwiſpalt; Stellte einen

284 1818 1326 82 t auf, der jedermann Recht ſprach: zween andere die das Rau⸗

213 1830 64 74 den

305 1868 1298 79 Stehlen, und dergleichen Laſter verhuͤrten, oder gebuͤhrend ab⸗

215 1890 315 101 raſfen ſlten.

537 1925 1069 90 Vereheligte ſich hernach mit des Koͤnigs Lotbari,

847 1977 124 89 M n

1472 1990 132 76 Toch⸗

45 1769 43 57 eil

52 1811 24 68 ;

61 2013 27 59 n

238 2118 1359 108 C Fondezan vnruusgendd. E. Dendr zon. N. Laden nlaria Conrt A r

269 2155 188 71 2. & 10r.
