1959 2500
48 298 65 56 In-

70 341 38 61 n

59 394 45 58 es

45 441 68 64 vou

23 491 88 64 unſer

58 547 48 57 lre

40 586 72 76 det

44 636 64 70 und

25 700 61 56 at

58 790 46 111 ,

775 244 337 74 2 (0) 8pg-

1532 255 76 54 305

211 294 1403 78 Siel Unraths daraus entſtanden; ſie zieheten den Adel und gemeinen

212 345 1398 75 Mann mit Geld und Gaaben an ſich, nammen mit Huͤlff der Boͤh⸗

212 397 1399 80 men Pafſau und Regenſpurg gewaltſam ein, fielen von Oberberg

213 447 1394 72 n das Weilhardt, verzehrten das Land, fuͤhrten das Vieh hinweg,

216 498 1398 75 ind auf einmahl bey 1500. Haupt. Die Hertogiſchen: Alderam von

222 547 1386 78 GDantor(, Ortolf von VValo, Heinrich von Ried, und andere mehr,

219 598 1395 75 ſlammen in der Eyl den Fahnen aus St. Ulrichs⸗Kirchen zu TTeu⸗

220 650 1393 72 urchen, kamen fuͤr Obernberg, hielten allda ſich verdorgen, und

223 702 1391 74 a die Biſchoͤff den Raub wollten gen Obernberg treiben, brachen

222 736 41 65 ie

287 754 1324 75 Hertzogiſchen herfuͤr, ſchlugen, und verjagten die Biſchoͤff, und

225 802 1388 74 aͤmmen ihnen allen Raud ab. Nachdem Biſchoff Albrechr wieder

229 852 1381 71 nheim kommen, fieng er bey a5. der reichiſten Burger allhie mt Lſt,⸗

236 904 1372 79 eil ſie Kayſerlich waren, und fuͤhrts gefangen gen Chonauſtauff aut

230 936 47 66 ae

297 956 178 70 Schloß.

334 1005 1280 75 Anno 1228. unterſtund ſich ein Graf von Lechemund denen

232 1055 1381 72 Legenſpurgeriſchen Kauff⸗Leuthen ihre Guͤtter, die von dem Lech in

243 1090 25 57 ⸗

286 1109 1328 67 Donau, und durch dero Mittel allhero kommen ſollten, aufzuhal⸗

232 1137 36 60 er

280 1156 1333 69 damit die Handelſchafft auf Naͤrnberg zu befoͤrderen, worauf die

259 1205 1354 81 fgenſpurger dieſen Grafen mit Macht uberfallen, und ihm ſein

241 1251 602 72 ꝛchloß Lechemund zerſtoͤhret.

339 1311 1276 70 Es war ein Zwiſpalt nicht allein zwiſchen Payſten, und Kayſer

233 1356 1381 75 ſtiderich, ſondern auch ſeinen Sohn Conraden. Dieweilen zwiſchen

277 1409 1331 71 en deeden Partheyen kein Friedens⸗HHandlung wollte verfangen,

229 1436 47 61 m

286 1459 1327 70 acht der Papſt alles tentirte, hat er Conradum von Koͤniglicher

262 1505 1351 76 ſurde zu entſetzen ſich entſchloſſen: dahero durch den Cardinal Petrum

257 1555 1357 82 Hhurium dem Heinrico, HHertzogen in Brabandt, die Roͤmiſche Cron

233 1584 40 57 d

322 1613 1292 74 ret, der ſich demuͤthigiſt dedancket, und ſeiner Schweſter Sohn

297 1663 1316 71 delmen, Grafen in Holland vorgeſchlagen; der dann Anno 1228.

245 1687 43 56 N

312 1716 1299 72 em Rheiniſchen Ertz⸗ Biſchoffen mit Freuden angenommen, und

232 1723 95 82 mnns

343 1766 647 71 1250. zu Aach gecroͤnet worden.

347 1815 1267 72 Anno 1250. ſtarb Kayſer Friderich in Apulia. Sein Sohn

244 1855 1367 88 ons Cnrad, und Otto, Hertog in Bayrn uͤderzohen den Biſchoff

232 1906 1385 84 Atertum, und ſeinen Anhang, machten die gefangene Burger wieder

237 1934 96 81 Mia.

343 1963 1272 78 ruinirten Conradum von Hobenſels, als des Biſchoffs Gehei⸗

233 1981 28 60 e

276 1994 90 68 ten,

227 2030 77 68 nac

369 2019 1245 71 kamen hernach allhero gen Regenſpurg. Der Koͤnig namm

329 2069 1282 71 einer Gewohnheit das Quartier in unſerem Cloſter, und celeb-

230 2072 38 76 1

323 2118 1290 83 ur Weyhnacht⸗Feyertaͤg allda. Am Feſt der unſchurdigen Kin⸗

1528 2170 87 66 der,

23 1687 70 74 hol

41 1790 50 58 er

44 1883 51 64 nie
