1918 2545
297 237 79 62 72.

861 237 334 65 ì8 CO) Etg.

282 295 1419 64 maͤchtiget wuſten, hat Carolus den Krieg decretirt, der Pabſt darein

281 343 1413 65 conlentirt, den Thalhilonem und ſeinen gantzen Anhang encommuni-

280 393 1414 70 cirt. Thalhilo ſetzte ſich bey Augſpurg, als er aber ſahe daß Carolus

280 448 1415 61 mit z. Armeen ihme wolle zu nahe kommen, redete er denſelben gant

281 493 1406 71 wehrloß auf den Knien mit folgenden Worten an: Ich wird, O Koͤ⸗

277 548 1414 69 nig, mit meinem Schaden und Spott witzig, nachdeme ich dein Guͤte

278 598 1410 70 ſo offt genoſſen, ich bekenne mein Schulod, und laugne nit, daß ich

277 650 1411 65 ein Exemplariſche Straff verdient habe. Eins uͤberlieſſe mir das

275 698 1412 71 Gluck, dab ich glaube, ich habe meinem Elend zu dancken, daß wann

274 746 1413 69 ich als aͤuſſerſte Straff verdienter was wenigers ſotte leyden, dein

274 810 1406 62 Gnad und Guͤte ruͤhmen kuͤnte, ſo dir daher zu groͤſſerer Glori ge⸗

274 852 1410 69 reicht, indem du die wenigſte Urſach haſt zu verſchonen jenen, der

274 903 1406 62 von ſelbſten bekennt, daß er kein Gnad verdient habe Groffe

274 957 1409 65 Titl und Ehren haſt erworden, indeme du ſo maͤchtige Feind uͤber⸗

271 1008 1416 66 wunden, noch groͤſſere in deme, daß du dich ſelbſten uͤberwunden⸗

271 1056 1413 69 da du mich ſtraffen ſolteſt; daß du mir das Leben, die Frenheit,

271 1108 1403 71 das Hertzogthum geſchenckt, hab ich nit verdient. Waͤre ich ge

270 1159 1413 69 ſcheid geweſen, haͤtte ich mit meinen Dienſten mit deinen Gnaden

274 1208 1407 70 ſtreitten ſollen, und das geſchenckt Leben, Gut und Land wider ſchen⸗

274 1259 1407 68 cken. Aber O meines grofſen Elends. ſo tieff bin ich durch ſchlimme

272 1306 1412 72 Raͤth geſuncken, daß man auf meine Treu, Glauben und Dienſt nil

270 1357 1403 72 mehr hoffen kan. Nichts vortraͤglich iſt in mir, in dir aber ſo vil, dal

270 1409 1397 72 ich in meinen hoͤchſten Elend und Ungluͤck nit zweifle, dann du (GOT

271 1463 1347 71 nachfolgend) ſo glitig biſt, daß du im verzeihen nie ermuͤdeſt. Geſeh

271 1518 1395 62 dieſes an mir, ſo werden deine Victorien vermehrt, und die ganb

274 1566 1390 65 Nachwelt wird hinzuſetzen, daß du mir als unwuͤrdigen Menſchen ver

271 1614 1400 68 geden, und perdonirt habeſt. Erhalte ich dieſes, ſo wirſt du mig

271 1661 1245 78 tren, und zu deinen Dienſten Zeit Lebens bereit erfahren. (,

408 1710 1265 77 Carolus wurde erweicht, begehrt kein andere Straff, als das

270 1765 1401 70 er vom neuen huldigen, und 12. Perſohnen (darunter ſeinen Sohn,

270 1815 1400 73 zu Geiſel oder Burgen hergeben ſolle. Dieſe hat allhieſiger Biſchon

271 1867 1393 74 Symderrus geliffert. () Thatlilo kam Freuden voll gen Regenſpurs

270 1920 1287 66 die Voͤlcker Koͤmgs Caroli wurden aus Bayrn gefuͤhrt, und

1579 1908 49 62 ch

271 1970 508 66 lang gut Wetter zu ſeyn.

1579 1959 53 67 2

297 2125 524 56 c) Adelzreitter. ub. 7. num. 17.

299 2159 1231 77 g) Anales Laurerdwinenler Aut⸗ Eecurd. ron. L Fnnc. Orienr. vt. caꝛ,

1840 342 61 68 die

1844 393 47 72 ,

1845 453 57 56 ind

1841 497 68 68 weß

1844 542 65 70 deri

1840 593 72 72 Air

1840 654 70 62 gebr

1841 704 67 70 ter,

1840 1633 56 60 len

1847 1682 41 68 in
