1566 2270
608 108 35 49 ur

114 110 90 60 192

663 105 78 71 28

753 107 243 65 0) 22g-

97 152 1374 77 daß ſie dem Pfaltgraffen Friderich die Chur genommnen, und Hertog

92 211 1373 68 Marimiliano aus Bayrn verlihen, dahin beredt, daß er freudig dar⸗

92 258 1366 71 ein conſentirt, und zu gleichem Aſlens dem Churfuͤrſten von Bran

95 303 1339 77 denburg ein gut Erempel geben. Herentgegen truge der Koͤnig in

90 354 1361 73 gelland, als Schwaͤher des Eriderici Pfaltzgraffen ein ſolchen Wi

88 407 1366 70 derwillen, daß alle Hoffnung reſtitutionis in integrum ſeines Aident

85 454 1373 70 verſchwunden, daß er nit allein ein groſſe Armee zuſammen richtete⸗

84 503 1370 72 und ſolche dem von Wansfeld und Hertzog Chriſtian von Braun

88 551 1359 71 ſchweig zu regieren beſchloſſe, ſonder aller Orthen Beyfall und Hull

84 601 1364 69 ſuchte. Daß aber ſolche, nur menſchliche dilpolitiones geweſen, ba

85 649 1366 71 gleich der Succels gezeigt, indeme 1. der von Maneſeld von Fliffins

84 697 1331 71 in Holland nacher Engelland fahrend, ein Schiffbruch erlitten, 1

84 742 1334 72 ſchwerlich ſein Leben in einem kleinen Schifflein errettet. 2. Als.H

87 795 1325 62 tzog Chriſtian, die in Franckreich geworbene 2000. Mann von Ca

80 847 1306 62 nacher Engeland wolte uberbringen, iſt ein unerhoͤrter Sturmt

78 890 1312 70 entſtanden, der die meiſte Schiff zerriſſen, geſtuͤrtzt, und die da

80 939 1096 68 ſich befindende Soldaten ertrenckt....

1187 966 74 52 1.

213 995 1223 103 Ano ꝛcor. war Srdc⸗ Lelln in Niderſaͤcſiſchen Kraiß, u

80 1066 1362 75 gab diel Blutvergieſſens zwiſchen dem Koͤnig in Dennemarck, Hertol

78 1117 1326 84 Chriſtlan von Bruunſchweig, den von Mansfeld ꝛc. und der Kayl

74 1166 493 71 und Bayriſchen Armee.

206 1230 1233 75 Den 2. Xbr. wurde Ferdinandi I. Sohn, Ferdinandus HI. A

78 1285 840 64 Preßburg zum Ungariſchen Koͤuig gecroͤnt.

200 1369 1236 73 In dieſem 1626ſten Jahr iſt ein groſſe Theurung geweſen, und

69 1417 1335 71 hat der Kayſer Ferdinand das Land ob der Ennß mit Ernſt rete

65 1465 1372 73 mirt. Das wolre denen Uncatholiſchen daſelbſt nit gefallen, rotteret

1370 1501 71 67 der

69 1514 1301 67 ſich zuſammen, und rebelltrten mit allem Gewalt. Sie gaben

60 1561 1285 69 Bayriſchen Armee (die darumen ſich auda muſte brauchen laſſen,

1350 1548 88 66 weil

63 1610 1335 72 das Land dem Churfuͤrſt Marimiliano verſetzt war,) viel zu ſchaffe

59 1658 1377 70 diß man endlich nach unterſchiedlichem Gefecht, und viele ro00 oereit

59 1706 1204 70 rebelliſchen Baurn Niderlag, ſie zum Gehorſam gebracht,

1282 1694 154 72 oiel vorr

58 1750 1376 76 vornehmen, und geringen Stands⸗Perſohnen, die ſich nit wolten

60 1803 1360 72 retormiren laſſen, haben das Land quitirt, und ſich allhero gen Re

61 1847 1372 71 genſpurg begeben. Allda ſie ein groſſes Mitleyden gefunden, genug

60 1894 1367 101 Augrurt und Herders anch mit hieſioer Burger Schaden bekommen,

1352 1930 80 83 und
