1935 2499
889 244 401 71 2228 (6) 829.

373 249 102 63 328

368 291 1404 86 nung (wider das alte Hertommen) das Kayſerliche Amt verrich

369 359 100 57 tete.

504 395 1269 85 Ein Deck allhie, um Willen er das Brod zu klein gebacken,

369 452 1402 79 iſt zur Straff in das Waſſer geſchutzt worden, als er heraus kam,

370 506 1392 74 hat ihne ein Mit⸗Burger wieder hinein geſtoſſen, dieſes zu roͤchen.

369 562 1357 72 har der Beck dieſen Burger (als er das Hochheilige Gacrament,

375 609 1383 72 zu einen Krancken getragen wurde, begleitet) hinweg geriſſen, un

1722 653 42 66 d

372 659 1319 74 umgebracht, hernach ſich in die Biſchoͤſliche Reſident reririret

373 710 1389 74 Freyung zu genieſſen, die Burgerſchafft hat ihne, als der Freyun

375 759 1371 75 Unfaͤhigen, mit Gewalt heraus gezogen Biſchoff Nicolaus emſan

369 810 1381 75 den Eingriff ſo hoch, daß er nicht mehr alhie verbleiben wollt, ſondi

368 859 1378 76 begab ſich in das Cloſter Ober⸗Altaich; alwo er nach 2)⸗ jaͤhris

368 906 1265 79 Regierung ſein Leben beſchloſſen, und den Leib auda verlaſſen.

536 962 1187 76 ch liſe, daß Anno 1215. eine groſſe Theurung ſon gewe

372 1009 1115 76 ſeyn, und ein groſſe Peſtilentz durch gantz Germaaien.

504 1060 1249 81 Anno 1517. verkauffte ein reicher Burger allhie, der Auer g.

361 1113 1298 75 nannt, HHertzog Rudolphen den Obern⸗ Voͤrth in der Donan.

504 1162 1228 84 Anno 1218. conhrmiret der Roͤmiſche Koͤnig Ludwig dem S

376 1213 1029 76 tal, zum Fuß der ſteinern Brucken, die Muͤhl.

498 1267 1196 81 Anno 1320. auf einem Land⸗ Tag allhie richtete Kayſer

361 1316 1335 79 wig einen Vertrag zwiſchen Ottone, und Hainrichen, beeden ju

363 1364 1324 82 Hertzogen des unteren Bayr⸗Lands eines Theils; dann denen

366 1413 1028 80 ſchoͤffen und Edlen Landſaͤſſen wegen der Steur.

500 1470 1205 79 In dieſem Jahr fiele Fridericus mit ſeinem Bruder Leopoldo,

1689 1518 55 53 an

356 1516 1287 86 Oeſterreich in Bayrn. Jener hielt mit ſeiner Armee an dem

359 1566 1275 86 dieſer mit 800. Soldaten kam an den Lech. Koͤnig Ludwig

1694 1617 36 50 gi

355 1613 1299 91 bald viel Volck, das verlieſſe ihn aber in der groͤßten Gefahr

1687 1656 43 73 aͤl

355 1667 1288 83 derdahr da er durch Verraͤtherey, ſo gar in der Kirchen, unte

359 1714 1307 88 rendem GOttes⸗ Dienſt ſolle aufgerieben werden. Muͤßte deror

359 1768 1289 85 ſich auch retiriren, und dem Feind das Land zu derauben, und,

1690 1802 54 65 de

355 1821 1268 82 drennen frey geben, wie dann Eridericus diſſeits der Donau ſt

1691 1849 55 122 2

355 1870 1273 81 hauſete. Ats er nun auch uͤber die Donan wolte, und hieſige

354 1917 1279 89 ihm den Paß derſagte, raͤchere er ſich an denen Regenſpur

355 1965 1170 89 Kauff⸗Leuthen zu Wienn, und pluͤnderte ihre Gewoͤlber.

494 2020 1229 83 Anno 1521. richtete ſich zwar Koͤnig Ludwig, mit Friderico a

352 2065 1341 84 Oeſterreich, und Leopoͤldo ſerner Bruder, um dis Roͤmiſche Croi

355 2118 1324 93 ſchlagen, daͤrfftre aber drnenigen, noch der Gelegenheir dismahl,

1618 2178 40 62 tr

1871 295 58 54 tra

1872 334 53 63 der

1871 381 57 66 hie

1878 434 38 63 G

1872 483 51 64 ba

1871 534 52 71 ſte

1872 640 54 61 ga

1876 690 42 55 we

1873 737 38 59 te

1876 788 28 54 de

1872 831 39 70 ſe

1873 885 43 61 te.

1872 930 51 73 ſeir

1875 992 43 56 rur

1872 1094 46 59 au

1871 1134 45 64 ne

1879 1185 26 61 v

1876 1232 42 66 der

1872 1328 44 72 io,

1875 1389 41 56 let

1876 1478 20 61 1

1873 1531 41 62 ſor

1866 1579 43 70 ge

1869 1920 45 68 o.

1871 2100 32 44 1.
