1923 2446
51 244 93 68 Clo⸗

89 294 50 59 ein

31 353 108 61 gantz

29 399 98 64 n Ge

57 441 77 68 ruck

53 595 74 66 net,

63 688 62 70 mit

58 741 64 66 das

33 900 77 60 wur

61 936 57 77 hat

28 994 80 67 dmt

31 1058 27 60 e

72 1093 42 57 gi

33 1138 79 76 and

23 1189 88 76 gleid

14 1248 68 66 ꝛaſj

16 1292 87 66 Anni

54 1380 58 71 ein

54 1437 54 63 die

28 1482 78 78 rtet

32 1543 60 60 ont

54 1584 46 62 die

43 1627 60 70 or

21 1778 82 70 rau,

729 190 396 79 ags (0) 29;.

229 236 1389 118 fnen, und daraur den 7. SCeptember der erſte Stein gelegr norden⸗

1541 213 77 56 397

236 298 633 94 o folgende Schrifft haben thut.

712 430 390 86 O VTTS

254 616 1363 72 egnante Leone X. Papa. & Carolo Auguſto, Archiduce. Romani Im-

343 565 1272 76 Quisquis es, noli me tangere, quod cernis Sacrum eſt, nam

239 665 1376 79 eril Rege electo, cujus vices Ludoricus Palatinus Rheni gellit in

235 716 1382 74 Fermania, Iluſtriflimo Principe ſoanne Palarino Rheni Bavariæ Du-

308 766 1307 75 Ratisbon. Adminiſtratore, ac Venerando Sacerdorum Cœtu pre-

254 818 1364 77 aic per manus Reverendi Patris ac Domini Krafft Hieropolenlis

258 868 1359 75 nilcopi, hoc in loco, quo ante hac, blaſphema, ulurans ac Cruen-

281 917 1337 79 udzi kcis Synagoga erat, Abomas Furr, eques Aurarus, Fimon

239 963 1375 80 edwabel Camerarius, Caſpar Aman, Senatus, populusque Ratisdon.

232 1015 1386 82 Primum hune lapidem pro ade Maria Pulebre poni curaverunt An-

288 1065 733 84 Domini 1519. 2. Menſis Septemdr.

235 1168 85 69 dar,

341 1133 1272 81 Der Adminiſtrator ſoannes, gleichwie er ſo eyfferig und begierig

330 1190 1285 76 daß der Juden Svnagog eingeriſſen wurde, daß er in eigener

241 1233 1374 85 perſohn, wie auch ſeine Domb⸗ und Hof⸗Herren HHand angelegt,

255 1286 1363 79 o hat er auch zu dieſem Bau erſprießliche HHuͤlff gethan. (1) In dem

801 1345 188 66 Dd d 2

1406 1348 209 53 Emmera-

251 1479 1366 71 (H) Von Rusſchaffung deren Cuden ans Regenſourg hat geſchrieben unſer V. Chriſtophorus FTos.

279 1526 1339 63 nann, ſo damahls i Clotter S. Emmerami geledt. Dieſe ſeine Hiſtoriam hat Burchara

285 1561 1329 64 Corrheiff Srruvius in Actis Lirterariis Tom. II. Faſciculo L. in Drack gegeden. Auwo

281 1596 1333 68 auch dir Hiſorir von Erdauung der Earellen der Echurn manaͤ, welche gleich darauf erſolget;

284 1638 1327 63 eſchruben iſt. Item wꝛrd noch dey S. Emmeram i der Abbtey emn duerinee Duch in qurrcs

282 1680 1333 63 Hruct aukdebatten, n welchem mit teurſchen Nuimen due Hiſtone, von Ausſchaffung der

284 1723 1329 61 Juden, und Erbanung der Capellen zur Schoͤnen Maria allhier erzchler wnd-

285 1761 1330 61 Nedn emem Duͤchtem von denen avundern, ſo tey der Cchoͤnen Maria gechehen.. Das

286 1799 1328 72 duh in gedruar unter Neſen Tnar TDie die new Capell zu der Schoͤnen

284 1844 1331 81 Maria in Regenſpurg erſtlich aufkommen iſt, nach Chriſti

284 1894 1330 80 Geburr M cc&cC XTX. Jahr. es folgen hemach du Wunder ſo ala zelchr⸗

286 1941 1328 79 ven, mn direm Tun. In dyſem Buchlein ſeind degriffen die Wunderbahruchen

292 1993 1318 68 gaychen, beſchehen zn Regenſpurg zu der Cchuͤnen Maria der Mutter Gontes.

294 2038 1316 62 aon Nirſen iſt mehrmahlen em Duͤchlein Anno 1522. ans Anordnrng des Magiſtrars zu Rigen⸗

290 2068 1320 74 purg georuckt worden, von denn andern Wunderzeichen, le himnach geichehen. Dieſts Duͤch-

285 2096 663 93 ſn wud ansg nesnt den vongen wed aſarhzeiten.
