1991 2551
733 236 11 46 .

792 226 335 73 3 (00 729-

207 282 1425 82 zeweſen waͤre; maſſen, wie wir vernommen, ſolches nur herrlicher als zuvor

207 330 174 63 geſchehen.

324 371 1302 65 Die Hertzogen aus Fanrn (wie Arnoldus 1ib. 1. de miracmi⸗ S. Em-

205 415 1424 66 merami cap. V. (g) ſchreibt,) welche vor Carolo Magno unter denen Fraͤn⸗

207 460 1418 71 ckiſchen Koͤnigen in Bayrn regierten, hatten viele Guͤter dem heiligen Emmeramo

202 510 1424 61 geſchencket. Duces vero, qui ante hunc Principem ( Carolum) ſub regi-

204 545 1421 71 bus Francorum Baioariœ regebant Ducatum, quæ bona Beato Emmeramo

202 589 1421 70 contulerint, vitacia eorum, & teſtamen ta penes nos ſatis indicant inven-

201 632 1424 69 ta. Wann nun diſe Hertzogen viele Guͤteridem heiligen Enmeramo, ſchon vor ca-

199 681 1427 68 roli Zeiten geſchencket haben, ſo ſolget ja, daß diſer Ort mit Geiſtlichen Dienern,

199 717 1427 78 welche GOrt in Emmeramo lobten, vorhin muͤſſe beſetzet geweſen ſeyn. Und diſe

199 765 1420 66 waren die Maͤnch; dann, wann Tbeodo, dery Anfaͤnger und Stiffter diſes Orts,

198 809 1424 66 und die nachfolgende Hertogen ſolche Guͤter und Schanckungen nicht zu Unterhalruna

199 848 1426 74 deren Moͤnchen, ſondern andern Geiſtlichen, dem heiligen Emmeramo gewidmet

198 890 1427 70 haͤtten, ſo findete man keinen Stiffter, welcher die Benedictiner. Moͤnch an diſen

197 935 1429 74 Ort eingeſetzt haͤtten; maſſen nirgends zu finden, oder zu leſen, daß diſe Moͤnch

197 979 1426 75 don denen Regenſpurgeriſchen Biſchoͤffen, oder von Carolo Aagno eingeſetzer wor⸗

195 1021 1431 78 den. Oder, wann auch Simpertus Biſchotf, das Cloſter S. Emmerami ange-

194 1062 1431 74 ſangen, und die Moͤnch emngeſetzer haͤtte, wie ſolte CAROLUS MAGNUS di⸗

194 1105 1428 78 les Cloſter ADALVVINO, welcher ſogleich anf Sympertun in Biſtum ſolgre, und

198 1146 1424 79 ſeinen Nachfolgeren ( denen Biſchoͤffen) mir Vorwißſen und Auctoritaͤt LEON1S

197 1196 1418 79 ILabgenommen haben? maſſen dieMlonaſteriaEpilcopalia(BiſchoͤflicheCloͤſter,)

195 1244 1430 78 welche von denen Biſchoͤffen geſtifſtet worden, keinesweras denenſelden haͤrten koͤnnen

194 1291 1428 73 adgenommen werden. Es waren in diſen VII. und VIII. Seeculis verſchiedene

192 1330 1427 78 Cloͤſter, ainige wurden genennet MONASTERIA REGALIA, die andere EPI-

192 1370 1430 79 SCOPALIA, weilen ſene von Koͤnigen⸗Hertzog⸗ und Fuͤrſten, diſe aber von denen

192 1412 1428 83 Biſchoͤnfen geſtifftet worden. Die Monaſteria Epiſcopalia wurden keinesweegs denen

191 1455 1429 79 Biſchoͤffen denommen, ader die Biſchoͤnf, welche zu diſen Zeiten in Teurtſchland ein⸗

191 1496 1432 81 gezetzt worden, nammen gar oſt ihren Wohn⸗Sitz in denen vorhin ſchon deſtellten

197 1543 1423 78 Logern; theils weil ſie ſeldſten Moͤnch waren, theils weil die Unterhalrung vor die⸗

195 1581 1430 84 zide leichrer aus ſolchen Enfftungen hat koͤnnen genommen werden. Von diſen

195 1629 1428 77 handlet mt mehrercn, an verſchiedenen Orthen TLomaſlinus, de veteri & no-

199 1670 1424 83 ra Dilciplina. Irem Mabillon. in prœfationibus ad Acta SS. Ord. S Bened.

307 1723 1313 79 Zu mehrer Erklaͤrung diſer Sachen, iſt nothwendig, dat die Vorr Unſers

195 1760 1427 82 Arnoldi aus den zweyten Buch von den Miracklen S. Emmerami (vder eX Dia-

194 1802 1426 85 iogo) (h) allhero geſetzet werden. Arnoluus rrdet alſo: (Fuit qnippe prilca

192 1846 1430 82 conſuerudo in Raurbonenli Ecclelia, ur qui Antiſtitcs, iidem eſtent &

190 1889 1429 90 Aodares, quorum nomina gnidam ob temporalia commoda tenebant, non

848 1950 69 59 5 2

1525 1964 95 58 oft-

219 2086 507 66 tO) Lamnage tom. II. paz. 109.

214 2131 503 86 OR) Lnnos  o. Ht. r- 122.
