1940 2440
366 173 94 49 282

917 173 332 69 28 (0) EM-

1801 207 77 60 den.

359 218 1387 78 zwar mit dem lnſtrumento Electionis um die Conſirmation gen Rom,

1803 254 127 76 zab un

355 273 1373 76 dieweilen aber im Concilio zu Trient neue Decrera uber die Biſchoͤfe

356 321 1377 80 che Electiones ergangen, iſt von Pio IV. dem Ertz⸗Biſchoff zu Gall

1803 352 127 76 hant u

355 376 1307 75 burg Commiſtion geben worden, dieſe Election zu eraminiren;

1681 376 58 67 hai

1804 401 104 77 ormir

359 424 1338 77 ſich alſo die Contirmation lang verwerlet, und erſt Anno 1562. ſe

1812 452 71 78 aini⸗

353 474 1361 76 mit der Conlecration, den z. November empfangen. Er war aul

1811 501 69 71 Dor

355 524 1355 80 Anno 1565. in dem Synodo zu Saltzburg, in welchem aus erhebluch

1808 550 49 65 as

352 577 1324 75 Urſachen mit Bewilligung des Pabſts denen Layen die Commu

351 626 1340 76 unter beeden Geſtalten, nach vorgehender Beicht bey einem Carb

1807 652 108 77 en, ſe

349 677 1273 75 ſchen Prieſter, zugelaſſen worden. Welches Indulrum Biſchoß

1809 703 106 73 der n

348 730 1318 73 auch in ſeinem Biſtum practiciren laſſen. Da aber der unruhige,

1807 750 100 79 oͤrten

348 780 1316 68 allein der Neuerung begierige Poͤvel hiemit noch nicht befriediget,

1812 807 43 59 n

347 821 1339 83 bald dis, bald jenes, an dem alten allein ſeeligmachenden Glai

349 878 1319 76 abzuthun, oder zu laugnen begehret; hat man ſolche unter zwey

1674 875 21 65 6

1824 910 59 63 ter

349 929 1295 74 ſtalten verwilligte Communion denen Layen wieder genommen,

1808 948 61 78 doc

347 977 1335 76 zu Erha tung der rechten Emigkeit den vorigen alten Gebrauch wis

1808 1009 106 79 mnalle

342 1027 1341 76 eingefuͤhret, die ſich nicht bequemen wollten, mußten das Land raun

1805 1050 52 66 ur

348 1074 1334 79 Von ſolchen HHartnaͤckigen wurde hieſige Stadt dermaſſen angefuͤl

1824 1106 71 70 hie

345 1126 997 73 daß man nicht bald Haͤuſer genug haden moͤchte.

1801 1149 117 79 Drbel.

482 1175 1188 77 Anno 1566. hat obbenannter Biſchoff Vitus dem Reichs⸗

1807 1207 99 67 er zu

351 1226 1321 75 zu Augſpura bengewohnt. Nach ſeiner Heimkunfft hat er ſich auf⸗

1809 1252 113 73 le die

347 1278 1313 74 Schloß WDoͤrrh begeben, allda den Sommer hindurch das ſpring

347 1329 1321 72 Waſſer uber den hohen und guͤhen Berg hinauf in jetzt gedat

1794 1351 79 75 unſ

342 1379 1306 75 Woͤrth⸗ Schlot, nit ohne geringen Unkoſten, doch ſehr nutzlia

1807 1404 47 66 n

344 1427 1293 74 nothwendig, faͤhren laſſen, im Winter hernach hat ihn ein?

1800 1450 116 80 witre

1687 1468 36 96 ,

342 1477 1313 72 uberfallen, welches zu Anfang des folgenden 15syſten Jahrs det

1807 1499 111 77 ie abe

345 1526 1296 80 Januar. ihme das Leben benommen. Iſt allihie im Thumb naͤch

1804 1550 104 76 lichen

338 1575 693 70 nem Vorfahrer begraben worden.

1811 1598 59 62 nu-

1675 1606 37 74 n

477 1629 1167 74 Anno 1567. den 10. April, fieng allhie ein Reichs⸗Ta

1799 1645 111 77 purg,

1663 1659 57 63 hal

338 1678 1286 73 Allweilen nun Kayſer Maximiltanus I. in Ungarn zu thun haͤrte

1801 1702 109 65 ndere

1641 1706 82 75 ren.

336 1726 1248 78 er Hertzog Albrechten aus Bayrn ſein Stell zu vertretten.

1804 1750 130 70 atſtane

1632 1762 78 68 mer

344 1781 1254 76 Dieſer Reichs⸗Tag betraff die Einbringung der Beyhuͤlff oder-

1809 1802 103 71 ?s ob

1660 1812 40 57 e

337 1828 1243 81 Monath, ſo die Staͤnd vor einem Jahr zu Augſpurg, verwil

1808 1848 121 74 chen a

1610 1861 79 70 rac

337 1878 1250 79 den. Es ſchickte zwar der Kayſer immittelſt zu Selimo Frid ;i

1796 1897 96 68 er R

340 1928 1364 76 ren, weil aber unterdeſſen kemn Anrwort kam, haden die Sraͤnd da

1796 1942 62 72 en

336 1980 1273 77 ihrige gethan, und ſeynd den 12. May von hier wider dimitrir

1801 1994 94 70 muno

1653 2007 60 99 e
