1554 2270
642 95 412 73 w&28 (O))Eog-

1443 105 85 52 & 1,

157 143 1376 77 nach abgelegter Valedidion, den 15. May () von demzuͤbereylenden

157 201 1342 71 Tod durch einen Carharum Sufſpeativum nicht nacher Regenlpur⸗

156 248 1071 76 ſonder zu der Ewigkeit zu reiſen deordert worden. (,

681 363 333 83 Incidentia.

161 460 1363 98 ANao ie⸗. iſt anſſie conmendent worden Her Hanns Hoineic

155 539 1367 66 LA von Reinach, ſo Anno 1625. den 2. Auguſti todts verblichen,

147 588 1134 67 und bey denen PL. Dominicanis allhier beygeſetzt worden.

272 633 1256 70 Dieſes 1639. Jahr hat der Hertzog Bernhard von Weinmar

143 686 1380 66 vor ſeinen Tod, der den 12. Fulii uͤber ihne kommen, ziemliche Pro-

150 735 1377 69 zrels gethan, nicht minder hernach ſeine Voͤlcker, die ſich totaliter an

146 786 1380 66 Ne Frantzoſen ergeben.So hat man auch zu chun gehabt, das man

145 831 644 69 Drag vor dem Banier erhalten.

273 872 1254 73 Den 29. October hat der Fuͤrſt von Eggenberg, allhie ſein

141 919 1383 76 Furſtllche Braut Marggraf Chriſtians von Brandenburg Gnaͤdige

143 969 1378 75 Fraͤule Tochter, mit ſchoͤnen Comitat eingehollet, und andern Tags

143 1018 1379 76 don hieſigen Biſchoff Aiderto in der Domb⸗Probſtey ſich copuliren

142 1071 1377 72 laſſen. Iſt alles mit groſſer Solennitaͤt, koſtbaren Kleydungen, und

145 1123 857 67 Tractation freudig und wohl abgangen. (e)

256 1161 1261 72 Anno 1620. bemuͤhete ſich der Pabſt Urbanus der VTIL. eyfferig

138 1209 1379 74 den Frieden im Roͤmiſchen Reich zu befoͤrderen Der Kayſer ſparet

138 1254 1379 75 tein Fleiß jene auch zu gewinnen, die den Prageriſchen Frieden nicht

138 1302 1375 80 unterſchrieben. Beweglich ſchrieben die Churfuͤrſtliche Legati, die zu

138 1353 1376 79 Nuͤrnberg deyſammen waren, der verwittibten Land⸗Graͤſin von Heſ⸗

137 1403 1374 78 ſen zu, und ermahneten guthertzig, deren Hertzogen von Braunſchweis

142 1452 1366 81 und Lhneburg, anweſende Legaten, ihre Principaln zum Frieden zu

142 1495 1367 96 vermoͤgen. Deede Cheil machten viel Erceptiones, und gaben ſchlech⸗

765 1557 136 69 Ett 2

1437 1549 74 74 ten

180 1716 233 54 0) Anno 1655.

171 1735 1335 82 (a) Ferdinandus Maria Hertog m Vayrn, beſtaͤttiget dem Cloſtar S. Emmerami das Prtvile-

200 1774 1303 81 giumn, daß ſelbes bey auen incorporirten Pfarren die Kirchen⸗Rechnung allein aufzunemmen ha⸗

200 1837 242 49 be. Anno 1652.

171 1856 1330 77 a) Anno ꝛ629. den 9. Junil, wurde cetohren Leopolaus, lgnrus, Franeiczur, Balrhalar,

201 1895 1297 100 ſolZurn Eehnno Es di is ſtt w Brtr Annr, Lnaibwel Et dnne b ezat

204 1954 255 70 Lochters. Hodn.
