2007 2562
372 246 80 64 21

909 227 127 70 2868

1066 227 199 66 10) 8c.

374 278 1430 82 der Lahmen; ein Froͤſter der Armen; ein Vatter der Wayſen; ein

375 327 1428 80 Beſchirmer der Witrfrauen; ein Erquickung der Seufftzenden; und

374 378 1426 84 ein ſolcher Eyfferer der Ehr GOttes, und des Naͤchſten Heyls, daß

375 428 1425 80 er durch alle Stadt, und Doͤrffer in Franckreich, (d) durch alle Gaͤſ⸗

378 478 1428 89 ſen, und Haͤuſer der Glaubigen herum geloffen, und geprediget; er

377 530 1427 79 eroͤffnete den Verſtaͤndigen die Geheimnuſſen, und truge den Einfaͤl⸗

377 582 1429 84 tigen die Milch der Goͤttlichen Lehr fuͤr; dahero maͤnniglich ihn liebte;

378 633 1435 85 edl, und unedl, reich, und arm kamen zu ihm, damit ein jeder ſein

377 680 1433 88 Norhdurfft von ihm empfienge; erliche um Froſt ihrer Seelen, andere

377 733 1430 82 auch des Leibs, denen er theils mit Kleyder, theils mit Gpeis, etli⸗

377 784 1426 88 chen auch mit Geld, und Kleinodien, wie ſie es bedurfftig geweſt,

380 845 596 80 gantz liebreich beygeſprungen.

520 879 1291 81 Es ware aber diſen Apoſtoliſchen Mann nicht genug mit Sorg

382 937 1429 83 und Fleiß, Muͤhe und Arbeit, Betten und Wachen, Ermahnen und

385 987 1425 86 Predigen die HHeerde Chriſti in ſeinem Varterland zu vermehren, und

382 1039 1428 82 die irꝛgehende Schaͤflein dem Leufel aus ſeinem Rachen zu reiſſen;

385 1088 1428 90 ſondern als er vernahm, wie daß in etlichen Landen Europe als in

381 1138 1430 90 Deſterreich, Ungarn, und der Endten (e) das Volck gantz und gar

382 1191 1427 87 blind, und von dem Liecht der Wahrheit, welches Chriſtus iſt, ſich

381 1241 1430 85 abgewendet, und denen teufliſchen Goͤtzen diente, ware der Mann

384 1292 1425 88 GOttes ſehr darob bekuͤmmert, und gedachte bey ihm ſelbſt, wie er di⸗

384 1343 1426 87 Em Volck moͤchte zuziehen, und Chriſtum daſelbſt predigen; dahero

384 1394 1426 83 verließ er ſeyn Vatterland, Biſtum, und groſſes Gut, ſeine edle El⸗

387 1444 1424 86 tern, und Befreundten, ſetzte einen anderen Biſchof in die obgemeld⸗

385 1497 1428 80 te Stadt Poictris, und iſt aleich als Abraham der Patriarch von ſei⸗

385 1551 1429 77 nem Land und Freundſchafft ausgezogen; er namm etliche Geſehrten

385 1599 1425 84 nach ſeinem Gutdeduncken mit ſich, ſchiffte uͤber den Fluß Loyre, und

385 1649 1422 78 was Orten er durch Franckreich gezogen, pflantzte er den Glauben aut

387 1702 1424 87 dem Weeg, bis er die Graͤntzen von Teutſchland, und folgends gar

387 1753 1422 87 den Rhein⸗Strom erreichet. (I) Weilen er aber der Sprach deſſel⸗

388 1806 1423 82 ben Vols nicht erfahren, hat er durch Vitalem, einen Prieſter, als

390 1856 1421 78 Dolmetſcher, mit groſſen Nutzen der Zuhoͤrer, gleichwie ein zeitlicher

391 1911 1419 80 Platz⸗Regen, der zu Fruͤhlings⸗ Zeiten die duͤrren Felder begietzt, von

380 1961 1426 88 dem die Wurtzel der Frucht, und alle Kraͤuter erfriſcht werden, alſo

1720 2009 87 67 daß

419 2109 319 50 (a) Pag. 9F. cap. 1.

472 2143 93 51 Loid.

421 2174 324 77 1) Par 25. cꝛr. s.
