1571 2270
611 109 47 58 ar

675 105 49 72 95

794 108 205 66 9) EsB--

1401 110 86 55 729

118 153 1369 71 z Befoͤrderung der Cloͤſterliehen Diſciplin anzuſtellen, alſo iſt das

117 205 1366 64 ſchon lang vor Ende des XVL. Sœculi, (wie die Original-Acta geben,)

116 254 1367 63 angefangene, aber durch den langen Krieg verhinderte Werck, einer

113 302 1370 67 neu zu errichtenden Bayriſchen Benedictiner Congregation, widerum

112 350 1369 66 hervor gebracht, und alſo befoͤrdert worden, daß Innocentius AI.

113 397 1370 62 beat. Memor. ein ſolche Benedictiner Congregation in denen Landen

112 442 1370 66 Sr. Churfurſtlichen Durchlaucht in Bayrn angeordnet, und Anno

108 493 1373 64 1682. beſtaͤttiget. Bey welcher Errichtung Abbt Cœleſtin von SGei⸗

105 541 1375 64 ten deren Aebbten das meiſte gearbeitet, nit aus Begierd, eine Exem-

105 596 1373 58 Ption zu erlangenì (dann das Cloſter S. Emmerami ſchon lang zuvor

103 641 1373 55 Exempt geweſen,) ſondern zu Befoͤrderung Cloͤſterlichen Diſciplin.

102 687 1374 68 Wie er dann auch dieſer neuen Bayriſchen Benedictiner Congregation

99 735 914 68 als erſter Lrœſes Generalis lang vorgeſtanden.

248 784 1228 62 Er hat auch aus Eyffer vor die Cloͤſterliche Zucht, und Glori de⸗

99 833 1373 62 ren heiligen DOrden deſonders ſich beflifſen, daß einige Cloͤſter, ſo durch

98 878 1374 62 Krieg, und Irrthums⸗ Unheyl oͤd und verlaſſen worden, in andere

99 926 1371 67 HHand gekommen, widerumen jedem heiligen Orden eingeraumet wur⸗

98 976 1370 64 den, welches geſchehen iſt Anno 1669. Wie und auf wus Weiſe

98 1022 1369 67 ſolches geſchehen, kan ich er Originalibus mittls Goͤtrlicher Gnade, in

95 1074 1371 64 den folgenden Theil, Ratisbona Monaſtica, villeicht umſtaͤndlich meh⸗

93 1122 1370 65 rers erzehlen. Indeffen iſt nur kurtz zu melden, welche Cloͤſter wi⸗

92 1174 514 65 derumen erhalten worden.

224 1214 1239 63 Abbt Cœleſtinus, deme die andere die HHaupt⸗Sorg, um das

93 1263 1369 61 Werck auszufuͤhren, ubergaben, arbeitete vor die Reſtituirung des Clo⸗

89 1307 620 72 ſters Reichenbach am Regen.

224 1355 1235 71 Vor Reſtituirung deren Cloͤſter Ensdorſk, und Weiſlenos be⸗

88 1404 696 75 mlhete ſich das Cloſter Pruͤffening.

220 1459 1231 69 Vor Waldſachſen, und Seeligportt (ein Zungfrau Cloſter,

90 1505 754 72 nahme ſich an das Cloſter Fuͤrſtenveld.

224 1556 835 73 Vor Walderbach das Cloſter Allerspach.

223 1609 796 65 Vor Schoͤnthall die Herren Auguſtiner.

222 1655 853 67 Vor Speinshart, das Cloſter Steingaden.

222 1698 1227 73 Vor das Fungfranen Cloſter Gnadenberg arbeiteten die Geiſt⸗

87 1747 747 74 liche Ord. S. Brigitræ in Alt⸗Muͤnſter.

213 1797 1233 71 Die Manns⸗Cloͤſter wurden jedem heiligen Orden widerum zu⸗

90 1847 1352 74 fuckgegeden. An ſtatt deren Cloͤſtern zu Seeligporrten und Snaden⸗

97 1895 1341 82 erg. iſ das Cboſter der geiſtitchen Zungfrauen Ord Vibuzvon⸗

805 1953 152 66 9)y 2

1264 1943 175 65 B. V.M.
