1991 2551
760 279 333 80 2 (0) Ebs-

553 389 736 124 APUTXVII

255 521 1324 118 Von dem ſeeligen Gunthario zehenden

509 617 666 104 Biſchoff zu Regenſpurg.

340 734 1275 80 Ls der groſſe Orto in wichtigen Reichs⸗Geſchaͤfften ſich allhie zu

221 787 1388 84 Ut Regenſpurg befunde, diſer Stadt aber dazumnal an einen Biſchotf

347 841 1262 78 manglete; hat einsmahls zu Nacht bemelten Kayſer bedunckt,

243 887 1370 78 hoͤre ein Stimm, er ſolle ſich befleiſſen der Heerd Chriſti wider ei⸗

214 926 39 66 ie

283 939 1332 71 Hirten, und zwar ſelben aus St. Emmerami Cloſter zu verordnen;

218 989 1391 79 erzenige aber ſo ihme am erſten begegnen wurde, ſey wuͤrdig darzu,

209 1037 1406 84 dann er ſchon in einer rauchen Kutten ſtecke. Orro fuͤhret ihms zu Ge⸗

205 1089 1410 77 nuth, und gienge bey Anbrechung des Tags mit wenig Dienern umb

218 1140 1398 83 nbekannt zu ſeyn in das Cloſter. Wie Gunrharii Ambt ware, die

205 1190 1410 81 Dorten oder Thor zu bewahren, und zu oͤffnen, alſo hat er auch ſeinen

239 1241 1376 78 nenſt dazumahl verrichtet, nachdem der Kayſer angeklopfft. Orto

216 1288 1397 79 rſahe Guntharium gar wohl, weil aber die Kleidung und Anſehen

201 1337 1412 91 zar einfaͤltig und ſchlecht war, hat er auf ander Weeg der Sachen

219 1391 1393 84 aichforſchen wollen, fragt alſo: Mein Bruder, was Lohn wurde Fener

204 1441 1406 83 on dir bekommen, der dich, als ein Biſchoff zu Regenſpurg gruͤſſete?

204 1485 1401 85 onntharius zoge ſeine Schuch ab, und ſprach: Der mir den Kopft

205 1532 1401 90 nit der Infel bedecket, dem wid ich mit dem Schuch den Fuß bede⸗

226 1574 39 68 er

333 1585 1276 94 Aorab Orto die Weiheit und Verachtung ſolcher hochen

211 1634 1397 97 Huͤrden Guntharii ermeſſen, und weil ibne die naͤchtliche gehabte Ein⸗

209 1693 1396 91 ſldung darzu geſtaͤrckt, hat er mehr erſagten Guntharium zum Bi⸗

207 1729 326 99 hoſft gemacht. C

577 1751 39 75 )

665 1761 941 72 C.U Oiſe Ehr, gleichwie ers Anno ga2. in

957 1811 27 63 i

1477 1822 132 55 einen

225 1931 1377 106 Acrudr Aech u er duuaren z veaare Ten. ML E. ꝛez. fegruzt etas

251 1988 972 79 con Cunrdario, als das derielde Diſchoff z Negenſpurg geweſen Lye.

262 2020 1341 102 ) duumnrrs nd. 2. Arnaa Sero zpra EeMerdͤun Ton. L. v. 180. Serigorun Medis

263 2064 502 78 vi. Raderus Tom. 1. vag. 100.

290 2108 1315 92 Ana Soo enr. Loc. Rhnt ſoichel euf dasocn. Jetr. Es ſren adge Ceenenten

252 2161 1353 72 zach den Tod Hengrind Drchoffers z Aegenlpurg, welcher Annoya1. oder 1e2. geſtorden,-

251 2193 1344 102 Kr. btel N vdn Tndd Ei d d v Hyn Dnine dddr ton dn?

255 2216 180 75 durddoriumn

1558 299 54 66 17
