1978 2545
353 192 70 48 S2

841 200 40 55 ar.

905 197 47 67 12

1021 197 222 71 0) Leg-

350 241 1422 99 abgehaut, und mit Engliſchen Gleit im umſcheinenden Himmliſchen

345 302 1422 82 Liecht mit hangenden Armben truge ers auf die zwo Meil weit an je⸗

348 354 1417 87 nes Orth, wo er wollte begraben werden: wie dann an ſolchen Orth

345 400 1416 92 hernach ein anſehnliche Kirchen, und Benedictiner⸗Cloſter zu Ehren

345 448 1412 99 GOttes, und des heiligen Dionylii erbauet worden, und auf heuti⸗

346 500 985 89 gen Tag noch zu ſehen, auch in groſſen Flor iſt.

751 681 608 120 CAPUTIN.

331 808 1416 133 Von der Entfuͤhrung des Heil. Dionylii,

547 906 982 109 und Uberbringung nach Regenſpurg.

488 1019 1255 88 As Geſtalt der gottſeelige und ſiegreiche Kayſer Arnolphus zu

325 1121 1416 86 De den werden. Allhier iſt zu mercken, daß nachdeme Anns

505 1074 1235 86 der Roͤmiſchen Cron gelangt, ſolle an ſeinem Orth geſchri⸗

325 1174 1415 84 888. Aufruhr in Franckreich entſtunde, hat erſt⸗benennter Kayſer

321 1224 1417 79 Arnolph ſolche geſtillet, und kuͤnfftig dergleichen zu verhuͤtten, Odoni

321 1273 1415 81 das Reich zu herꝛſchen anbefohlen. (Aventinus vocar Orronem pro-

315 1323 1419 82 curatorem, Franciæ orientalis filium Roberti.) Es kam aber Odo

314 1374 1422 79 bey den Frantzoſen mittler Zeit in Ungunſt, und wurde von denenſelben

315 1428 1419 84 Carolus ein Gohn des Koͤnigs Ludorici Balbi und Adelhaidis zum

314 1476 1416 84 Koͤnig erwaͤhlt, dahero zwiſchen Carolo und Odone Anno 892. auch

309 1528 1418 73 Laͤrmer worden. Arnolphus wollte Fried machen, und kame aber⸗

309 1575 1419 82 mahl mit groſſer Kriegs⸗ Macht in Franckreich Als er nun nahe bey

315 1623 1412 87 Paris laͤgerte, hat Ebulo, Abbt zu S. Dionys, dem Kayſer aufgewar⸗

309 1674 1414 86 tet, ſein Cloſter, und darinn ruhende Heilige zu beſuchen, eingeladen,

307 1727 1416 87 und des heiligen Diony hi Leben, und geſchribene Bucher ubergeben,

308 1778 1415 85 welche der fromme Kayſer mit ſonderem Fleiß, und ſolchen Luſt gele⸗

305 1829 1414 85 ſen, daß er daraus zu hoͤchſter Leb und Andacht gegen dem heiligen

304 1879 1417 83 Mann dewegt worden; ja fuͤr unmoͤglich hielte, daß er ohne diſes

304 1927 1415 86 Heiligenkeib leben, und aus Franckreich reiſen kunte. Dahero iſt er mit

301 1983 1413 78 Gilalderto ſeinen Caplan, und wegen deſſen Scharfffinnigkent Ver⸗

295 2031 1419 75 trauteſten, zu Rath gangen, wie er doch mit guter Weis diſen heiligen

297 2082 1413 85 Coͤrper betommen, und mit ſich in das Terutſchland bringen moͤchte,

1515 2144 206 72 Cilalbert

1914 305 51 55 -.

1904 352 59 63 ne.

1901 391 65 71 ſer

1898 452 74 54 ſluc

1897 493 73 66 und

1895 547 73 70 beil

1897 602 75 56 wour

1894 640 79 74 ſein

1894 697 78 65 dien

1901 745 65 65 den

1900 804 35 52 er

1897 844 73 70 hab

1897 902 71 66 Kar

1890 991 75 72 fen

1890 1049 80 63 ſerli

1894 1098 75 67 ſche

1891 1152 75 59 nich

1894 1196 71 63 ris

1894 1245 45 69 S

1884 1300 88 64 nam

1883 1354 86 59 halt

1883 1402 89 61 Klei

1881 1453 89 62 ny li

1880 1505 90 61 er de

1880 1545 92 73 hiett

1884 1600 88 62 nien

1880 1644 83 65 die

1880 1693 83 67 ſer,

1884 1748 86 63 noch

1887 1794 78 70 doch

1880 1846 92 62 derr

1886 1896 80 66 Geb

1881 1946 89 71 Han

1880 2006 90 66 gen.

1881 2051 87 67 erna

1884 2099 79 75 then
