1959 2500
81 300 19 54 0

45 341 71 59 ten.

33 440 82 64 lich,

29 487 87 68 Der

27 547 84 64 hen⸗

34 593 84 62 St.

29 645 77 71 Par

16 695 93 64 Anno

31 794 75 67 ziner

709 254 9 37 .

761 238 343 77 18 (0) EEg.

1524 247 89 51 285

333 301 1281 71 Anno 1153. ſuchte Heinricus Leo bey dem neuen Kayſer alſo bald

216 351 1397 74 ſein Recht. Er achtete fuͤr unbillich, daß er ſeines Vatters Verdre⸗

219 402 1398 74 Hhen halber, ſolte ſeines Hertzogthums entſetzt ſeyn. Es wird in einen

219 452 1394 73 Reichs⸗Tag (Brunnerus will zu Goßlar, andere vermeynen zu

229 504 1385 71 Ouͤrnzburg) ihme das Land zugeſprochen. Dieweil aber ſein Stieff⸗

222 554 1392 72 Vatter ceinrich, .. Leopoldi Bruder und Innhaber des Lands

223 606 1391 71 Hayrn, auf dem Reichs⸗Fag nit erſcheinen, und den Kayſer ein Un⸗

220 655 1391 81 ude eilfertig in Italien gezogen, wurde die Sach biß zu ſeiner Wi⸗

223 700 395 80 erkunfft verſchoben.

218 786 89 73 niter

333 762 1274 68 Unter dieſer Zeit, als Anno 1175. kommt zu Biſchoͤfflicher Dig-

307 815 1306 66 allhie Hartwicus diß Nahmens der Ander, in der Zahl der 22.

225 859 1389 75 er kam bald in Kayſerliche Ungnad, um willen er, vor empfangenen

226 911 1388 75 (ayſerlichen Regalien, oder Reichs⸗Lehen, des Stiffts Lehen⸗Guͤter

232 963 1379 73 eroden. Vergleicht ſich aber mit dem Kayſer und erhielte Gnad, iſt

225 998 40 56 di

255 1018 1359 66 yl zu gedencken, durch interpoſition S. Eberhardi Ertz⸗Biſchoffen zu

232 1066 1382 68 baltzdurg, wie gemeldet worden. Dieſer Biſchoff weyhete das neu

232 1113 1378 75 daute Cloſter Sr. Wang, und gab demſelben einige Privilegia.

237 1166 1374 72 getennt Anno 1161. unſer Cloſter frey und erempt ſtard nach 9. jah⸗

223 1197 82 72 uger

322 1220 1288 68 Regierung Anno 1162. den 21. Nobemb. In dieſem 1117.

226 1266 1388 75 ghr reiſet Kayſer Fridericus mit Koͤniglichem Pomp und ſtarcker

229 1320 1382 73 Amee in Italien, erobert Mayland, worbey Hertzog Geinrich Leo

227 1341 56 78 ehe

307 1372 1301 62 piel gethan, wie nit weniger, dann nach der Kayſerlichen Croͤ⸗

220 1397 64 66 Ar

276 1418 36 55 9

316 1422 1294 65 zu Rom, die Romaner das teutſche Lager angegriffen, Hertzog

225 1444 51 69 2s

300 1470 1308 70 ich glſo ritterlich gehalten, daß er von jedermann, ſonderbahr

229 1501 61 68 Mn

291 1523 1092 70 pem Pabſten Lob, Ruhm und Verehrung empfangen.

333 1573 1277 70 Anno 1162. wurde Codefridus Thumb⸗Probſt allhie dey uns

226 1581 42 75 i

291 1625 1319 70 Roͤnch, aber noch in waͤhrenden Noritiat zu einem Praͤlaten des

233 1641 40 65 .

286 1677 1327 74 ters Drunfening poſtulirt und erkuͤſet, regierte aber nicht gar 1.

225 1690 98 79 Jahr

333 1776 1277 72 Nachdeme Kayſer Friderich wider aus Ftalia kommen, und

309 1827 1301 70 hinaſt⸗ Ferien zu Rhelbeim bey dem Land⸗Graff Orren von

234 1840 45 64 0

316 1880 1292 67 ſſpach zugebracht hatte, haltet er allhie einen Reichs⸗Tag, und

244 1925 1367 83 rSiche Heinricum Fuͤrſten aus Bayrn mit ſeinem Sureff⸗Sohn Hein-

220 1958 546 107 ro Leone folgender Geſtalt;

947 2027 145 82 Nn ,

1503 2025 108 94 Der

48 1101 47 57 n⸗

52 1140 54 71 ſuch

43 1198 61 71 eit

58 1245 39 67 a

58 1400 39 61 a

29 1444 71 65 et,)

47 1495 50 61 mt

37 1541 60 67 det

63 1600 25 55 1

48 1650 43 54 nt

31 1840 59 71 zad

40 1904 57 58 ſich

248 2147 143 75 U ron⸗

437 2179 343 73 zun Pnnwing. vꝛg. ss.
