1991 2551
808 272 323 75 28 (0) 2et

1579 293 88 64 111

239 320 1423 86 ſie Vieginis vermerckt, von Arnoldo Graffen von Vohburg diß Clo⸗

239 375 1420 84 ſters Priore geſchrieben worden, welcher nicht lang nach den heiligen

243 425 1414 88 Hintritt aus diſer Welt Beare Aureliæ gelebt, und ſeine zuſamm ge⸗

241 476 1418 89 tragene Hiſtorias hinterlaſſen; allermaſſen ſolches der Aventinus ſelbſt

245 527 1408 86 n Summario libri quinti bekennet, allwo derſelbe dieſen Aurhorem

243 579 1414 80 denennen, und premitiren thut, was maſſen erſagter Arnoldus noſter

242 629 1415 83 zu Zeit Kayſer Heinrich des Vierten gelebt habe, nun hat dieſer Kay⸗

238 677 1416 89 ſer Teſte Beloldo in lynopli hiſtoriæ, ſeinen Vatter in Kayſerthum

241 731 1413 83 Anno 1056. ſuccedirt, und die heilige Aurelia wenig Jahr vorhero

242 769 51 68 ꝛe

306 787 1341 78 ilichen Anno 1029. diß zergaͤngliche Leben mit der ewigen Frend und

243 837 1411 82 Seeligkeit verwechslet, derſelben Leben, ſo nach verſtandtenen toͤdrlt⸗

245 885 1408 84 hen Hintrirt ernannter Arnoldus bald hinnach wird beſchrieben haben⸗

248 938 1406 89 ſeweilen derſelbe unter gedachten Kayſer Heinrich den Vierten, und

242 989 1412 83 nithin nit lang nach Beatam Aureliam gelebt, und gleichwie dazumab⸗

242 1040 1412 85 zen der Ruff und kama der ſeeligen Aureliæ noch allerdings wegen we⸗

245 1092 1408 82 ſug verfloſſenen Jahren in der Menſchen Gedaͤchtnuß, bevorab in die⸗

317 1145 1337 76 Stadt und dey dieſen Cloſter, in welchen mehr gedachter Arnoldus

238 1193 1412 83 gelebt, und geſchrieben verblieben, alſo wird ſeiner de Beata Aurelia

241 1231 66 64 ini

346 1249 1310 84 laſſene Beſchreibung um ſo mehrers zu glauben ſeyn, dieweilen

233 1298 1417 85 der Aventinus ſeibſten ſeine Geſchichten libri quinti mit dieſen Aurhore

236 1346 1414 85 undiren, indeme derſelde in bemeldten Summario ejusdem libri beken⸗

231 1393 1421 87 nen thut, wie daß er ſich gedacht unſers HHiſtori⸗Schreibers Arnoldi

229 1441 1418 86 n Beſchreibung beruͤhrten fuͤnfften Buchs bedient, diß habe zu Rekuri-

232 1488 1412 92 rung der gegen B. Aureliam in des Aventini teutſchen Hiſtori einkomenen

232 1537 1417 101 Fabel, dergleichen mehrere in derſelben verhanden, anfuͤhren, und

228 1594 1418 92 zumahlen mich auf Barariam Sanckam Marhzi Raderi S. I. beziehen

236 1645 1411 101 vollen, welcher auch in vita B. Aurelie von dieſen Heydniſchen Stein

236 1699 1410 93 das melden, und darfuͤr halten thut, daß ſolcher eꝛ antiquis Ruderi-

246 1737 53 55 u.

324 1743 34 62 ,

382 1758 1265 85 Romanorum oſſuario genommen, und auf Beatæ Aureliæ

233 1777 107 75 Grab

363 1811 1283 82 zelegt worden, welches man etwann mit Fleiß des Steins an-

231 1852 1206 95 lgniter und ſonderbahr der Nahmen halder hat thun wollen-

354 1906 1290 93 Obdenannte S. Andrer-Capellen hat an ſtatt des allhieſigen

249 1954 1395 95 uiſchoffs, Gundackcer Biſchoff zu Aichſtaͤrt geweyhet. Dieſelbe ha⸗

232 1986 60 70 der

319 2011 1325 97 hernach unterſchiedliche fromme Perſohnen dewohnt, und Zeit ih⸗

231 2053 816 109 es Erdens GOrt darinn eofferis gedienet.
