1935 2499
926 227 408 72 -1à3 (0) 22g-

423 229 103 56 268

423 279 1396 80 Dieſer Hertzog iſt alſo ohne Kind geſtorben, und in dem Cloſtet

429 331 1389 82 WVeingarren in ſeiner Vor⸗Eltern Stifftung begraben worden Ann⸗

425 387 365 61 1112. oder 1120.

555 435 1263 75 Anno 1102. hielte der Kayſer Heinrich wider einen Reichs⸗Tas

418 480 1393 85 allhie, dabey befande ſich auch ſein Sohn Heinrich Roͤmiſcher Koͤns

423 537 1386 75 Sighard von Falckenſtein ein Schwager des heiligen Lcopolai thaͤn

419 583 1385 80 das Maul auf, daß nemlich die Fuͤrſten aus Sachſen und Francke.

416 637 1391 77 in hoͤheren und groͤſſern Anſehen im Land Bayrn waͤren, als die rechl

416 687 1385 77 Land⸗ Herrn und natuͤrliche Erben, unter denen er ſich auch nit faͤr del

415 741 1388 75 geringſten hielte, als der ſeinen Stammen von Pfaltz⸗Graff Zarrwe

412 791 1389 73 cken, den Muͤtterlichen von Wititindo durch Ortonen Magnum probr

411 838 1390 76 ren kunte. Entſtunde deßwegen ein Aufruhr, und wolten die Kar

409 887 1388 79 ſerliche Hoff⸗Katzen und Tellerſchlecker ihne todt haben. Er ſahe de

409 939 1392 78 groſſen Tumult, den auch der junge Koͤnig Heinrich mt abſtellen tund

407 989 1352 81 und die groſſe Lebens⸗Gefahr. Verwahrete ſich alſo zu Hauß

1762 992 36 54 ⸗

409 1042 1296 72 Stund lang, nach ſolcher Zeit, nahm der Gewalt kberhand.

1728 1042 63 68 &

405 1092 1389 79 brachen die Zimmer auf, und muſte dieſer liebe⸗Herr das Leben laſſer

407 1142 708 72 Der Kayſer ſahe durch die Finger.

538 1193 1256 77 Anno 110c. ſetzte Kayſer Geinrich Ulrieum zu einen Piſchot

405 1242 1364 75 allbie, Koͤnig Heinrich ſein Sohn kam nach Eroberung der Staͤ

404 1293 1376 77 Tluͤrnberg allhero gen Regenſpurg, ſetzte Ulricum ab, und vartn

398 1343 1391 78 ctum ein. Alsbald der Vatrer diß erfuhr, eylet er hieher, vertrib mi

404 1393 1378 82 Huͤlff der Regenſpurger den Sohn, und deſtaͤtrigte Ulricum. O

398 1448 1384 79 Koͤnig bekam mehrere Kraͤfften, gewan Regenſpurg, und manurenil

398 1502 1342 70 te obgedachten Hartwicum einen edlen und frommen Mann, und S

398 1547 1367 80 Engelberti HHertzogs in Karnten. Dieſer hat drey Bruͤder, Hein

397 1596 1356 82 cum, Engelberten Marggraffen zu Crayburg, und Rapoten Grah

394 1647 1314 81 zu Artenburg. Dieſer Biſchoff hat im erſten Fahr ſeiner Regi

393 1696 1382 79 dem baufaͤlligen Cloſter Druͤel (welchem er, da es Schaden erlitteil

394 1750 1377 75 wohl aufgeholffen: er weyhete die Cloͤſter rVallerſtorff Pruͤnſ⸗

391 1799 1387 80 ning, Sr. Jacob deren Schotten, und die Kirchen zu St. Hans

393 1847 1382 88 Regierte 20. Jahr, endete ſein keben den z. Mertzen 1126. und betan

390 1899 782 73 ſein Ruhbett in unſer Cloſter⸗Kirchen.

526 1950 1252 81 Gedachter Kayſer verhielte ſich in ſeiner Regierung ſo unloͤblia

383 2000 1396 82 datz viel hohe Potentaten ſeinen Sohn Heinrichen den funfften nod

384 2050 1312 81 Roͤmiſchen Koͤnig wider den Vatter zu kriegen verhetzten. Dei

1694 2094 32 64 e

384 2103 1295 96 fang wurd zu Nuͤrnders gemacht, welche dazumal noch ein kleine

1700 2143 78 75 deur
