1923 2446
39 222 95 55 gien⸗

24 262 109 68 Nach⸗

54 319 79 62 dlen

66 366 64 64 rſatz

58 422 69 56 els,

40 467 86 65 Her⸗

36 506 94 76 Sauf

50 568 76 57 und

29 616 86 66 Nah⸗

32 671 83 64 eint⸗

35 717 79 65 dem⸗

28 770 79 64 ande

31 819 81 68 dem⸗

32 864 76 72 ꝛs.

46 958 62 77 aß⸗

716 183 39 57 ns

778 179 336 75 2(0 8eg-

222 222 1387 100 das ſie aber ſonſten Schadens genommen haben, und auch um das,

1528 201 81 65 385

229 271 1378 102 ſo ihnen zerbrochen iſt, ſolle gleicher Weiß gerechtfertiget werden, von

228 311 62 61 den

309 330 1298 87 pͤbgenannten 9. Perſohnen, Innhalt abgeſchriebenen Articuls.

233 372 1376 110 Dir wollen auch, daß alle Gefangene, ſo zu deeden Seiten angenom⸗

221 413 99 100 peo,

335 429 956 87 und in Gefaͤngnuß ſind, auch ledig gezehlt ſeyn.

226 493 63 85 vr

335 475 1271 99 Und auf das alles ſolle die Aacht gegen Hertzog Albrecht, denen

308 528 1294 98 Regenſpurg, auch allen andern der Handlung halber fuͤrgenom⸗

224 562 76 68 nen

345 584 1259 81 aufgehebt und ab ſeyn, auch alles, auf liegendes Gut, ſo der

241 627 1359 93 lacht nach, durch die, ſo dem Schwaͤbiſchen Bund verwandt, oder

225 674 1375 96 tmand anderen angenommen, widergeben und alles ligend⸗ und fah⸗

232 713 99 69 endes

338 727 1264 120 Gut, ſo in Hafft oder Verdort war, wider eniſchlagen wer⸗

232 763 364 93 n, und ledis ſeon,

328 820 1272 110 Ob auch vergangener Handlung halber Herteg Albrecht, die

237 875 1361 106 Ftadt Regenſpurg, alle ihre Zugehoͤrungen, und Verwandten, et⸗

245 915 44 55 as

311 934 1288 83 ngnad dey der Kayſerl. Majeſtaͤt erlangt hatten, daß dann die⸗

259 968 29 59 :

305 983 1291 86 ngnad, ſo um obgenannter unſer heber HHerr und Vatter Roͤmi⸗

222 1000 71 78 her

313 1034 1283 89 Kayſer zugefallen, Aufruhr im Reich zu vermeyden, ergeben

248 1057 29 60 2

300 1078 1292 94 uachgelaſſen hat, damit ab ſeyn, und alle vergangene Sachen,

221 1102 53 63 die

297 1130 1298 97 ich die allenthalben unter den Partheyen fuͤͤr ſich ſelbſt, ihnen zu⸗

262 1179 1330 99 orig, Verwandten, oder wie die in der Sach verdacht ſeyn moͤch⸗

305 1228 1290 96 bdegeben, und verloffen hatte, ſolle gericht und geſchlicht, und

270 1277 1324 99 uͤhro an in Unguten nicht geahndet werden, ſondern ſie ihren ſiche⸗

279 1328 1315 90 Handet und Wandel zuſammen, und mit einander uͤben, und wi⸗

281 1371 1307 107 olche Richtung nit thuen fuͤrnehmen, noch daß jemand andern zu

270 1424 26 54 e

315 1424 1275 115 geſtatten, in keinerley Weiß, allies getreulich und ohne Ge⸗

236 1455 82 91 nde

214 1539 67 75 uag

323 1501 1267 128 mnir Urkund des Briefs mit unſern Ksniglich anhangenden An⸗

322 1580 1266 99 ſigelt, die wir z. in gleichlaut verfertigen, und unſern lieden

221 1600 95 78 Herr

224 1642 36 60 0

342 1634 1246 94 und Vartern dem Romiſchen Kayſer, und unſeren Bund des

222 1689 53 73 der

335 1683 29 55 1

394 1686 1193 95 Schwaben: auch unſern lieben Schwagern und Fuͤrſten

294 1723 48 61 ꝛ9

351 1736 1226 93 Aldrecht von Bayrn jedem Theil einen Brief uberantwortet,

210 1800 40 54 ne

326 1782 1255 98 aͤuch zu mehrer Sicherheit Er HHertzog Albrecht ſeiner Liebe In⸗

296 1824 1287 112 ſangen laſſen, und ſich darunter, wie obſtehet, im allen nach⸗

281 1877 1303 109 imen, und ſolches zu volſtrecken verbunden hat. Gegeben zu

274 1914 250 82 ſpurg am 25.

263 1977 1233 114 cs Reichs des Roͤmiſchen in 7. des Hungariſchen m 2. Zahr-

543 1940 1038 96 Lag des Monaths May nach Chriſti Geburrh 1a92.

828 2100 89 83 Ere

1416 2099 160 94 NB. 3n

40 1168 66 59 enl⸗

54 1210 46 64 en,

27 1807 66 61 mi⸗

32 1857 63 56 der
