1959 2500
51 290 85 62 ſo ge

102 333 34 58 er

762 233 71 67 13

894 236 202 69 2) Eùß-

1518 238 92 59 222

339 293 1275 63 Unter andern ſo ſich wider die Sarazener in das heilige Land-

225 336 1385 69 legaden, war auch Hertzog Ludwig aus Bayrn, und vertratt einen

223 387 1387 71 Odriſten. Es erhub ſich gleich ein Sreirt zwiſchen dem Paͤbſtlichen

238 440 1370 68 egaten, und Brennum Koͤnig zu Jeruſalem, an was Orth man die

225 488 1386 71 HSargzener ſolte angreiffen; der Legar zihlet auf Egypten, der Her⸗

227 540 1381 66 zog Andwig war auch der Meynung. Als ſie aber durch den Fluß

223 588 1390 71 Alun ſetzen wolten, hatten ſie groß Ungluͤck, und wann ſie ſich nit in

226 640 1385 68 Ane dor 2. Jahren mit groſſer Muͤhe, und viel Blut eroberten Ve⸗

223 687 1391 75 tung Damiata retirirt haͤtten, waͤre alles erſoffen, oder dem Sadet

240 726 39 62 es

291 743 1316 66 Feinds zu Theil worden. Da er nun wider in das Land kommen⸗

227 793 1386 69 os er mit Kayſer Fridrich gen Rom zu deiſen Croͤnung. Daſelbſt

227 843 1388 75 burde Heinrich des Kayſers Sohn, jung von Jahren Roͤmiſcher Koͤ⸗

227 875 68 70 ug.

318 897 1297 68 Ludwig der Hertzog ſein obriſter Hoffmeiſter. Dieſe beede rei⸗

226 944 1391 72 ſcten wider in das Teutſchland. Koͤnig Heinrich heurathete War⸗

238 997 1376 75 arerham Hertzogin aus Oeſterreich. Orto, Ludovici Sohn, Agnetem

236 1040 829 76 gfaltgraffs Heinrichs am Rhein Tochter.

226 1104 79 94 dei

337 1093 1276 73 Kayſer Fridrich hatte gut Gluͤck wider die Sarazener, wurd

305 1147 1309 69 mit dem Pabſt uneinig, und weilen Hertzog Ludwig in den Han⸗

304 1198 1311 65 ch nit einmiſchen, minder dem Kayſer beyfallen wolte, hat er

304 1251 1311 67 ibhero groſſe Kayſerliche Gnad, Gunſt und Vertrauen verlohren.

238 1276 55 67 as

302 1301 1313 68 er diß vermerckt, iſt er ſambt ſeinem Sohn Orten, von Koͤnig

243 1347 1371 71 zeinrich gewichen, und hat in ſein Land gen Rbelheim ſich begeben,

245 1397 1370 69 onig Heinrich eylet ihm nach, und thaͤt in Bayrn mit drennen und

243 1445 1374 74 aden groſſen Schaden, ſo Hertzog Ludwig ohne Gegenwehr gedul⸗

243 1484 41 59 9

293 1500 1321 66 nte. Den Zwiſpalt des Pabſt und des Kayſers legten dey etlich

282 1548 1336 74 iuch⸗ und weltliche Reichs⸗Fuͤrſten, darunter der Regenſpurgiſche

294 1587 63 75 do

230 1622 38 68 n

373 1602 1248 74 Agefridus auch ware, und Leopoldus aus Oeſterreich, der aber

282 1650 912 77 er Commiſfion zu Rom ſein Leben deſchloſſen.

345 1705 1269 71 Anno 1250. haden die Patres Dominicani allhie ein Schul auf⸗

238 1723 60 67 er

325 1756 1293 67 , und Philolophiam und Theologiam zu dociren angefangen.

254 1797 1357 93 deles drudinm hat auch der heilige Albertus Magnus hernach Biſchoti

241 1837 439 93 ude, 2. Jahr regiert-

350 1900 1267 83 Anno 1251. den 16. Septembr. vermeynt der HHertzog Ludwig

237 1916 36 72 u

325 1951 1294 82 helheim ſicher zu ſeyn. Es trug ſich aber ſelden Tag zu, da er

236 1972 75 73 lock

340 2005 1282 81 em Nacht⸗Eſſen auf der Brucken ſpatzierte, daß ſich ein unde⸗

243 2050 1381 88 nenter Mann hinzufugte, viel Poſſen retſſete, und endlich in Bey⸗

243 2102 1374 114 o hwes Hoſi⸗ Eeſinde hne Herzog erſiochen. Gleichwie nugzt

961 2169 128 72 D p 2

1469 2162 149 72 Mord⸗

63 470 73 78 zint

26 531 105 73 s Oe

37 587 94 68 wvegel

37 638 90 63 liche

51 691 50 68 ytj

56 748 34 60 r

72 788 51 60 ine

63 883 66 69 noa

61 933 70 75 wel

72 997 58 59 ru,

63 1076 71 79 aa

75 1280 52 64 der

69 1341 46 63 el

66 1380 60 71 and

30 2129 85 72 unte
