1935 2499
426 248 104 82 320

989 245 72 74 1

1115 244 211 75 9) Etz-

423 306 1378 73 waren die Graffen von Leoneberg, Voͤgt uͤber getiſe Guter unſer

427 363 1374 74 Cloſters, in dieſem Jahr renuncirten ſie ihr Recht und Advocar

423 412 588 75 Kayſer Adolph conbirmirts.

569 503 1206 67 Anno 1296. hat Zeinrich Zant, ein edler Furger anfte.

422 558 1358 69 Leproſen⸗HHauß vor dem Jacober⸗Thor ſambt dem Kirchlein S. Las

425 610 1329 70 gebaut, zu beeden ſo reiche Stifftung gethan, daß die Armen nit

427 665 1302 68 fach haͤtten zu dettlen. Dieſes Gebaͤn iſt zu Anfang des Schwed

423 716 1325 65 Kriegs, Anno 1622. nidergeriſſen worden, beſindet ſich derme

422 763 1358 70 nichts mehr als der Freyt⸗HHoff der Augfpurgiſchen Conleſſion zus

420 814 1321 70 thaner. In alio MS. liſe ich, daß das kazarerh auf der Steingi

423 860 1346 72 Anno 1287. Heinrich Dens, vder dann, hab angefangen zu bau

419 912 1331 84 Biſchoſf Conrad hat in ocava Palcha die Krchen geweyhet⸗

418 966 139 75 1299.

1008 966 133 55 1.

557 1021 1130 85 Eben in dieſem ,c. Faͤbr iſt cvnraa⸗ Geaff von kuvpurge

423 1088 1293 71 Probſt allhie der za. Biſchoff worden, unter Adolpbo Roͤmiſchen

420 1139 1278 70 ſer. Gedachte Herrſchafft Luppurg ſiele ihm erblich zu, dae

418 1188 1304 73 ſeiner Kirchen geſchenckt. Regierte das Biſtumb 17. Jahr, ſtar

420 1242 859 68 2o 1212. Hat folgendes Epiraphium-

1336 1249 151 43 ,

745 1335 767 76 Nec ſervar ſoſa Cdnradi Preſulis oſſa,

744 1396 806 74 De Lnppurg natur, ſit tibr Chriſte datus.

551 1499 1157 71 Anns 7297. machten ſich die Hertzogen, Orro und Sr-

1462 1457 17 68 .

413 1547 1276 71 Gebruder abermahl an dieſe Stadt. Verbotten ihren unter

409 1600 1266 72 alles tragen und zufuͤhren der Victualien, in Meynung, die St

412 1652 1295 69 HHunger zu bezwingen. Die Burger kidten ſo lang ſie kunten.

1741 1622 34 71 5

412 1699 1250 71 hoͤchſter Noth fielen ſie in das Land mit gewehrter Hand, pl

411 1753 1275 71 Abbach, verbrennten den Flecken, und kamen mit genngſame

408 1803 1295 71 viant wider nach HHanß. Die Hertzogen wolten ſolches rechnen

395 1853 1238 75 die Stadt belaͤgern- Biſchotf Conraod ein Fried Lebender,

1633 1846 65 62 nr

404 1904 1292 78 ſchlaͤgiger Herr, verglich beede Partheyen. Die Burger aber.

407 1954 932 79 ihr Freyheit und alten Frieden mt Geld loͤſen.

544 2046 1156 93 Anno 1228. Mt Albentus Ert⸗Hertog von Oeſterreich zru

398 2090 932 89 miſchen Koͤnig in Franckforr erwaͤdlt worden,

1876 417 40 49 10

1880 455 25 58 .

1880 673 24 39 it

1883 814 15 52 t
