1934 2551
17 272 65 52 sul-

17 311 65 57 n le-

19 354 67 56 Aus

51 393 31 61 ni

890 229 238 75 O) E9-

1546 243 87 65 182

225 273 1404 81 hielten, und auch auf Negenſpurg kommen, haben ſich ſelbige mit Vorwiſſen und

228 324 1399 74 WGilen deren Hertzogen, dieſes noch kleinen Eloſters S. Emmerami angenommen;

226 367 1398 78 Hir dann unter Ratbario, einen ſolchen herum reiſenden Biſchoffen,zu Zeiten Hug-

228 415 1394 76 derti, Bayriſchen Hertogens, dem Heil. Emmeramo das Gut (Duͤrkenwang)

231 462 1395 63 Eſchencket worden. Arnold. lib. 1. de Miraculis S. Emmerami c2p. r. vide

231 503 1395 76 rasnage tom. IIL pag. 105. Dahero auch denen Erſten ordentlichen Biſchoͤffen

229 549 1395 64 daubaldo, Sinperto, Adalvvino ſolches Cloſter den Unterhalt geben mußte Bis

233 592 1394 68 Crolur ( Aagnur) zn Aufrichtung guter Cloͤſterlicher Dilciplin ſolches von dieſer

241 634 1385 71 shuldigteit defreyer hat. Damit ader dem Regenſpurgeriſchen Biſchoffen der Un⸗

238 680 1386 66 thalt nicht genommen wurde, hat Carolus, vermoͤg Builz Leonis III. dem⸗

229 719 1394 73 Aden ein anſehnliche Fundation gemacht, und dem Cloſter das Seinige beſtaͤru⸗

226 744 53 65 zet

226 787 47 59 ren

306 768 1317 68 uſo daß Adalwinus vor ſich und ſeine Nachtolger den bisherigen Gennß de-

293 809 1334 68 Suͤttern S. Emmerami, gemaͤg geiſtlicher Satzungen, ( wie die Bulla lau⸗

293 853 1331 66 anzulaſſen ſich enrſchloſſen. Die Monaſteria ſubjesta, welche denen Bi⸗

269 897 1358 69 ſen damahls unterthaͤnig waren, mußten demſelben allen Gehorſam leiſtien, ein

248 939 1378 74 ſtuͤche gewiſſe Sufft (cenlum) ( jus Synodale) (Circadas) abreichen.

232 956 51 62 Hie

294 986 1330 65 außten ihnen, wann ſie in das Cloſter kommeten, ( jus holpitii, procura-

226 999 105 71 none,

236 1065 1387 74 ioennes) Verſammlungen allda anuſtellen. Vide Mabill. prœkat. ad Sa-

351 1027 1273 69 den Unterhalt verſchaffen. Die Biſchoͤff hatten das Recht offentliche,

258 1112 1362 71 zam VI. Benedi &. F. HI. num. 31. Dieſes ware die Schuldigkeit und Kenn⸗

229 1152 1393 75 Aichen deren untergedenen Cloͤſteren. Von ſolcher Schuldigken wurden einige her⸗

229 1173 55 62 ad

296 1201 1327 68 durch Paͤyſtliche Vermirtlnng, und deren Koͤnigen oder Kayſeren Anordnung

249 1242 1373 67 cchet, deſonders iene, weiche ihre Sufftung von denen Koͤnigen oder Hertogen

239 1284 1384 75 commen. Dann die Monaſteria Epiſcopalia, (wie dann vor Alters ſehr viele

270 1329 1350 69 ter von denen Biſchoͤffen ſeidſten geſtiſſtet wurden,) denenſelben billich verdlei⸗

287 1373 1332 64 autten. Vide Thomatl. de veteri & nova Diſcipl. parte 1. 1ib. 3. c2p.

286 1412 1334 68 1. 2. Item parte II. lib. 2. c2p. 28. &c. Die Einwenhungen deren Aedb⸗

306 1454 1314 62 Benedictiones Abbatum,) deren Moͤnchen (Ordinationes Monacho-

228 1505 41 66 e

341 1498 1276 68 die Kirch⸗ und Altaͤr⸗Werhung; die Austheilung des Chrilmatis, oder

283 1540 1339 72 en Oehls, welches die Cloͤſier von denen Biſchoͤffen empfangeten; dieſes alles

224 1558 70 66 var.

314 1585 1306 73 tein gewiſes unſaͤhldares Zeichen, daß ſolche Cloͤſter, Subresta, dem hochen

235 1625 1379 84 cpot des Biſchoſſens unterthaͤnig waͤren Vide Madill. pralat. ad Sœculum

297 1672 499 71 denedict. . IIL. num. 31.

221 1760 62 68 das

370 1761 1243 72 ahr iſti, was Hundius ſchreibet parte 1. Metrop. Salisb. pag. 189.

292 1777 35 66 .

229 1843 1387 78 ineramoͤ wrderumnden ſich unterthaͤnig gemachr daden Es wiget ader nicht dar⸗

351 1811 1262 62 tachſolger Adalwini in den Regenſpurgeriſchen Biſtum, das Cloſter &.

224 1863 48 47 Aus

226 1890 54 68 N-

319 1896 1300 65 aͤr, weil ſolches geſchehen, das vorige, ſo unter Lcone III, Carolo

303 1920 59 58 1o-

226 1938 102 75 hehen

375 1937 1241 72 und Adalwino Biſchoffen, vordengangen, unguͤltig, und undefugt ge

337 1981 1279 69 ſeye, wie dann hinnach ſolches unter Engenio, Nicolao, und Formoſo,

228 1978 55 69 Loͤt

303 2022 1310 74 cen Paͤpſien ank ein nenes deſtaͤrnget, von denen Biſchoͤfen aber nichr volze⸗

224 2033 49 48 den

294 2069 1320 73 orden: dis der heilige Woltgangus einen rigenen Adbten wirderum einge,

207 2064 92 112 -

302 2105 1311 103 Binnt. wo nden enedtet nordeno adgachetet ha &r hnder ꝛwar erc

1528 2158 86 69 nacd

17 486 66 52 locs

17 525 62 61 rie,

52 624 27 50 1

36 1065 44 51 det

51 1292 22 33 1,

25 1361 48 59 dol

26 1401 49 53 nns

46 1485 22 51 2

28 1658 45 56 ine
