1939 2441
431 146 87 64 106

985 146 346 76 2s (0) LEt-

413 195 1399 87 de Laͤnder, den von Luthero angeſchirꝛten Bauren⸗Krieg und Rebel⸗

413 249 1403 85 nion deren Unterthanen erfuhren, iſt Bayrn gleichwohl frey und ruhis

413 296 1391 90 verblieben, und vermoͤglich anderen zu helffen. Deſſen ſich der Urſa

413 348 1394 88 chen nicht zu verwunderen, dieweilen das Hoͤchſt⸗loͤbliche Haus Bayri

415 398 1388 90 von ſolcher Liebe, Guͤte, Milde, Guͤtig⸗ und Frommkeit gegen ihrer

412 447 1389 92 Unterthanen, und dieſe von ſolcher Devotion, Geborſam und unter

412 497 1387 91 thaͤnigkeit, dat einsmahls Hertzog Steyhan der Fuͤngere gegen ſeinen

413 550 1384 84 Schweher Hertzog Galeacio zu Mayland geruͤhmet, was maſſene

415 599 1374 87 Hertzog Stephan von ſeinem Bayrn der Geſtalten in Ehren geha

407 646 1380 90 ten, und geliebt werde, daß derſelbe in eines jeden Unterthanen (ke-

407 702 1371 84 nen ausgenommen) Schoos ſicher die Nacht ruhen, und ſchlaff.

407 744 1381 90 wurde. Uber welche Treu ſich dedeuter Galeacius hoch verwunden

404 800 104 82 hur.

541 835 1246 93 Im Funio verbrannen hinter der Ppfannen⸗Gehmiden   Haͤ

402 890 1342 101 ſer, die Brunſt waͤhrere a. Srund, und war ſehr groſſe Gefahr⸗

540 947 1237 87 Nachdem Anno 1525. ſchon ein Anzahl Burger Lutheriſch wi

398 988 1355 95 ren, hat die umligende Baurſchafft auch mithalten wollen. Dei

400 1045 1349 83 Geiſtlichen war nicht wohl bey der Gach, bevorab weilen einige

397 1097 1319 86 ihnen mit boͤſen Erempel den Rayen fuͤhreten; beſorgten, wann

396 1145 1354 89 nicht was nachgebe, man daͤrffte alles verliehren. Das vermer

394 1200 1371 82 die Stadt, noͤthigte die geſamte Geiſtlichkeit in Abweſenheit ſoans

400 1253 1349 80 Adminiltratoris Comitis Palatini (der ſich auf Neumarck begeben,

393 1293 1380 90 Unterredung zu vflegen, mit ſeinem HHerin Bruder Hiderico Hfalt

397 1349 1318 84 Grafen in Kriegs⸗ Sachen) den 2. May in die Franciſcaner⸗Ki

392 1400 1313 86 deren Conventualen zu kommen, verwahreten die Kirchen und

394 1453 1299 84 Cloſter mit gewaffneter Burgerſchafft, daß niemand aus⸗oder ein,

1731 1452 42 58 di

390 1495 1303 93 verſperꝛten all⸗ und jede beedes Geſchlechts Herren, Stifft unc

390 1547 1316 91 ſter⸗Frauen in dem Chor daſelbſten, und berſeyts geſetzt der G

389 1601 1319 84 chen Immunitaͤt und Freyheit, eines jeden Stiffts und Privileg

388 1646 1295 89 Gewohnheit, Herkommen, Vortraͤg und Relped, begehrten ſie

1728 1699 41 58 elt

390 1697 1258 84 ſoannem Reihold Norarium. 1. Von allem Getranck das

386 1748 1273 88 2. Von allen ihren Guͤttern und Vermoͤgen die Steur. und⸗

1704 1792 72 71 De.

388 1796 1268 91 ſie ihre Wachten verrichten, und alle Burgerliche Onera tragen.

390 1849 1308 88 Geiſtlichkeit fiel dieſe unerhoͤrte Znnurhung ſchwaͤr, wouten den?

388 1894 1280 92 Tag nicht einwilligen. Den andern als man wider, und alle C

384 1950 1341 81 che zuſammen kommen, hat man gezwungen in obige Perita verw

379 1993 1361 103 get, aber aul der Stadt ſtarckes Zumuthen, habens wetter kein2

1643 2054 62 76 rar
