1923 2446
57 239 87 62 wot⸗

722 190 132 72 823

869 192 244 75 (O) Eo-

232 235 1400 89 Lehalten; daß alſo ſolcher Zeit ein Sprich⸗ Wort worden: der auf der

1543 206 81 58 396

232 289 1398 86 ſteinern Brucken kein Juden geſehen, oder in der Stadt nicht laͤuthen

236 338 1392 90 ſoren, ſeye nicht zu Regenſpurg geweſen. Iſt alſo gar glaublich daß

235 388 1397 88 Leren viel, ſo von Tito und Veſpaſiano 71. Jahr nach Chriſti Geburt

236 441 1393 87 n der Verwuſtung Feruſalem dem Schwerdt entrunnen, oder ver⸗

239 490 1390 84 auffet worden, ſich allhero als zu einer ſichern Stadt, und Roͤmi⸗

237 536 1393 91 ſchen Colonia werden begeben haben; dann bey dieſer Stadt haben ſie

241 592 1387 83 ſuzeit in groͤſſerer Sicherheit und Freyheit gelebet; iſt auch nicht fin⸗

250 644 1378 78 8, daß man ſie allhie einmahl haͤtte verfolgt, auſſer daß ſie Anno

255 697 1373 78 195. von denen durch⸗ und Wallfahrt⸗ reiſenden Chriſten in das ge⸗

239 740 1389 91 sdte Land in etwas beſchaͤdiget worden; es hat ihnen aber Kayſer

239 790 918 94 pamnrich der Dierdre, bald Schutz gehalten.

245 947 1383 81 amehrten ſich aiſo ſtarck, und hatten viel ſchoͤne Haͤuſer in denen

342 895 1283 82 Die Ruhe und gute Gelegenheit machte ſie reich und maͤchtig;

252 983 80 71 ſten

258 1050 1367 76 ademia, von denen Kayſern, ſonderlich Hertzogen in Bayern, um

358 1001 1271 76 Cheilen dieſer Stadt, wie auch ein offentliche Svnagog und

248 1095 1380 84 ilen ſie denen groſſen Tribut gaben, und nutzbare Rammer⸗Aneche

239 1146 1389 85 daren, hatten ſie groſſen Schut, doch nicht ohne Nachtheil der

245 1195 1383 85 driſtlichen Burgerſchafft, und gemeiner Stadt Schaden, da aber

236 1247 1392 81 ſrdachte Juden in der Zuhl die Vurgerſchafft ſchier uͤbertreffen woll⸗

240 1297 1386 83 in, und je laͤnger ie mehr dey ihnen zu derahren ware, auch Kayſer

248 1345 1374 83 (arimilian, der ihr maͤchtiger Schutz⸗ Herꝛ ware, mit Todt abgan⸗

239 1394 1387 83 ſto, hat den 21. Februarn 1519. Cammerer, Rath und Burger⸗

241 1440 1385 92 hafft einhellig beſchloſſen die Juden auszujagen, die mehriſte Urſach

241 1493 1385 90 der ware, weil ſie in Verdacht kamen, daß ſie Chriſten⸗Kinder

247 1545 1379 87 unlich verzuckt und hingericht. Maſſen dann einige eingezogen, und

245 1598 1387 85 orum gutlich und peynlich beſpracht, von denen ihr 17. ausgeſagt-

248 1630 52 67 nio

309 1653 1317 75 dekennet, daß ſie 7. unſchuldige Chriſten⸗Kindlein heimlich ermor⸗

244 1675 63 76 r

326 1708 1296 73 weicher todten Leider in des Inden Joſepbs Haus im Keller,

245 1729 55 63 Ne

328 1757 1300 72 s die Eefangene angezeint, auch ein ſteinener, und mit Blut

255 1785 65 65 oh

339 1804 1287 76 deſprengter Tiſch ( auf welchem dis grauſame Metzlen vorgan⸗

236 1829 53 63 den

338 1856 1290 77 gefunden worden. Die Kindlein hat man auf das Rath⸗HHaus

239 1880 175 80 Eetragen.

252 1928 36 66 n

441 1906 1183 77 Gegen denen Zuden iſt man hierauf eylends zugefahren,

319 1956 1307 80 at ſie ſamt und ſonders bis auf einen, ehe ſie ſich verſehen, aus

232 1967 56 68 der

327 2008 1299 76 Nadt geſchafft, worauf maͤnniglich ihr Synagog angefallen und

239 2047 1386 94 n Poſen. Me Haͤnſer zinite, Ne Manten brer Heynaͤdndt zot

839 2117 187 73 Odd 2

1530 2115 94 66 dem

47 353 97 64 Cron

80 404 51 58 ba

21 528 113 63 Marti-

92 570 47 61 in

65 623 65 71 un

74 746 45 54 1

84 800 45 50 m.

31 1074 41 67 il

51 1224 27 65 it

72 1343 34 45 te

28 1462 39 40 II⸗

40 1501 75 75 gab-

48 1642 64 71 ſon

29 1752 62 67 ebi

39 1797 79 59 dent
