1923 2446
777 164 327 79 2 (0) 2N9-

1545 182 84 59 101

28 229 143 69 nit ver⸗

245 221 1396 77 gue, Captus igitur A piiflimo Rege Ferdinando pertinav in luo er-

245 275 1398 72 rore comburitur Viennz und cum uzore deputata, Anno 1520.

33 326 131 74 eri ſic

245 323 1398 77 Statuit uli in zternam perjurii ejus memoriam Facultas Theologiea

247 375 1391 80 n lua ſchola monumentum, qno bac notarit, A in co Mla quoqus

69 381 87 70 aul

245 419 232 76 dunr verba:

73 482 46 66 2

406 482 1054 57 Deus tradar eum in in teritum carnis, ur ſoiritus

740 528 390 64 ſalvus ſtat Amen.

81 582 73 70 ha

251 574 1387 74 urqe huc parieti inſcripta verda, antequam Viennæ comburere-

255 629 1383 69 ar, inſtar divini oraculi & de Nefarii viri interitu propherte

27 631 125 72 orweil

244 660 114 90 uere.

16 686 96 65 mit

80 737 55 66 na

358 713 1280 83 Anno 1719. nach Marimiliani ſeeligiſten Ableiben wurde ꝛu

245 774 1393 78 Franckfurt Carolus V zum Roͤmiſchen Kayſer erwaͤhlt. Deßwegen

250 830 1387 69 aan allhie ein groß Freuden⸗Feſt gehalten, das Te Deum Laudamus

69 832 69 67 renl

252 873 1380 75 zeſungen, das groſſe Geſchuͤt geloͤſt, ein Feuer⸗Werck auf dem Sr.

42 884 83 69 Zaul

251 926 1385 80 Harià Platz ſehen laſſen, und mit ſchoͤner immerwaͤbrender Muſie im

61 944 57 54 ani

252 974 1155 73 Werck erwiſen, wie angenehm der Stadt dieſe Wahl ſeye.

44 1039 74 64 Pro.

365 1027 1265 69 In dieſem Zahr hat man an St. Georgen Tag denen Kirch⸗

243 1072 1389 76 ahrten zu der ſchoͤnen HHaria Zeichen geben, dieweil aber nit mehr

29 1087 94 65 erfole

241 1122 1389 94 s 27000. vorhanden, und noch 220-0. vonnoͤthen waren, haben viel

36 1137 87 68 raufl

77 1184 49 60 ni

236 1172 855 78 zeweint, und laͤhr heim gehen muſſen. (n)

48 1195 25 57 r

44 1237 41 68 c

353 1218 1279 81 In angezogenem alten von alhieſig Burgerlichen Rarb ſelbſt Aa-

250 1273 1379 75 6S 1522. in DDruck gegebenen Buͤchlein von der ſchoͤnen THaria liſe

32 1301 38 45 ,

292 1320 1336 72 folgendes: Als man zehtt nach der Geburt Chriſti tauſend, fuͤnfk⸗

47 1330 49 76 dit

247 1371 1382 69 undert, neunzeden, an unſer Frauen Verkuͤndigung Tag in der Eg⸗

24 1391 62 58 ibe.

241 1415 1389 82 ten, iſt in dieſer Capellen zu der ſchoͤnen THaria genannt das erſt

25 1448 40 59 at

66 1482 35 53 6

248 1464 1378 89 Hoͤrlich Ambt der Meß (ſo durch den gnaͤdigen Herrn Weyh⸗Bi⸗

245 1517 1381 86 oͤoff der Altar geweyht) gehalten, nachfolgend in dreyen Jahren diß

260 1561 40 61 .

32 1583 78 72 HIns

311 1573 1318 78 obaemelt Feſt ſetzt verſchienen, Aembter und Meß vollbracht wor⸗

251 1606 53 62 en

65 1621 65 61 cbu

330 1632 1299 63 fuͤnff und zwantzig tanſend, drey hundert, vier und ſibennig⸗

88 1674 37 62 0

284 1670 31 55 e

319 1679 1302 72 groſſe Zahl der Kirchfahrter verurſachte ein geſchwinde Peſtilentz⸗

245 1723 1381 78 avon ſtarden in anderhalb Jahren dey z00o. Menſchen. Ein ehrſa⸗

53 1717 88 74 Ind⸗

243 1757 61 58 ner

66 1767 75 64 Ba-

320 1773 1304 84 Rarh leßz den Thumb⸗Freythoff mit vil hnndert Fuhren Sand

27 1816 108 79 ptiſte

260 1805 177 78 ſhurten.

51 1872 76 56 reg

50 1914 81 61 Ktus

43 1967 60 61 1ol

32 2020 61 75 lie

50 2072 85 66 zus,

266 2072 886 110 ) en vnzn aen zuza dn ꝛrv. un uczernua tar

932 1930 119 70 Eee
