1571 2270
653 152 33 45 ur⸗

716 141 53 68 3

966 141 86 70 22.

1449 142 90 55 619

152 192 1384 71 21. OCobris ein groſſes Feſtin gehalten, und auf den Oberen Woͤrth

148 242 1387 72 ein kuͤnſtliches Feuerwerck anzuͤnden laſſen, worbey Titl. die fuͤrtrefti⸗

147 293 1386 76 Hhe Geſandte, ſo damahls in Regenſpurg ſich eingefunden, en Galla

145 339 208 72 erſchienen.

142 441 1388 65 nora Eliſabetha Hertzogin aus Bayrn, Ferdinandi Hertzogens unter⸗

273 389 1257 70 Den 12. Septembris verlieſſe dieſes Zeitliche Leopoldina Eleo-

140 489 1388 68 laſſene Wittib, ein Tochter Philippi Wilhelmi, Pfaltz⸗Grafens,

140 541 1389 68 und Hertzogens zu Neuburg. Sie ware gebohren 1691. verehelichet

135 590 993 64 mit Ferdinando Hertzogen in Bayrn Anno 1779.

135 684 1386 68 Abbtiſſin zu S. Clara allhier in Regenſpurg, welche den 19. Novem-

271 636 1248 68 Auf Abſterben der Titl. Hochwuͤrdigen Frauen Maria Polienia,

131 737 1392 66 bris verſchieden, wurde den 28. Decembris zu einer Abbtifſin allda er⸗

129 784 1396 65 waͤhlet die Hochwaͤrdige Frau Maria Bernardina, Novitz⸗ Meiſterin.

129 831 1390 65 Dero GOtt ſeine Gnad zu gluͤckſeeliger Regierung mittheilen wolle.

267 880 1252 65 Indeſſen wurde der nach Ableiben Caroli VI. HHoͤchſtſeel. Ge⸗

126 931 1393 62 daͤchtnuß entſtandene Krieg fortgeſetzet, und, ob zwar zwiſchen Oe⸗

123 981 1395 64 ſterreich und Bayern den 21. April 1725, der Frieden unterzeichnet

124 1029 1388 63 worden, waren doch die Maͤchten an anderen Orthen und Laͤndern ge⸗

121 1078 1390 65 gen einander. Bis endlichen den 25. Decembris 1725. zwiſchen Sei⸗

121 1124 1389 66 ner Maieſtaͤt der Roͤmiſchen Kayſerin, Koͤnigin von Ungarn und Boͤ⸗

118 1171 1391 71 heimb, und zwiſchen des Koͤnigs in Preuſſen Majeſtaͤt der Frieden zu

119 1223 1388 69 Dresden, unterzeichnet worden, an welch nemlichen Tag auch zwi⸗

119 1268 1387 71 ſchen Preuſſen und Gachſen, zu Dresden der Frieden beſchloſſen wur⸗

116 1320 1385 64 de. Das Roͤmiſche Reich uͤbernamme allhier auf den Reichs⸗Tag

113 1368 1391 62 die Guarantie dieſes zwiſchen Oeſterreich und Preuſſen gemachten, ſo⸗

112 1418 1389 78 genannten Dresdner⸗Friedens, doch mit Vor⸗ und Beybehal⸗

111 1483 1391 70 tung deren IURIUM IMPERI; dieſes geſchahe den 1A. May 1751.

109 1537 1386 68 Ludovicus Koͤnig in Franckreich biettete den 9. Septembris 1725.

111 1585 1390 70 zwar einen Friedens⸗ Congrels an, jedoch fahrte er fort in Niderlan⸗

109 1634 1388 68 den Eroberungen zu machen. In Welſchland wurde gleichfahls der

111 1683 1385 71 Krieg noch continuiret. Deren in Krieg verwickleten Potenzen be⸗

108 1730 1382 77 vollmaͤchtigte Miniſtri kamen zwar Anno 1727 an Friedens⸗ Preli-

105 1788 1386 73 minaries zu arbeiten, in der Stadt Breda auſammen; alleinig die

109 1839 1373 74 Conſerenzien wurden abgebrochen. Den 20. und 21. Mertz ꝛc. An-

107 1897 1383 75 no 1728. verſammlere man ſich zu Aachen, und wurden von den

105 1948 1380 93 8o. April auf den 1. Nay von denen Frantzoͤſiſchen, Engliſchen,

714 2011 152 78 Fiti 2

1400 2007 88 72 und
