1959 2500
669 216 34 59 2

728 216 336 78 28 (0) 29-

1485 231 91 62 212

180 266 1399 84 Koͤnig ließ ſich tauffen; wurde forthin Srephanus genannt, das Land

179 322 1399 83 wourde dekehrt, und geſchahe durch Giſalam viel Gutes. In dieſem

179 370 1210 80 Jahr gabs in Bayrn, ja gantz Teutſchland groſſe Erdbiden.

291 430 1284 74 Der heilige HHainrich dauete unſer abgebrenntes Cloſter wieder

179 472 1393 80 dr, und richtet ein Tabular in unſer Kirchen von ſchoͤnen Fignren.

187 520 1384 91 Conhirmiret Anno 1021. dem Cloſter Ayrerhoffen, und beſtaͤttiget

177 568 835 93 Ne Pririlegia deren vorigen Kayſern. ()

437 870 866 60 CIAA. TV N. AXTXAX V L.

293 970 1271 85 Ach Abbt Ricboldi zeitlichen Hintrit, iſt Hartvvicus der Achte

200 1058 34 47 J

309 1031 1249 69 Abbt zur Prœlatur kommen, aber darmit bald fertig worden,

301 1079 1262 75 dann nachdem er 1. Jahr, 16. Monath, und 28. Taͤg ſelbi⸗

201 1108 21 57 1

250 1130 1310 75 ſorgeſtanden, hat ihme der Tod Feverabend gebotten. (a) Auf

190 1154 50 62 ne

254 1180 1310 76 am der Neundte Abbt Burchardus aus dem Cloſter Reichenau

229 1229 1332 82 cdert, der regierte S. Jahr, 8. Monath, und 8. Taͤg, ſtarb zu

208 1266 58 59 dm

283 1284 1275 75 am heiligen Oſter⸗ Tag, und wurde zu S. Perer begraben.

216 1311 50 68 at

282 1334 1278 74 Urſachen man aber die Profeſlos prœteriret, und von fremd ſo

186 1354 61 64 der

266 1384 1292 66 ntlegenen Cloſter, Burchardum erforderet, findet ſich nicht; die⸗

238 1427 1320 82 oer, daß unſer Arnoldus von Vohburg, des Cloſters Probſt, zu

182 1473 1372 86 wachten Praͤlaten fo gendes geſchrieden: (H) IIn doc procul dubio,

218 1515 43 53 ꝛ0

273 1531 1278 74 ros tali loco deſtinavit ad nos, in quo hadtenus ipſo donante,

233 1579 1323 87 inCiſlima Virgine Maria adjuvante abundant Patres, & Fratres,

176 1588 36 84 .

255 1631 991 75 ond DEum, ſive apnd Sœculum valde nobiles.)

169 1686 85 86 ud

282 1681 1274 81 Dieſer Arnoldus ware (wie oben Cap. 25. gemeldet worden)

263 1734 1297 85 tein von hochen Stammen, ſondern auch ein frommer, andaͤch⸗

801 1793 136 84 9 h 2

1450 1801 108 71 riger

34 1286 35 66 o.

25 1333 50 67 od

40 1386 35 62 ol

272 1936 242 68 ie Diplomar-

254 1981 1303 84 Aͤnſer Arnoldus bey Darnage tom. IIL pag. 129 ſchradet, das Hartwicus freywilug die Ass⸗

230 1993 17 52 t

320 2029 395 58 Regierung abgetretten habe.

222 2054 1331 80 T Arnoldur in ſemer Epiſtola an Vurcbardon Atten. Dasnage tom. UL v. v9. Ens dit⸗

234 2097 1313 90 KPonen R merſchm, dat Antr Burebardur nuchr ven ꝛmen Moͤnchen arvadun oer vo

226 2118 215 82 ſtuuͤrrt worden

33 2030 32 56 e
