1923 2446
21 214 127 71 holiſch⸗

35 273 110 64 ertunt

84 312 51 64 n

955 173 49 74 ,

1549 187 85 63 102

243 225 1393 84 diß Jahr doppeit Steur geben muͤſſen, fiengen an mit denen Geiſtli⸗

237 274 309 77 hhen zu zancken.

244 381 1389 78 en geſchahen, auch viel Opfer fiele, ſuchte der Adminiſtrator ſoannes

356 332 1280 74 Dieweil ſo viel Wahlfahrten zu der nenen Kirchen oder Capel⸗

240 430 1398 78 den dritten Theil. Der Magiſtrar geſtunde nichts; dahero folgte ſol⸗

240 479 1394 79 hhe Uneinigkeit, dab jeder thaͤt, was dem andern leyd und zuwider

240 520 83 62 war.

360 539 1273 67 Hertzog Ludwig aus Bayrn lag allhie in unſerm Cloſter, ſuch⸗

250 580 1383 79 Mittel und Weeg, die Streittende zu vereinigen, ader vergebens.

252 629 1380 83 s kunte auch Anno 1722. das Kammer⸗Gericht (ſo dazumahl zu

248 680 1385 75 Lurnberg war,) den HHandel nit ſchlichten, biß man endlich den z0.

241 729 1389 78 Zunii auf gewifſe Schidleuth compromittirte; die enſcheideten in Bey⸗

241 770 66 64 eyn

327 785 1305 71 Hertzog Wilhelmen zu Muͤnchen den Handel, daß die Diſpoli-

250 826 1378 85 on, Adminiſtrarion, und Verwaltung ſolcher Gefaͤll bey Cammerer

247 877 1382 83 nd Rarh ſeyn und bleiben, dieſelbe zur Nothdurfft der Capellen ein⸗

243 928 1389 81 Anehmen, und auszugeben: Und der Adminiſtraror fuͤr alles ſich mit

266 978 1363 80 0o. fl. contentiren laſſen ſolle. Alſo wurde Fried, und dieſes be⸗

243 1024 1227 83 ſaͤttigt mit einem anſehnlichen Panguet in des Biſchoffs Hoff-

350 1085 1284 68 Es iſt oben im 5o. Capitel vermeldet worden, daß man allhie

248 1125 1382 87 eſtum SS. Reliquiarum introducirt, und allweg in Dominica Ouaſi-

237 1176 1391 86 aogeniti gehalten hat. Als ſolches Anno 1521. widerumd geſchehen⸗

243 1208 31 61 1

278 1227 1352 85 der undeſcheidene, und zur Aufruhr gar geneigte Poͤbel (welcher

248 1275 1382 86 ldereit zu Veraͤnderung der Religion geneigt war) in dem Heyl⸗

244 1322 1385 88 dum⸗Stuhl gefallen, und ſolchen mit Ungeſtum uͤber ein Hauffen ge⸗

237 1368 1389 92 ſuͤrtzt, und nidergeriſſen. Folgends iſt ſolche Andacht unterlaſſen

245 1418 1383 90 worden. Gleichwohl werden die heilige Reliquien unſers Cloſters von

251 1470 1374 91 lichen Jahren her am Feſt der Heil. Patronorum Monaſterii (ſa

243 1517 1386 97 ahrlich am Sonntag nach Chriſti Erklaͤrung fallt,) den frommen

258 1574 1370 94 Aſten, ꝛu Verehrung dor Angen geſtellt, und von der Cantel ver⸗

250 1615 81 99 En.

351 1670 1274 88 Anno 1527. verbrann das Multz⸗Hauß in unſerm Eloſter. &s

247 1728 1379 90 far ein groſſe und gefaͤhrliche Brunſt, doch iſts ohne fernern Scha⸗

248 1762 258 84 m abgangen.

349 1829 1277 85 Clemenr VIL. boͤrete von der neuen Lurheri Lehr, und wie ſel⸗

288 1873 1338 96 em Krebs gleich, um ſich fraſſe. Daß jedermann des Gewiſſens

248 1902 37 64 r

281 1916 111 73 vheit

402 1932 1224 83 ſuchte, und mt leichter Manier als mit den Glauben adein

273 1979 1353 90 deynt in den Hmmmel zu kommen, wider offenbahre Lehr Chriſtt,

239 2026 1383 96 ꝛaͤtth. 1T. Das vimmelreick leider Gewalr, der bey dem Glanben

925 2103 162 64 Eee 2

1489 2100 133 78 allein

89 691 34 46 e.

19 959 55 45 ilt,

54 1059 13 38 .

47 1130 72 118 2

72 1316 48 86 d⸗

67 1429 45 53 un.

85 1513 38 64 1.

73 1611 46 64 eir

47 1676 23 62 ,

67 1705 58 72 dis

100 1880 15 52 e
