1959 2500
55 288 72 62 den⸗

77 341 50 54 ren

38 384 89 66 Heil⸗

31 434 91 70 onus

47 487 72 69 ffer

72 540 41 58 er

47 591 65 70 our

45 643 71 65 rten

733 238 121 80 -12s

936 244 68 72 )

1067 243 61 69 8.

1549 259 82 59 209

234 291 1397 86 Fuͤrſtl. Gnaden Biſchoff Albertns von Coͤring (von dero Fromm⸗

236 348 1392 82 and Gottſeeligkeit hinnach mit mehrern was zu melden, und zu ruͤh⸗

234 397 1398 83 men ſeyn wird,) als geweſter Canonicus nichts genoſſen, ſo haben

238 447 1390 82 doch dieſelbe er ſingulari derotione, welche ſie erga B. Albertum M.

237 498 1389 83 tam ratione Nominis, quaͤm etiam, gnoͤd tuerit Antecellor, & Epi-

244 548 1387 79 copus Ratisbonenlis, getragen, ſein Feſt in Ecclelia Ratisdonenli

240 597 1388 82 fab Ritu duplici eingeſetzt, und verordnet, daß jetzt ermeltes Feſt alle

238 648 1390 81 Jahr lolenniter den 15. Novembr. in der Thumb⸗ Kirchen celebrirt

240 702 1386 78 derde, wie dann das HHoch⸗Ambt an demſelben bißhero der Hochwur⸗

250 754 1376 77 ige Herr Weyh⸗Biſchoff jedesmahl gehalten. Er relignirte das Bi⸗

237 801 1391 85 ſtumb noch Anno 1262. bediente ſich ſeines Heil. Ordens, und ſtard

238 840 35 69 .

282 854 1228 79 Colln im 80. Jahr ſeines Alters, aber im Jahr Chriſti 1280.

345 913 1283 73 Anno 1252. Ottocarus Koͤnig in Boͤhm, bildete ihme ein,

255 951 1374 87 Scharding, Tleuburg, und Ried waͤren unbillig Deſterreich ent⸗

244 1006 1387 78 (ohen an Bayrn kommen, morirt deßzwegen Hertzog Heinrichen einen

247 1056 1382 77 Lrieg, kame ſchnell mit einer Armee in Bayrn, und hauſete uͤbel.

241 1105 1388 81 ſeinicus richtete ſich in der Eyl zur Gegenwehr, ſo gut er kunte. Er⸗

238 1131 77 74 uch

329 1156 1302 82 ſeinen Bruder Ludovicum Severum um Huͤlff, der kam bald, und

283 1208 1346 80 hroͤckte mit der zuſammen gebrachten Armee Ortocarum dermaſſen,

272 1245 36 66 .

323 1262 1309 79 er kein Schlacht erwartete, ſondern zu Wuͤbldorff die Fluche

243 1281 82 74 der

326 1315 1305 71 die Inn⸗Brucken nahme, die den Laſt der Soldaten nit ertragen

252 1359 1380 79 ante, ſonder zerdrach, daß alſo ein guter Theil deren Soldaten verſauffen

244 1406 1385 82 auſte, die anderen Fluͤchtige blieben theils von denen Verfolgeren aur

247 1440 55 60 en

326 1456 1305 80 kand, theils, wurden in dem Waſſer erſchoſſen. Nach dieſer

258 1505 1374 93 arrlas machte Ortocarus Fried mit Hayrn, den er ader nit lang

237 1530 104 106 ꝛeue

243 1627 55 68 mi

351 1601 1281 87 Daß dieſe ur⸗ alte, denen Beyriſchen Koͤnigen und Hertocen

323 1668 1308 76 geden geweſte Stadt Regenſpurg von Kayſer Friderico den Hoͤchſt⸗

241 1676 41 60 1

320 1719 1309 78 Hen Haus Bayrn entzohen, und an das Reich geden worden,

240 1723 90 79 unt⸗

241 1776 32 58 ꝛ

354 1766 1279 79 onderbar Ludovicus Feverus genannt, Hertzog in Bayrn, nicht

339 1818 1293 68 ſen, bauete derowegen Anno 1259. ein veſtes Schloß gegen der

307 1848 41 64 d

373 1866 1259 72 hinuber auf den Regen⸗ oder Geyer⸗Berg, ſo er Lands⸗

258 1894 72 61 ron

348 1915 1284 80 genannt, woraus er die Stadt belaͤgerte Die Regenſpurger

257 1961 1375 86 Achreten dieſe Brullen werde ihnen auf die Naſen geſetzt, der Her⸗

325 2015 1308 80 Ludwig ſene ihnen zu witzig und ſtarck, zu Rechten unmoͤglich,

308 2063 1327 85 wderſtehen beſchwarlich, machten mit Bitten und Geid ein Nider⸗

309 2116 1323 88 t angefangenen Veſtung. Ottocari gemachter Fried bliebe nicht

964 2181 151 87 Cs 2

1538 2180 95 97 labs

70 794 39 62 1

50 843 63 52 we⸗

50 888 61 68 nni

31 997 70 64 d I

30 1090 75 78 ines

47 1143 57 59 51.

34 1191 60 75 bil⸗

48 1291 42 63 ul

36 1341 65 68 des

50 1395 23 57 .

25 1437 76 71 gdes

41 1543 52 68 et⸗

23 1690 71 62 dent

36 1740 59 60 die

37 1841 46 59 ie⸗

61 1904 22 40 ,

41 1940 42 60 n⸗
