1911 2480
377 236 91 60 371

884 236 52 72 -.

938 236 346 75 2 (O) Zeb-

366 282 1392 84 Kayſer wollt aber nichts anders hoͤren, als von der Reſtitution de

367 337 1359 81 Stadt Regenſpurg: dahero neben Kriegs⸗Bedrohungen, erklaͤret

367 389 1342 79 Hertzog Albrechten durch das gantze Roͤmiſche Reich in die Aacht,

366 442 1327 81 Stadt Regenſpurg in die Aber⸗Acht. Die Execution wurde

366 491 1346 86 dem Kayſer dem Edlen Hannſen Senger anbefohlen. Der &

362 545 1349 75 wollte beederſeits angehen, Koͤnig Nlanimilian kam immerdar ent,

363 597 1319 78 ſchen, und wolit Fried machen; den er endlich den vierdten So

360 643 1340 83 nach Oſtern, Anno 1292, von Alberto erhalten, und ſeinen.

366 691 1316 81 Vattern Kayſer Friderichen verkuͤndigen laſſen. Der Kayſer er

359 749 1294 79 te ſich hoch, abſonderlich daß ſein Sohn Koͤnig Mazimilian, ſo

360 796 1243 84 liebend, und das Blut⸗ Vergieſſen zu verhinderen ſo geneigt.

356 851 1306 80 nun an deme, daß man die Friedens⸗Puncten ſollte aufrichten;

358 894 1329 91 anderen war dis bedingt, daß Hertzog Albrechr Regenſpurg ſolj

358 949 1300 84 riren, die angefangene Reſidentz ralkiren, und denen Kayſerlichen

356 1000 1294 82 millarien das ſichere Geleit, in⸗ und aus der Stadt geben, ꝛc.

356 1052 1315 83 kam die Stadt Regenſpurg, nachdem ſie S. Jahr und 10. Mon

356 1106 1272 78 Bayriſcher ſurisdiction und Schutz war, wieder zum Reich.

354 1154 1331 88 viel gioͤckſeeliger waͤre ſie geweſen, wann ſie bey Bayrn verdt

354 1206 1336 86 waͤre; dann gleichwie gantz Bayrn bey dem alten Glauben conlt

354 1264 1313 79 ret worden, alſo wurde Regenſpurg denſelben auch nicht verlaſſe

351 1311 1317 83 ben. Etliche des Raths haben ſich aus der Stadt gemacht, d.

352 1358 1291 83 dern ſeynd in die Burgerliche Straff gefallen, und des Rarhe

354 1413 1282 84 tzet, und in Vigitia Allamptionis B. Mariæ Virg. um 7. Uhr

351 1470 1306 73 mittag in ein Thurn gelegt worden, worinn ſie bis auf den a

1690 1450 40 72 n

351 1514 1303 88 nuarii andern Jahrs verbleiben muſſen. Der Kayſer Friderick

362 1567 1250 90 guter Ordnung des Reichs, ſtard im folgenden 1a23ſten

352 1613 124 89 Eins.

487 1694 1119 104 Anno 1291. iſt die Donau alhie ſo ſtarck angeloffen,

1621 1704 65 74 dat

351 1753 1230 94 auch die Schwimboͤgen der ſteinernen Brucken uͤberſtiegen.

1642 1752 84 68 rs es

355 1814 1258 84 folgte ein groſſer HHunger in Bayrn und Francken, worvon vi

359 1868 1279 122 ded i Brnnd gagen, niel nandibeichze Speiſen haben eſſen;

1846 1195 52 60 An

1847 1376 18 37 2,

1847 1540 15 45 ,

1842 1580 52 58 ler

1846 1624 16 50 .

1842 1700 45 56 En

1844 1747 60 62 Set

1835 1789 67 64 ſori

1840 1844 58 47 eine

1844 1879 25 48 e

1840 1919 59 59 pto

1846 1964 53 51 ur

1839 1999 56 63 den

1836 2041 58 122 &o

1624 2083 92 113 nſo,

1848 585 35 54 ne

1848 633 40 98 ;

1847 1005 36 73 8.
