1911 2480
885 242 396 66 ct2s (0) Zeg-

380 236 95 62 388

373 292 1385 75 nem andertrauten Reichs⸗Stifft S. Emmeram nit allein ſchon in Ann⸗

381 345 1355 75 1661. zuſchicken, und daſelbſt zu laſſen, von Hoͤchſt ernannt Sr. Chu

1718 391 30 58 ⸗

376 395 1332 70 fuͤrſtl. Durchl. gnaͤdigiſt verwilliget, und dieſelbe aus dero gnaͤdigi

383 445 1318 73 Verordnung von des Cloſters alldorten Einkunfften unterhalten?

1705 449 35 51 9.

374 496 1337 74 den, ſondern es haben auch HHoͤchſtgedacht Sr. Churfuͤrſtl. Dur

374 548 1335 73 Anno 1669. bedeites Cloſter Reichenbach beſagten heiligen Order

373 596 1316 74 Benedicti allerdings ubergeben, und demſelben durch dero gehe

378 648 1289 67 Rath HHerrn Marrhaum Marquart, nunmehro ſeelig, und den.

374 694 1342 77 fuͤrſtl. Reviſion- und HHoff⸗Kammer⸗ jetzt geheimen Rarh Herrn-

377 746 1299 65 hann Baptiſt Leuttl, als hierzu abfonderlich verordnet hochanſeh

376 799 1298 66 Herrn Commillarien, wurcklich einraumen laſſen, welches Sr. G

373 844 1303 72 furſtl. Durchl. und dero hoͤchftloͤblichen Chur⸗HHauß in Nahmer

373 898 1289 69 wegen des gantzen Ordens S. Benedicti, von mir billich und ſchul

370 945 1302 75 um ſo viel mehrers anzuruhmen, daß, ungeachr Sr. Churfarſt

374 1000 1302 67 Durchl. das gantz Hertzogthum der Obern⸗Pfaltz, und mit der,

369 1047 1305 73 diß darinnuͤegende Cloſter, vermoͤg des Frieden⸗Schluß, verblie

367 1098 1307 70 alſo dieſelbe wohl ein andere Dilpolition mit dieſem Cloſter haͤtte

366 1149 1296 70 chen koͤnnen, fie jedoch deren ſich nit bedienen, ſondern lieber und

365 1197 1307 69 digiſt ermeltes Cloſter Reichenbach dem Orden S. Benedicti angt

363 1245 1305 76 ter maſſen uͤbergeden laſſen wollen, geftalten es auch nach ſolchen

365 1293 1295 75 gedacht⸗ aus unſerm Cloſter S. Emmerami dahin verordneten Relis

360 1346 1314 71 deſetzt, und mir Cœleſtino Abbten zu jetzt ermelten S. Emmerai

360 1394 1290 74 Regenſpurg die Adminiſtration deſſelden gnaͤdigiſt anvertraut we

359 1445 1284 71 daß alſo oͤffters hoͤchſternannt Sr. Churfuͤrſtl. Durchl. pro nore

360 1493 1293 79 datore zu halten, und dieſe Churfuͤrſtl. Gnad von dem geſammte

359 1541 1191 82 nedictiner⸗ Orden billig und demuthigiſt abzudienen iſt. (e)

496 1598 1124 76 Anno 1279. begehrte der Magiltrat allhie von denen 2

356 1639 1294 83 das Ungelt von dem Getranck, und Steuer das erſtemal, zwar ni

362 1693 1291 77 2. Jahr, ſfo die Burger ubel auſgenommen. Als aber wider dar

354 1742 1302 76 fagen daſſelbe continuiren wotte, gabs Anno 1a85. nit ein ge

1682 1773 36 59 el

354 1795 1240 84 Aufruhr, es ſtunden die Hundwercker in der Durgerſchafft n

1861 620 27 44 1

1861 712 38 52 ge

1665 1985 48 52 nt

391 2006 1170 64 ſo) Von Neſer Tmmistoon ſernd die volkommene Acta and Oeiginoti, verdendmn.

1567 1997 83 60 Nebſt

420 2044 1222 68 chendach ſeyno anch anderi Elsſter zu deſer Zuer, (wie unter Cœlenino Addten hernat

418 2084 1225 61 let ſolle werden/) dinen anderen heriden Orden reſtimiret worden. Und daͤrſice ket noc-

413 2119 1232 75 tgzrhet gchunt (d den anderen Ddel die hes Hatirdor Norddsc-) nuchras dans

413 2161 99 57 rhlen.

1847 1166 50 54 cut

1853 1213 41 53 ꝛ.

1855 1329 38 40 JU

1851 1603 47 65 in

1844 1664 24 43 0.

1842 1748 56 69 ſeitr

1848 1803 17 55 1

1843 1924 54 46 tte,

1850 1950 54 69 0e

1848 2000 34 57 v

1843 2051 47 65 ne

1865 351 39 59 n

1862 502 28 58 r

1864 552 31 62 e.

1860 910 35 59 ze

1860 957 17 54 1
