1991 2551
39 306 61 51 Att⸗

18 348 86 60 hri⸗

34 402 72 62 del⸗

25 462 81 52 nem

36 501 67 68 der

25 556 78 54 ver⸗

59 600 38 71 zu

17 660 85 61 Aus

772 238 37 72 -

330 289 1332 95 Emmeranus Aqnitan. Dionzſius Areopag. bie requieſeit ſub Arnul-

1067 240 100 76 M8-

249 335 542 83 pbo Imperatore S Odone R.

245 517 910 92 unter Rarſer Arnolgh, und Odone Roͤnig.

357 467 1290 94 Emmeramus ein Aquiranier, Dionylius Areopagita ruher da,

811 408 282 76 Zu Teutſch.

744 588 389 82 Der ander Stein.

367 649 1148 86 Sub Ebulone Abbate Mon. Sei. Dionyſiͤ GCiſalbertus furavit.

805 711 268 76 Zu Teutſch:

243 803 341 94 derrus geſtollen.

365 768 1279 86 Unter Ebulon dem Abbten des Cloſters S. Dionylii har Cilal-

521 875 827 95 Der drite Stein hat folgende Schrifft-

340 942 1200 98 Furatus eſt V. V. Ful. bae venit I. N. Dece. tem. Taton. Epi-

804 1014 272 77 Zu Teutſch:

236 1113 875 88 2. Decemd. zu Sciten Turonis Biſchoffen.

370 1068 1276 87 Iſt geſtollen worden den drirten ſulii, allhero kommen den

347 1203 1289 88 Nach Herausſuchung diſer Stein, zeigten ſich zwey FTruͤchlein,

233 1252 1407 91 n deren einem das heilige Haupt Diony ſii, in dem anderen aber die

233 1302 1406 89 uͤdrige diſes heiligen Martyrers Gebein gefunden worden; in einem

226 1350 1413 101 fande man folgende Schrifft, die zeigete von wahrhafften Leib diſes

226 1397 203 71 Heiligen:

338 1463 1292 97 In nomine Sande & indiridoa Triniratis norum ſt omnidus,

232 1523 1400 92 muod hie eſt corpus Sanctillimi Dionvſii, qui à loco Areopagite &

233 1574 1396 96 arriorico pronomine ſonicus, Chriſtiano autem agnomine eſt ap-

224 1628 1408 93 pellarus Macharius, à S. Paulo Apoſtolo Arhenienſium ordinarus

231 1677 1396 98 Archi-Epilcopus, Apoſtolica Aurhoritate Beati Clementis Papu

231 1727 1394 98 ſnͤverlalis torius galliæ conſtirntus Apoſtolus pro fide Chriſti lub

224 1777 1403 100 Oomians Calare, pralecto Siſinnio 7. idus Octobris gloriolom

221 1828 1404 100 Marryrium perpetrarir, & capur proprium per duo millia ſere de-

222 1880 1404 101 portavir usque ad locum., in gno nune DEi diſpolitione re zuieleir

221 1934 1402 96 iumarum Eine ceſlatione Te landans, Er dcens: gloria tibi Domi-

221 1972 62 63 ne.

327 1991 1296 92 Wordey ſich gleich diſes Wunder erzeigt, daß ſich das Haupt

226 2037 1394 95 or maͤnniglich ubernarhrlicher Weis zu dem Leib und Gebeinen de⸗

222 2093 1394 133 N. n dirdet⸗ ds Evt det ige; i weichzen das Hadn gedig.

928 2172 23 50 2

1542 2172 76 82 dis

48 1251 28 57 ri

45 1308 32 53 t
