1566 2270
630 95 355 72 (2S (0) 289.

75 105 91 56 198

210 143 1253 72 Man bernamm, daß der Feind in Buyrn wollte, der General

74 195 1380 68 Tilli kam vorher darein, kunte aber die Eroberung der Stadt Do

69 245 1391 70 nauwoͤrrh den Feind nicht verwehren. Bemuhete ſich doch ſamt den

69 296 1392 67 Chur⸗Fuͤrſten Mazimitiano, der ſich auch wieder in das Feld begab⸗

71 343 1385 71 daß er nicht uͤber die Donau oder Aech kommen moͤchte; um dieſer

76 394 1386 67 Daß ſchlagte man ſich immerdar, und empfienge der General Telli von

70 440 1388 73 einem Falconet um das rechte Kne einen Schuß, daß er muͤßte von

1384 474 69 72 luͤct

71 491 1291 67 der Armee nacher Ingolſtadt gefuͤhret werden. Ab dieſem U⸗

70 543 1319 66 entfiele denen Bayriſchen Soldaten das HHertz, und weil ſie ſich g

70 588 1382 71 dem Feind zu ſchwach befanden, iſt fuͤr rathſamer gehalten worden.

71 638 1365 68 ſich zu retiriren, und Intolſtatr zu verwahren. Gieng alſo der Chu⸗

73 686 1301 63 Fuͤrſt Mazimilian mit ſeinen Toͤlckeren dahin. Der Koͤnig in Se

71 731 1308 72 den aber auf Augſpurg, um Willen er ſo freundlich eingeladen

78 781 1301 68 de. Es machte wohl der Sach ein Schein, als haͤtte er die &

69 829 1322 72 aufgeforderet, weil man die Ubergab mit vielen Puncten bedinget,

70 878 1329 69 deme man aber denen Catholiſchen nichts gehalten, hat man wohl

73 926 1323 72 hen koͤnnen, wie angenehm dieſer Gaſt ware. Das probierte⸗

71 976 1358 69 das groſſe Frolocken und Fublen deren Augſpurgiſchen Conkeſion 5

79 1025 1357 69 gethanen, denen ſchon recht ware, wann der uralte hoͤchſt ruͤhmlic

73 1070 1345 73 Nahm Auguſta, in cuſtava veraͤnderet wurde. So war auch den

75 1119 1349 71 Staͤdten EVemmingen, (Toͤrdlingen, Rempten, und anderen n.

70 1170 1360 70 mand angenehmer, als die Schweden, von denen ſie die Freyheits

71 1220 1298 68 hofft, geſucht, und ſeyno darneben in hoͤchſte Armuth und Schi

71 1272 297 58 Laſt gerathen.

204 1360 1240 77 Wer ſoll zweiflen, daß die Regenſpurger allhie nicht auch bes

73 1411 1341 74 rig waren, den Koͤnig aus Schweden zu ſehen, und zu venerire.

76 1457 1336 77 Es ſtund aber in ihren Maͤchten nicht, denſelben einzulaſſen, wei

69 1507 1373 69 der Chur⸗Fuͤrſt Mazimilian zur Defenſion dieſer Staot 1500. Wani

71 1554 1349 71 zeitlich herein gelegt, und hernach den 18. April durch einen Kries

1381 1589 67 59 pie.

68 1609 1251 65 Liſt des Commendanten Obriſten von Salis, noch mehr, unt

1354 1638 92 61 Gol⸗

69 1650 1247 76 man zur Defenlion fuͤr norhwendig erachtete. Die Bayriſch

71 1698 1372 75 daten dilarmirten ſelbigen Tag gleich die Burgerſchafft, und berſchang

69 1749 1373 68 ten die Stadt, ſo gut ſie in der Eyl thun koͤnnen. Die œraot ken

66 1793 1376 78 nete der Goldaten Manier nicht, und fiel ihnen ſchwaͤr, ſo viel zu er

65 1843 1379 72 kalten, und ibre Kriegs⸗ Murhwillen zu geduiten; dahero ſte bey den

68 1890 1374 86 Kayſer ſich de lagt, und ein Relerirrun an den Chur⸗Fuͤrſten Mez.

1322 1928 125 67 miliar
