1991 2551
747 280 38 48 as

927 279 45 59 0

1581 294 51 60 97

226 333 1413 73 nugſam aus dieſem, weilen, nachdeme Bonifacius das Banrland in

226 379 1407 83 2. Biſtumer als Galtzburg, Aichſtaͤrt, Regenſpurg, und Freyſing

225 433 1404 87 ausgetheilet, Gaubaldum dem Biſtum Regenſpurg zu einem Biſchoff

229 484 1406 82 vorgeſetzt: (a) aus deſſen Willen, er ſein Sitz bey St. Emmeram;

226 532 1410 88 weilen ſonſten keine Kirch einen Biſchoffen erhalten kunte, gemacht.

228 581 1408 85 Dieſem Biſchoͤffuchen Amt mit was fuͤr Sorg, und Wachtbarkeit

226 642 1406 79 er vorgeſtanden, mit was Tugenden er jedermann vorgeleuchtet, iſt

226 685 1409 87 kaum zu beſchreiben. Die Andacht des Gottſeeligen Ganbaldi war

225 735 1405 86 ſonderbar geſtellt gegen dem wunderthaͤtigen heiligen Emmeramo: zu

228 790 1405 85 dero Bezeugnuß aus ſonderbahrer Verlangung aller Geiſtlichen und

228 838 1402 91 Weltlichen, unterſtund er ſich deſſen heiligen Leib zu erheden, und in

225 891 1404 84 ein koſtbarliche Bahr oder Truchen als ein unerſchaͤtzliches Kleinod zu

228 945 1401 83 egen. Man eroͤffnet das Grab, und war an deme, daß man den

222 993 1405 86 troͤſten Stein, mit welchem der Leichnam dedecket war, ſolte hinweg

222 1043 1408 89 thun: als ſelbiger von ſtarcken Maͤnnern bey anderthalb Spann geruckt

222 1095 1404 85 ſoare, iſt alle ein ſolche Schwaͤche und Forcht ankommen, daß ſie ab⸗

226 1149 1399 78 elaſſen, und nidergeſuncken ſeynd, auſſer eines, der von GOtt allein

222 1184 43 63 di

300 1201 1325 83 Staͤrcke bekommen, den Laſt des Steins ſo lang zu tragen, und

226 1244 1393 98 u halten, diß die andere widerum Athem geſchoͤpfft, und HHertz gefaſt,

218 1301 1405 87 pas loͤbliche Werck zu vollenden; wie dann hernach ihnen der Stein ſa

221 1347 1399 91 ering vorkam, als haͤtte er nie kein natuͤrliche Schwaͤre gehabr.

218 1401 1401 89 Durch welches dreyfache Wunder erfuͤllet wurde, was David am &7.

211 1445 1411 92 PDfalm geſchrieben: wunderbarlich iſt GOtt in ſeinen HHeiligen, GOtt

207 1493 1413 98 Iſrael wird geben Krafft und Staͤrcke Wegen Ehrerbiethigkeit ge⸗

208 1544 1414 98 gen ſeinen Martyrer hat er ſie zu Boden geworffen, zu ſeinem Lob wun⸗

214 1595 1408 99 derdarlich geſlaͤrckt, und einem allein, dem heiligen Leib zu dienen, die

214 1649 1408 99 Staͤrcke gegeben. Iſt alſo von Biſchoff Gaubaldo und deſſen Prieſter⸗

222 1700 1397 102 dafrt das Heylthum erhebt, mit groſſer Andacht verehrt, koͤſtuich mit

361 1761 1258 82 Silber, und Edelgeſtein geziert, und aufs neu in das vorbe⸗

207 1784 79 64 reik⸗

320 1811 1296 85 Drab geſetzt worden. Diß aus der Chronick Arnoldi eines ge⸗

207 1842 148 74 dohrner

385 1865 1230 82 Hrafen von Vohburg, und Cham dieſes Cloſters aber Pri-

212 1891 156 90 n. (d.

225 2145 1385 94 (O) Arnoldus Monachus S. Emmerami Id. 1. de mireculis S. Eœmerani. cap. 1. apua )-

259 2192 1225 91 codum Bamnage teckonum anigoarum Henrici Canilii. tom. 1. rec. ros. & 10s.

233 2217 725 98 O) Arnoldͤur ePud Demege at. loro. 1r. ros.

857 2011 124 75 M 2

1511 2012 104 82 Tn-
