1566 2270
609 126 43 53 ar.

671 126 290 63 28 (O) 2.

121 131 88 60 582

121 175 1364 73 Schreiben an Titl. Fuͤrſt Anſelm ſub dato 25. Pebruarii 1752. erge

117 229 1373 71 hen laſſen, und notificirt, daß HHoͤchſt Dieſelbe an alle Regierungen

118 279 1372 67 und Dicaſterien die Anſchaffung des Fuͤrſtlichen Prœdicats anbeſohlen

1433 316 53 62 ſter

116 330 1282 65 Gleiche gnaͤdigiſte Anordnung, iſt auf vorhergehendes demuth

114 379 1372 67 Anlangen, von Seiner Hochfuͤrſtlichen Durchlaucht Tirl. Theodo.

117 427 1366 68 Hertzog in Bayrn, Biſchoffen zu Regenſpurg an Dero Titl. Geift

1391 462 89 63 umb

116 480 1232 64 und Weltliche Dicaſteria, und an Titl. Titl. Hochwurdiges

1415 505 56 70 Bi

116 528 1275 63 Capitul verfuͤget worden ſub dato 9. April 1732. Seine Ert

116 572 1352 73 ſchoͤffliche Gnaden zu Saltzburg haben ebenfalls dergleichen gnaͤdis

116 626 1283 66 ſten Befelch, nach beſchehenen demuͤthigiſten Anlangen, an dere

118 675 1360 65 Dicaſteria ſub dato z1. Fenner 1722. ertheilet. GOtt gebe Sei

116 722 1325 66 Goͤttliche Gnad, daß dieſe Fuͤrſtliche Wuͤrde zu Seiner hoͤchſten

121 773 1327 64 re, zu Erhaltung Cloͤſterlicher Diſciplin: und zu einen guten Ereni

116 819 1341 68 an Tugend und Verdienſt beſtaͤndig Horire. NB. Das Diplomal

121 870 1345 68 roli PL Roͤmiſchen Rayſers beſihe hinnach an ſemnen Orrh unt

116 920 422 64 denen Diplomaten ꝛc.

251 966 1163 69 Anno 1722. ſeynd viele tauſend Einwohner des Ertz⸗Bit

117 1021 1278 64 Galtzburg aus dieſem Ertz⸗Stifft ausgewanderet, um, wie

116 1066 1317 67 vorgaben, das wahre Liecht des Glaubens zu ſuchen. GOtt erteu

116 1114 1323 72 dieſe Hertzen mit ſeiner Gnade, daß ſie von dem Frithum zuruck.

116 1167 479 62 ren, und ſeelig werden.

252 1210 1219 68 Anno 1752. wurde unter Titl. HHochwuͤrden Fran M. Poliel

113 1261 1348 69 nia Abbtißin zu S. Cara allhier, das GOtts⸗ Haus, oder Cloſte

113 1312 1323 71 Kirchen allda, bey & Magdalena, herꝛlich zu erneueren angefans

117 1365 549 63 und Anno 1732. vollendet.

251 1407 1168 68 Anno 1752. ware der Anfang der in unſerer Stiffts⸗Kit

118 1455 1295 67 zu Ehren des heiligen Ertz⸗Vatters Benedicti, um Erlangung eines⸗

122 1505 1296 67 ſeeligen Sterb⸗ Stuͤndels angeſtellten ⸗ taͤgigen Andacht, alſo gem

117 1554 1317 67 daß waͤhrenden 8. Taͤgen (von dem Feſt S. Benedicti anzufang

116 1604 1332 65 allzeit um 10. Uhr unter der heiligen Meß, und Ausſetzung des He

119 1652 1359 71 wuͤrdigiſten Guts der Roſenkrantz, und Litaney von dem heiligen Ben.

123 1698 1333 71 dicto, laut gebettet, und Nachmittag um halber 1. Uhr unter Aus

122 1750 1338 68 tzung des Hochwurdigiſten Guts die Lytaniæ Lauretane auf der ⸗

123 1795 1366 73 gel ſolten abgeſungen werden. Item iſt dieſes Jahr, wegen erlittene,

1436 1826 59 60 der

123 1848 1287 68 groſſen Rev. Viehfahl in unſerer hinteren Stiffts⸗ Kirchen, au

1466 1874 30 58 n

121 1897 1284 66 Altar, wo zuvor die Bildnuß des heiligen Benedicti ware (

1467 1919 29 58 fe

118 1945 1270 77 neuer Altar in der vordern Kirchen anjetzo aufgerichtet ſtehet⸗
