1959 2500
16 327 110 57 Advo-

765 251 42 61 a⸗

846 251 290 68 S (O) 2à-

1574 273 79 58 23.

250 304 1404 82 anerſt 1505. durch den Coͤllniſchen Spruch, von Bayrn an die Hoch⸗

252 343 81 69 loͤbl.

359 358 1297 78 Pfalt kommen) von der Geiſtlichkeit weder Steur noch andere

259 404 1395 84 Dienſt einforderen oder nehmen ſolle. Welche gegebene Freyheit mehr

261 456 1386 82 ochgedachten Kayſer Ludwigs Sohn, Hertzog Albrecht in Bayrn ꝛc.

254 505 1397 86 Anno 1365. vor ſich, ſeine Erben, und Nachkommen, verneuret und

255 555 1396 85 deſtaͤttigt, zumahlen auch verordnet, daß obbeſchriebne Dfaff heir uͤber⸗

252 606 1402 85 ul in ſeinen Landen, zu Bayrn alle Jahr auf den Tag, als ſeines

255 658 1398 80 Herrn Vatters ſeel. Jahr⸗Zeit ſtehet (ſunt omnia formalia dictarum

255 711 1396 79 urerarum) das iſt an F. Gereons Tag, und ſeiner Geſellen, den

255 756 1398 87 Adends mit Vigilien, und den Morgen hernach Seel⸗Meſſen jeder

263 809 1382 82 faff mit ſeinem Chor⸗Roͤcklein vor obbenannten Kayſer Ludwig,

257 851 63 61 mnd

333 865 1320 79 alle ſeine Vorfordern Seel⸗ und des andern Tags Abends, ſie

257 912 1396 85 nuder in ihren Chor⸗Roͤcklein Vigil, und des Morgens darnach Geel⸗

258 962 1395 86 Reſſen um das Heyl der Seele ſein Hertzogs Albdrechts, und deſſen

261 1012 1392 81 Semahel Margarethen, und all dero Erben, und Nachkommen an

259 1048 54 64 den

340 1065 1311 82 Staͤdten zu Straubing, Khelheim, Dinglfing, Landau, Viltz⸗

261 1113 1390 84 wffen, Deckendorff, und Camb halten ſollen; und welcher Dfaff de⸗

257 1152 51 59 me

330 1166 1324 82 nit nachgelebt, der ſolle in ſein Capitel 1. Pfund Regenſpurger

262 1213 1392 92 gfenning zu Beſſerung geben. Oder da er noch weiter ungehorſam

269 1268 1131 80 l, ſoll er nach geiſt.icher Ordnung darzu gehalten werden.

265 1370 1386 82 em er ſein beſtaͤndigen Hoff in Bayrn verordnet, und ſolchen auf ſei⸗

377 1320 1277 82 Dieſer Kayſer Lndwig hat der Reichs⸗Etadt verſchont, in

255 1398 67 67 nen

340 1422 1313 78 eignen Koſten gefuͤhrt, dahingegen die vorige Roͤmiſche Kayſer

254 1447 62 64 une

341 1465 1306 91 Koͤnig ſelten in ihren Erb⸗Laͤndern ihre Hoffhaltungen angeſtellit,

255 1515 1398 89 ondern dieſelben gemeiniglich, ihren Erben und Verwandten zu re⸗

254 1550 108 75 zeren

373 1570 1281 88 befohlen, und ſie in den Reichs⸗Staͤdten, hin und wider ihren

261 1595 59 70 Ho

248 1644 64 75 us

358 1623 1293 85 gehalten, wie bey dem Lechmann in ſeiner Speyriſchen Chro⸗

323 1668 182 68 zu ſehen.

250 1738 101 81 eiten

369 1719 1282 90 Als Carolus Koͤnig in Boͤhmen, ſoannis Sohn noch bey Leb⸗

368 1779 1285 72 des Kayſers Tudovici vermerckt, daß es kein Verſoͤhnung des

257 1788 79 80 tan

327 1826 1324 82 ſers mit dem Pabſt wolte abgeden, hat er auf alle Weeg die Oe-

291 1854 67 64 ton

379 1879 1272 79 geſucht, die Roͤmiſche Cron, und zwar anfaͤnglich von dem

259 1888 100 87 padſt

409 1930 1242 79 zu erhalten. Verſprach demſelben ſo viel, welches er ohne

315 1965 200 71 zjudiz und

254 1995 97 74 eiden

539 1983 1112 73 Schaden des Reichs nit halten kunte. Noch vor Ab⸗

365 2022 1284 93 Kayſer Ludwigs iſt er ohn aller Fuͤrſten Wiſſen, Willen, und

254 2044 200 90 rdentliche

252 2088 135 87 Ddieran

461 2083 1190 80 Wahl, vom Pabſt Cemente zum Kayſer gemacht worden.

418 2133 1238 92 dat er die Paͤbſtliche Lullamn aler Orrhen ausgeſchickt, in

1510 2193 141 68 perſo-

47 429 72 61 Lay

50 476 73 62 aus⸗

40 570 86 67 unſer

26 623 93 70 kunſt

34 680 84 60 Ma-

63 822 48 65 ui

18 877 86 70 at!

76 929 26 59 et

30 977 85 68 ondei

72 1026 40 67 t,

36 1273 68 68 enet

58 1573 29 57 r

41 1723 63 65 des
