1918 2545
304 226 96 72 162

875 231 344 72 23 (0) Eg-

298 281 1412 76 oder auch dieſen, welche durch ihren Koͤniglichen Willen hauptſaͤchlich als Biſchoͤn

297 332 1410 65 erwaͤhlet worden, das Cloſter S. Emmerami uͤberlaſſen haben, um welches dieſe

291 377 1414 66 Biſchoͤff bey den Koͤnig angehalten, oder in ſeiner Abweeſenheit ohne Anfrag ſich ſelbe

292 418 1409 69 unterworffen haben. Die Moͤnch koͤnten nichts anders thun, als daß ſie ihre Pri-

295 462 1405 68 vilegien beſtaͤndig erneueren lieſſen, obwohlen diejenige ſelbſten, ſo dieſe Privile-

295 509 1409 63 gia erneneret, hinnach ſelbe auſſer acht gelaſſen. Die deſtaͤndige Unruhe, Krieg, nnd

292 550 1412 69 Troublen, gaben denen Koͤnigen viel zu ſchaffen: Sie ſorgten, wie ſie ihren Anhans

285 595 1412 63 verſtaͤrcken koͤnten. Die Biſchoͤffe hatten ein groſſes Anſehen und Gewalr. Die Koͤ-

288 644 1407 58 nig hatten auch deroſeiben Beyſtands noͤthig. Was iſt es alſo Wunder, wann die Pri-

289 680 1406 66 vilegia damahls ſo leicht umgeſtoſſen, und verhinderet worden? AR NULP11U5

289 725 1409 65 der Kanſer beſtaͤttigte ebenfahls das Privilegium des Cloſters S. Emmerami-

288 769 1409 63 daß ſelbes von allen Gewalt, (auch des Biſchoffens,) beſreyet ſolte ſeyn, und ihren

285 814 1409 59 eigenen Abbten erwaͤhlen. Richts deſtoweniger waren unter Arnulpbo ſowohl ASPER;

291 858 1403 61 TUS, als TUTTO Biſchoͤffe zu Regenſpurg, welche die Guͤrter S. Emmerami

289 900 1402 61 verwalteten, wie aus denen Diplonatibus, und Traditionibus zu erſeben E

288 941 1403 67 waren auch noch keine Aebbten in dem Cloſter S. Emmerami beſtellet Aideinige⸗

291 984 1404 67 ſcheiner, daß ARNULPHUS der Kayſer dieſe dende, Aſpertun, und Tetonen

288 1032 1409 63 weilen ſolche zuvor als Moͤnch in dem Cloſter S. Emmerami waren, zugleich als

288 1073 1403 66 Biſchoͤff dieſes Cloſter verwalten lieſſe, wohl wiſſend, daß ſie als fromme und Gottt

287 1119 1399 64 foͤrchtige Seelen⸗Hirten, auch denen Moͤnchen das ihrige verſchaffen wurden. L⸗

284 1162 1409 63 dovicus, der Cohn Arnulphi, wie aus ſeinen Diplomate erhellet, beſtaͤrrigte arl

282 1206 1408 62 ein nenes die Freyheit des Cloſters, und die Wahl eines eigenen Abbtens, nicht⸗

282 1247 1409 62 deſtoweniger uͤberheſſe er den ſeeligen Turtoni Biſchoffen, den Gewalt dieſes Elo-

280 1288 1404 65 ſter zn regieren. Die teutſche Kayſer, OTTO1. beſtaͤrtigte eben dieſes dem Ee

278 1330 1408 68 ſter S. Emmerami, was die vorige Roͤmiſche Kayſer beſtaͤctiget harten. Dannod

278 1374 1405 66 wurde noch kein Abbt zu S. Emmeram eingeſetzet, ſondern erſt unter Ortone 1!

282 1422 1395 63 deſtellte der heilige Wolſgangus Ramvoldum als Abbten zu S. Emmeram. &

275 1466 1409 65 iſt aber mn mercken, daß dieſe erſtere teutſche Kayſer hauptſaͤchlich trachteten fromn⸗

281 1511 1378 65 Gottskoͤrchtige Biſchoͤff antzuſtellen, dahero ſie anch hotfien, daß derg ichen2

278 1558 1325 49 ſchoͤffe denen Moͤnchen zu S. Emmeram das Ahrige wohl verwalten murden.

1653 1546 20 51 1

278 1596 1399 61 da Gebebardur der Regenſpurgeriſche Biſchoff dem Cioſter S. Emmerami, und d.n

277 1635 1400 67 ſeeligen B. Kanvoldo ſehr uͤberlaͤſtig wurde, deſtraffte denſelben Kayſer Orto, nr

274 1676 1397 68 oden in der Lebens⸗Be ſchreibung B. Ramvoldi zn leſen iſt pag. 103. Aus welchen et

274 1722 1404 67 hellet, daß dieſe erſtere Kanſer vor das Cloſter S. Emmerami geſorget, und thres

278 1765 812 82 Lapſerlichen Cchuß demlelden angedenhen laſen.

388 1842 1288 83 IX. In dem Numero III. und gleich in den jett vorgehenden Nom. v111.

274 1898 1397 72 habe ich angemercket, wie ſowohl Carolur A, als ſein Sohn Ludovieu eir, in d.

271 1945 1399 79 Biſchoͤflichen Wahl ihren Koͤuglichen oder Xanſeruchen Gewalt gebrauchr haben ud

270 1993 1396 78 ſo viel mehr werden ſelde dey Beſtelung deren erſten Aebdten zu S. Emmeran

268 2037 1402 78 nemlichen Appollonii, Riebpaldi, Sigefridi, Sigiſnundi ihren Karſerlichen Gewal

270 2082 1386 79 gebrancht haben, bevorab, da CAROLUS Magnns dieſes Cloſter unter Ra)

275 2134 1399 104 ſerlichen Schus genonnen, und Leudoricus ſan Sohn nicder auf an nee

1622 2166 45 72 ol

1867 371 43 50 por

1865 410 48 55 hat

1862 451 48 55 den

1865 499 45 52 vn

1862 541 48 52 unt

1861 582 51 55 dan

1862 623 50 59 ſter

1868 664 38 65 r.

1864 718 38 49 b

1861 757 32 51 ꝛ.

1862 801 48 54 hin

1864 842 32 52 ve

1865 880 23 55 e

1862 923 48 66 n.

1860 967 32 60 ch

1861 1015 37 62 er

1865 1081 23 45 1

1858 1112 30 53 ſo

1860 1156 31 57 1

1857 1290 42 60 1

1857 1480 38 99 ,

1868 257 42 79 al
