1918 2545
889 243 408 72 -2iS (0 Zog-

363 250 91 56 181

359 294 1409 70 nach S. VValkgangi Zeiten einige Biſchoͤff das Eloſter wiederumen angeſochten,

362 343 1403 65 wir in ſolgenden Capiteln zu leſen. Alleinig nach langen Etreit vor den Paͤpſtuchen

360 388 1400 64 Stuhl ( Anno 1221.) iſt der Sach ein End gemacht worden. Es muß aber vie

362 428 1400 72 len Hochwuͤrdigiſien Biſchoͤfſen das Lod bilichiſi grgeden werden, daß ſe das Cloſtet

360 475 1386 67 S. Emmerami mit groſſen Enaden angeſehrn, wie dann noch hrutiges Tags dalſ⸗

360 516 1243 72 de von vielen gant nenen Gnaden, ſo ſeibes empfangen, ſich ruͤhmen kan.

472 603 1277 64 Hundins weldet weiters, das Ludoricns der Koͤnig in Bayrn, ein Sohi

359 648 1396 63 Ludovici Pii, das Cloſier S. Emmerami widerumben Batburico uͤberlaſſen, wei⸗

357 691 1398 62 ches anch denen anderen Biſchoͤffen verdlieben. Murhin waͤre dasjenige was untet

356 735 1392 63 Adalwino geſchehen, nit zu achten, um ſo vil mehr, weilen Ludovicns d

356 779 1246 65 Koͤnig in Bayrn ſolches mit Koͤniguicher Aurhoriret wiederumb geaͤndert.

495 859 1253 71 Eben dieſes, was Hundius hier ſchreibet, nachet ein klere Pre-

350 906 1394 70 Erſtlich, daß das Cloſter S. Emmerami von keinen Biſchoſſen geſtifftet worden

353 952 1382 67 Mithin lang vor denen Regenſpurgeriſchen Biſchoͤffen geſtanden: dann diejenige &lt

355 998 1391 66 ſter, welche die Koͤnig denen Biſckoͤſſen oder auch Frembden, und Weltlichen,

357 1043 1384 64 (wir in dieſen Sœculis oͤnters geſchehen,) zu regieren anvertranten, und einigt.

352 1085 1375 63 Genuß darvon zuliegen, waren nur ſolche, weiche theils von denen vorigen Hers

350 1129 1330 60 gen, oder Koͤnigen geſtifftet worden. Da nun dirze Eriffter (die Hertzogen,

1694 1162 38 49 a

356 1174 1342 61 nige ꝛc.) und deren Nacholger in der Negierung, ſolche Abdteyen und Eioßer⸗

349 1215 1337 61 Koͤnigliches Eigenrhum ( langnam feuda,) uich zucigneten, und ihnen ſel

349 1254 1393 63 rinen Theil von denen Cloͤſteruichen Einkuͤnfſten vordehielten, ordneten ſie nach Beliedau

349 1297 1373 61 mit ſolchen Cloͤſtern, und uͤderlieſſen ſelbe theils denen Biſchoͤffen, von welchen.

347 1341 1346 61 nud.iche Dienſi in ihren Regiernngs⸗ Umnaͤnden zu hotten hanten, theils an

347 1382 1353 65 Graͤrſen, und Weltuchen, weiche den Grnnß ſolcher Adbrryen haͤrten, denen,

346 1429 1324 55 nigen aber ihre Kriegs⸗Dientt, und Venſtand leiſten muſten. Mrir denen Bifi

346 1473 1373 62 chen Eioͤſtern, kunten pie nichts anordnen; dann ſolche drnen Biſchoͤten, weiche.

1712 1494 19 57 2

343 1518 1323 59 de geſtifſtet, unwiderſprechlich und frieduch verburben. Da alſo Barhuricus,

1674 1538 62 65 a⸗

345 1556 1305 60 ſeine Nachfolger ſolches Eloſter von Lucorico widerum bekommen, ſolget

1695 1580 39 54 ond

343 1600 1326 64 dat ſolches kein Monalterium Epilcopale, ſondern Regale, Liberum, ein

343 1641 1337 71 den vorigen Bayriſchen Hertogen geſinftetes, und von denen Koͤnigen herna

343 1685 402 66 ſreytes Cloſter geweſen.

1686 1748 49 64 zes

475 1767 1178 72 Anderrens, daß Ludorieus der Klnig ein Gohn Ludovie.v

340 1822 1334 64 Lanſers, ſolches Cloſter S. Emmerami Barhurico Biſchoffen, und anderei

350 1864 1374 71 derum uderiaſſen, nacht keine Prob, daß ſolches mir Fug geſchehen Thomatlinu⸗

1653 1897 37 52 ꝛd

342 1910 1288 66 Parte II. de vetcri & nora Dilciplina libr. 2. cap. 28. ſchreider umi

1633 1942 47 55 ac

343 1951 1286 70 wie nemlich ꝛn denen mißlichen und ſchwaͤren Zeiten Caroli M. und ſemer,

340 1989 1372 76 gern in der Nrgerung, die Alddtenen miderumen eingen Biſchoſſen, vorr wen

340 2037 1314 68 chen fuͤrnehmen Perſohnen zur Regierung, und Genng uͤderiaſſen worden⸗

1673 2051 52 58 en.

338 2081 1291 66 merdet ader, das ſoiches zwar wegen vielen Arieg, und harren Zeiten gei⸗

338 2122 1278 75 weiches damahls, nit Fraͤntis genus, ha konnen verhinderi werden; Dowi

1661 2140 60 61 on,
