1978 2545
339 214 71 68 8;

846 231 137 75 .662

1015 233 230 75 0) 2eg-.

471 275 1283 99 Die Churfaͤrſtliche Tiel Herrn Beamuten, der gante eaͤbliche Magiſtrat uns

333 319 1425 95 Burgerſcharft dieſer Sradt (Burglengveld) nebſi ihren Titl Hrn. Stadt⸗Prarrer, haltet

336 367 1421 93 unter den allgemeinen Glocken⸗ dann deſtaͤndigen Trompeten⸗ und Paucken⸗Schall, mit

333 407 1420 90 ſchoͤnen Faͤhnen, Figuren, und Mirdringung emer aroſſen Votiv-Kertzen durch

332 453 1421 92 die Stadt Regenſpurg, bis zu den Grab S. WVolfgangi ihren offentlichen Einzug,

331 494 1208 91 allwo alsdann das Hoch⸗ Amt mit groͤgter Solennitaͤr abgeſungen wird.

329 598 1421 101 Saltzburgeriſchen Ertz⸗Stifft; Item in dem Koͤnigreich Boͤhmen verehret wird, iſt

447 551 1304 100 Mit was Enffer und Andacht dieſer heilige Biſchoff Wolkgangus in dem

326 639 187 65 allbekannt.

442 709 1303 101 Rebſt den groſſen Schat der heiligen Gebeiner des heiligen Biſchoffens vvore-

326 753 1418 100 gangi, werden auch in unſerem GOttes⸗Haus aufbehalten, und ge; ꝛgt. rmo.

324 796 1420 100 Das Meß⸗ Gewand dieſes heiligen Biſchoffs. 2do. Deſſen Biſchoͤfliche Infal.

325 839 1413 96 gtio. Und Paſtorale, oder Biſchoff⸗Stab. atd. Ein groſſes Geſchirr oder Schaͤſ⸗

324 883 1416 99 ſel, ſo in Eilber gefaſſet worden, nach einiger Kenner Meynung, von Gogges.

324 926 1412 96 In dem Collegio S. Pauli, Soc. ſel. allhier in Negenſpurg werden gezeigr,

321 971 1417 97 rmoͤ ein Finger von dem heiligen Wolfgang. 2d0. Einige Meg⸗ Kleyder, deren

316 1012 1424 90 ſich S. Wol gang gebraucht. Als Anno 1612, noch vor Ernndung des heiligen

315 1056 1421 99 Leibs S. Wolſgangi, R. P. ſoannes Saller, Soc. ſel. Domb⸗Prediger in Ne⸗

318 1104 1416 90 genſpurg, mit einer ſchwaͤren Kranckheit uͤberfallen wurde⸗ alſo, daß er vor Schmer⸗

314 1145 1417 96 ten glandte, er werde ſeiner Einnen beranbt werden, namme er ſein gantzes Ver⸗

314 1187 1420 91 trauen zu S. WVolkgang, und hoffte durch deſſen Fuͤrbitt erhoͤrt zu werden. Ver⸗

311 1228 1422 98 lobre ſich GOtt in ſeinen ſchmerthafſten Stand das heilige Met⸗Opier abzuſtarten⸗

309 1272 1422 93 unter der Fu bitt ſeines heiligen Fuͤrſprechers S. VVoltgangi, und zwar i denen

309 1316 1419 95 von dem heiligen Wolkgango ſeibſt gebrauchten Meß⸗Klendern. Nachdeme er ſol⸗

308 1360 1422 87 ches verrichtet, hat er alſobald die vollkommene Geſundheit erlanger. Es int auch in

311 1401 1415 89 dem Collegio bey S. Paul ein Gloͤcklein, ſo der heilige Woltgang benediciret.

314 1443 1410 96 Man ueſet in denen Schrifften des Collegil auf das 1S90ſte Jahr, dag damahls

309 1490 1418 90 nicht nur die Carholiſche, ſondern auch die Lutheriſche in daͤs Collegiuni geſchicket

305 1534 1419 87 haben, man moͤchte dieſes Gloͤcklein laͤuten, weilen das groſſe Donner⸗Werter zu

307 1570 1413 95 ſtarck und harr anhalte; dahero man auch ſolches Gloͤcklein anzetzo noch in denen Um⸗

304 1617 812 76 ſtaͤnden eines Hoch⸗Gewirters anzuziehen pfleger.

418 1679 1299 103 Ich kan unmnoͤglich alhier die Relation voriber gehen, welche mir von des

301 1736 1415 94 fuͤrnehmen Stifft zu S. VVOLFGANG  in Schwindau zngeſchickt worden.

304 1782 1409 92 Wie nemlich die Ehre GOttes an dieſem Orth beſtandig befoͤrderr werde, und Gort

299 1825 1414 92 ſeinen treuen Diener, den heiligen WVollgangum, verherrlichr. Der Atlmaͤchriac

301 1866 1412 97 GOrt erhalte auch beſtaͤndig das Durchlauchngiſte Chur⸗Haus Bayrn in hoͤchſten

299 1910 1408 106 Hor, und Gluͤckſerligten; welches ſich olſo beevſſert, die Goͤrtlichr Ehr an dieſen

298 1955 955 112 vnd in veunehren, wir ans den naczlobenden erhzetee

1915 779 50 42 ler;

1911 817 61 46 Haut

1915 859 26 43 .

1914 890 55 55 an

1911 935 58 57 hin

1908 985 61 49 gka

1915 1023 44 51 zn

1915 1071 51 48 deg

1908 1155 57 66 in

1908 1231 55 51 in,

1907 1275 55 51 erb

1910 1314 59 57 dele

1910 1354 48 59 Sa

1903 1401 62 70 ders

1898 1476 67 86 naͤ

1900 1568 70 60 ltan

1900 1613 70 55 ſeibe

1898 1655 70 61 andi

1897 1705 73 51 gem

1898 1739 71 50 gen

1904 1775 51 51 U

1898 1819 72 58 anh

1911 1860 34 61 .

1903 1903 69 66 ſchri

1907 2009 55 53 geg,

1901 2044 60 59 dey

1903 2084 62 56 Kir

1508 2133 196 106 Wahr⸗

1921 347 38 95 2

1915 708 41 75 er

1915 1108 19 48 1
