1571 2270
630 113 28 50 w.

1415 105 71 65 572

706 105 306 70 S (O) Lͤt-

124 148 1362 73 die Hoffmarch Peyzkoden unweit Schambach. Banete Anno 1701.

121 203 1367 65 die neue Pferd⸗Stallung, und die darauf ſich befindende Zimmer

118 252 1367 63 naͤchſt den Praͤu⸗Hauß. Vermehrte die Kirchen mit ſchoͤnen Para-

117 298 1370 63 mentis, worunter der zahlreiche, ſchoͤne, von Gold⸗Mohr verfertigte

117 341 1369 71 Ornar annoch vorhanden iſt. Es ſeynd auch noch viele Kennzeichen

116 387 1366 79 ſeines Eyfers vor die Zierde deren Kirchen, in anderen nach S. Em⸗

113 436 895 69 meram gehoͤrigen GOttes⸗Haͤuſern zu finden.

242 485 1243 76 Er ware ein beſoͤnderer Verehrer des bittern Leydens, und

111 544 1372 65 Sterbens JEſu Chriſti; lieſſe in der hinteren Kirchen (gegen Unter⸗

107 593 1370 65 gang der Sonnen) den Oelberg, das heilige Grab, nebſt denen Ge⸗

103 640 1375 68 heimnuſſen der Geißlung und Croͤnung aufrichten. Starbe am Feſt

104 688 1376 69 Creutz⸗Erhoͤhung (den 1a. Septembris) Anno 1719. an einen Steck⸗

103 740 1375 64 Cathar, da er vergangenes Jahr (den 27. Mertz 1718.) als ſubilœus

103 790 1372 59 offentlich in der Kirchen, ſeine Profeſlionem Votorum erneueret.

103 832 1373 88 Wurde in der Pfarr⸗ Kirchen d. Rupers unweit S. Sebaltian Altar

102 885 195 91 bzgraden.

161 1105 1305 59 Mno 1697. den 10. Decembris wurde Churfurſt Marimilian Em-

119 1107 32 58 7

95 1155 1364 63 AA manuel HHertzog in Bayrn, von Carolo II. Koͤnig in Spanien,

92 1201 1370 58 als perpetuirlicher Gouverneur deren Spaniſchen Niderlanden er⸗

90 1247 1369 64 nennet, allwohin er, nach gemachten Verordnungen der Lands⸗Regie⸗

88 1293 893 71 rung in Bayrn, Anno 10692. abgegangen.

223 1346 1238 82 Es wurde ihme den 1g. OAobris ein Pprint ſoſepl Ferdinana

87 1412 1367 63 aehnbren, aber ſeine liebſte Gemahlin Maria Anna ſtarbe zu Ende die⸗

88 1467 1368 61 ſes 1692ſten Jahrs den 22. Decembris. Er vermaͤhlte ſich auf ein

89 1509 1362 68 neues den 15. Auguſti r69a. mit Thereſia Cunigunde, ſoannis II.

92 1558 1359 72 Sobiesty Koͤnias in Pohlen Tochter, vollbrachte das Bevlager zu

88 1607 1361 70 Weſel den 2 Jenner 1695. Der Printz, welchen Marimilian von

87 1658 1251 68 ſeiner erſten Gemahlin bekommen, ſtarbe den 5. Februari 1699.

213 1718 1234 76 Nach den toͤdtlichen Hintritt Titl. PPrintz Hermans Marggra⸗

85 1770 1359 73 fen zu Baaden, ſo allhier, als Kayſerlicher Principal.Commiſlaͤrius

88 1823 1355 72 Feſtanden, und den z. Octobris 1697. verſchieden, kame in ſolch ho⸗

87 1874 1356 107 er Wurdt aſders vsſ den Renchs. Z2 Eis Lesh Henr Hen 1;

1332 1933 115 67 nand

781 1925 209 81 Aaa a 2

610 995 343 71 Incidenti2.
