1991 2551
957 256 52 74 )

1114 259 31 49 u

612 364 654 115 CAPUTXI.

253 498 1367 115 S. Volfgang kommt ins Cloſter, wird

623 592 614 98 Prieſter und Biſchoff.

323 704 1321 79 Nno 9s8. als der GOrtliebende vollgangus ſeine Eltern und Be⸗

238 712 79 145 A

341 763 1301 70 freundte, ja die gantze Welt, und was derſelden anhaͤngig iſt,

338 814 1308 73 beurlaudet, iſt er in das heilige Benedictiner Cloſter zu Einſid⸗

219 867 1427 72 len in Schweitzerland gangen, und hat ven Gregorio damahligen Abbt⸗

224 919 1420 70 der von Koͤniglichen Stammen aus Engelland geburtig war, die Or⸗

225 972 1419 65 dens⸗Kleidung empfangen, auch im Cloſter⸗ Leben alſo zugenommen,

224 1021 1425 71 daß er gleich im erſten Jahr vielen umliegenden Geiſt⸗ und Weltlichen

221 1072 1421 68 ein Spiegel aller Tugenden war; dahero von ernennten Abbt Grego-

225 1121 1421 79 rio fuͤr wlͤrdig geſchaͤtzt worden, daß er ſeines Convenrs Prior ſeyn

222 1163 104 81 ſolle.

348 1211 1298 80 Es kame zur ſelden Zeit St. ulrich Biſchoff zu Augſpurg, wie

222 1274 1425 72 auch vormahls ſeinem Gebrauch nach, oͤffters nacher Einſidlen, und da

222 1327 1422 70 er wollgangi Leben und heiligen Wandel vernommen, hat er ihne nit

221 1374 1418 74 allein geliebt, und Anfangs hochgeachtet, ſondern wider ſeinen Wil⸗

221 1429 1422 64 len, doch endlich in Gehorſam zum Prieſter geweyher; wie er nun zu

219 1475 1420 68 ſolchem hohen und Engliſchen Ambt erhoͤht worden, hat er der Voll⸗

222 1523 1418 71 kommenheit nit allein noch mehr nachgeſtrebt, ſonderen ſich hoͤchſtens

224 1577 1416 68 deardeitet, die Gnaden GOttes durch Predigen (in welchem er ſon⸗

224 1631 1416 71 derdahr deruhmt war) in ſeiner Neben⸗Menſchen Hertzen einzugieſſen,

226 1682 1416 72 uͤnd zu deſſen beſſerer Vollziehung nit allein GOrt eyferigiſt angeruf⸗

235 1736 1407 69 en, ſondern auch ſeine Heilige um ihr Fuͤrbitt, vor anderen aber den

228 1782 1409 73 ſeiligen Beichtiger Orhmarum, der ihme dann einſt im Schlaff erſchie⸗

225 1836 1414 74 den, und vil zukuͤnfftige Sachen eroͤffnet, ſonderlich daß er vom Clo⸗

221 1884 1418 77 ſter ſich degeden, zum Biſchoff gewenhet, und nach 22. Jahren giuͤck⸗

229 1937 1410 74 ich in einem Cihme Orhmaro) geweychten Kirchel ſein Leben enden wer⸗

239 1984 33 62 e

317 1988 1322 76 Nach dieſem Geſicht iſt der heilige Mann den Goͤttlichen Einge⸗

231 2042 1405 76 Angen noch emſiger obgelegen, weil er mit ſolchen Verheiffungen

219 2086 534 90 ſtattuch geſtaͤrcket worden.

1581 256 55 79 19

935 2205 98 72 E 2

1508 2188 129 76 Bald
