1934 2551
51 289 58 56 den

26 333 84 73 abe.

789 249 329 72 3 (O) Ehg--

1534 260 86 60 205

225 294 1399 97 ler dieſes Zwitrachts gab die Flucht zu Raßla. Hierauf gieng der

225 357 1398 79 Narſch wider den Raßla, und weil er ſich auf ein Schloß Dorvina

225 410 1394 83 Lenannt befande, belaͤgerte ihn Koͤnig Ludwig, und beaͤngſtigte ihn der⸗

229 462 1393 83 daſſen, daß er ſich ergeben und um Gnad bitten muſte. Anno 862.

229 498 58 68 ac

309 517 1318 78 Erhaltung deren, empfieng er von neuen Lehen, gabe Geiſel, und

231 562 1393 88 owur mit allen ſeinen Lands⸗Herrn dem Koͤnig Ludwig treu zu ſeyn,

256 615 502 75 er doch nit lang gehalten.

229 717 1395 82 ahmſt, und eingeſetzt zu einem Erden des Bayr⸗Lands. Lndoricum

340 670 1296 78 Carolomannus ſeinem Herrn Vatter voͤllig verſoͤhnt, wird be⸗

233 769 1391 84 anen Druder verſchmahet die Liede und gegebene Pracedenz von dem

242 821 1380 86 Saͤtter, und daß ihme nichts ausgezeigt wurde. Lieſſe ſich Anno s85.

260 875 1367 75 getzen von denen vorhero abgeſetzten HHaupt⸗Leurhen. Bekam vil

259 925 1367 81 elleuth aus Sachſen und Tuͤringen. Erhielte auch von Raßla Her⸗

302 977 1329 84 n Maͤbren, daß Er auf einer, Raßla, auf einer andern Seiten ein

265 1023 554 82 ſtall in Bayrn thun wollen.

239 1111 50 65 n

338 1079 1289 83 Der Vatter als in der Macht vil ſtaͤrcker, (dann jedermann

321 1132 1306 78 Ritleyden, daß der Vatter von dem Sohn ſolte verfolgt wer⸗

323 1183 1311 81 volt alſo ihme jedermann helffen) befahle Carolomanno Bayrn.

289 1234 1348 84 der reiſete auf Franckfort. Ludwig ſahe, daß er mit Kriegen

276 1264 41 65 .

334 1288 1289 73 gewinnen wurd, und alle Rechtſinnige ſein Beginnen verwerf⸗

324 1337 1300 77 deſinnete ſich was beſſers, und ließ ſich durch Leuprechten Ern⸗

319 1386 1304 77 ffen zu Mayntz bereden, dem Herrn Vattern durch einen Fuß⸗

231 1397 62 72 Fal

314 1432 1305 85 ne Miſſethat abzubitten. So dann geſchahe, und erlangte dar⸗

311 1478 518 66 ardon, Gnad und Huld.

336 1529 1286 89 In der Ruckreiß auf Regenſpurg erſchinen Geſandten aus der

311 1587 1312 82 aͤchey, werbeten um Chriſtliche Lehrer, die ſie gar leicht erdiel⸗

323 1639 1300 85 nd wurde Ermenricus ein Biſchoff dahin verordnet mit etlichen

316 1687 1306 88 ſichen, richteten aber wenig. Pabſt Nicolaus aber erſetzt auf

229 1694 90 78 And.

323 1741 1297 85 ten Michaelis des Fuͤrſtens den Abgang mit zweyen heiligen Bi⸗

225 1743 135 102 hoͤffer

374 1797 1180 75 aulo Populonienle, und Formoſo Porruenle Anno 826.

215 1843 50 108 .

340 1842 1276 85 Koͤnig Ludwig lag allhie ſeinem ſelbs eigenem Beduncken nach

317 1891 1299 87 ich eranck, dahnete ibme den Werg zur Seeligkeit mit reichen

243 1906 97 79 Amn

331 1931 78 65 en,

241 1965 103 106 nde

428 1950 1191 80 ſo auch unſer Cloſter genoſſen, ſchenckte unter andern dem

360 1996 1257 108 Guter io parnidus Ararorum Anno Zoꝛ. (V Das Tloſter

949 2059 141 69 Ec 2

1501 2066 119 89 weiſt

36 1407 46 59 19

265 2166 73 57 U 79

381 2198 1229 90 var Nplons an enen Ondꝛ n Dehr, ras va Onums n. Euꝛr nꝛles Ducs.

276 2209 506 105 ts wnd enwas ſduͤlter gelchehen Leyn.
