1923 2446
720 179 62 65 z

807 179 280 83 3 (0) 299

31 211 148 60 ſich aber

1554 195 82 63 111

248 231 1397 86 Crorg narr der Anrhor, welcher den Guebmayr, beibͤchtigte, er haͤtte ſolche

44 250 136 59 E. Nath

247 285 1398 73 Vunderr volle Gutthaten durch ſeine Zauberey dewuͤrcket. Wer iſt ſo einfaͤltig, das

80 294 87 55 predig

248 313 33 52 r

285 330 1358 72 ſch dereden ſolle laſſen, die Zanber⸗ Kunſt oder Gewalt erſtrecke ſich anf ſolche

115 338 50 58 ra

245 372 1392 76 Dunder, als wie die Geneſung vder Erhaltung des Cteinmet Jacob Rerns

58 379 111 65 s, un

63 425 104 60 hin der

243 419 1397 79 Fweſen? Wann der Balthaſar Huebmayr ein ſolcher ſtarcker Zanberer ſolte

47 466 121 62 Anfang.

245 468 1396 79 Fneſen ſeyn, haͤtte er vleicht dieſem Verleumder dem Beorgen ſeldſten das ver⸗

31 505 136 71 Dann ſe

252 500 55 58 enn

304 521 1334 67 deriſche Maul bezanderen koͤnnen, und dannoch in ſeinen Zauber⸗Handwerck

23 553 134 54 berey at

245 540 59 64 orrl

304 563 1332 71 chren, auch viele noch andere wunderbarliche Sachen mittels ſeiner Knnſi her⸗

248 604 1389 75 Adringen koͤnnen. Wahr iſt es, daß die Jungfraͤnliche Mutter Maria, und an⸗

17 599 125 54 Neichtht

74 638 85 56 nmen

245 637 51 53 der⸗

315 656 1319 62 Heilige GOttes, durch die Krafft GOrtes, um das Geld und Opfer

24 676 132 65 denen he⸗

244 674 53 62 tei

315 698 1321 69 Wunder wuͤrcken, welches auch dey der Capellen zn der ſchoͤnen Maria nicht

103 732 17 50 n

251 739 1378 66 Achehen hat koͤnnen. GOET wuͤrcket die Wunder (in nomine meo eſicienr

38 767 107 56 ekomm

255 780 1375 69 emonia.) Da aber groſſe augenſcheinliche und anfſerordeurliche Guttha⸗

61 801 95 65 Widel

240 803 38 53 ter

294 823 1342 68 nrheilet ſeynd worden, welche der ungluͤckſeelige Moͤnch nicht hat laugnen koͤn⸗

13 849 126 60 ahr. 2

243 846 42 53 ur

322 869 1315 67 als hat er vyn der neuen Lehre Martini Lutheri ſchon eingenommen, um ſol⸗

38 891 91 62 und 9

301 906 1335 77 Andachten zu vernichten, dieſe Gutthaten vor ein Zanderey ansgeruffen;

32 930 128 61 aber, i

252 948 1384 79 Oeilen der heilige Geiſt einen ſo unbeſonnenen Crieb, mir wel⸗

58 975 79 59 Diel

259 996 1374 77 ſen die Wablfarrher allhero kommen, nir verurſachen koͤnnte, und

21 1019 109 59 oder 2

286 1046 1346 81 gleichen TDunder⸗ TOerck wider GOrres TVorr, und die Ehre

43 1058 107 72 enſonrs

126 1106 20 47 t

252 1100 1380 87 daria laufften. Aber wie boshafftig ſeynd dieſe Innichten? ſeynnd dann alle

21 1118 83 53 von2

243 1148 1385 85 aͤbiſarther alſo getrieben, und undeſonnen daher getauffen? es ſchreiben ia die

50 1152 77 64 ſerit

245 1195 1381 83 Aerren Lntheraner ſelbſten ( wie wir oben geleſen) daß andere mit Bedacht

245 1244 1380 76 un getommen? Wo iſt dann etwas Unbeſonnenes darunter gelauffen2 &s

241 1289 1383 75 hnd viele ſchoͤne Lieder verfaſſet, und in der Capellen zu Ehren GOttes und Ma⸗

274 1334 1351 75 uſgehangen worden, wo kein Unvernuufft, und ſelrſamer ungebuͤhrlicher Criebe

252 1380 1370 74 die man ihne nennet) zu mercken ware. Dieſe kieder ſeynd zu leſen eben in dieſem

260 1420 1362 81 anuſcripto, ſo mir zu Handen kommen. Die Andacht zu GOtt und ſeiner

255 1463 1367 83 inrter iſt nicht undeſonnen Wann einige ſeltſame und undeſonnene Sachen von an⸗

250 1507 1371 85 ſren Undehurſamen mit unterlauffen, iſt dann die an ſich ſelbſten vernaͤunfftige An⸗

245 1551 1373 78 cht deren anderen dedachten und behutſamen Chriſten em Zauder⸗Werck zn nemen,

235 1572 35 58 s⸗

282 1598 1339 78 roſſe Wunder nnd Gutthaten, ſo bey der Capellen geſchrhen, ſeynd nicht wider

240 1617 38 57 n.

293 1644 1325 69 Vort GOrtes, und Ehre Maria. GOrt waͤrcket die Wunder, die Heilige

241 1683 1378 82 acn vor nns dey GOrt um Huͤlff Die koͤnnen die Herren Gegner dezengen, dat

237 1702 71 68 uͤche

316 1729 1303 75 Dunder wegen den Geid aeſchehen ſeven? Wann andere einen Eigennutz ſus

236 1766 1385 83 n, kan ſolchrs den Gewalt GOrtes nichr emnſchraͤncken, welcher die Gutthat niche

241 1789 45 57 ru

293 1810 1322 81 eigennutzigen, ſonderen dem andaͤchtigen, burenden, demuͤrhigen Chriſtrn ange⸗

254 1834 155 71 hen laſſet.

232 1863 34 62 2

451 1861 1162 74 Sehe mein heber Chriſt, wie ungeſchickr dirſe Herren Scribenten

293 1890 1318 95 lndacht und Wunder als eine Jauberen ausruffen. Sie draͤhen, verdraͤhen⸗

248 1939 1366 87 naſchen all s nntereinander, in Enakrn loͤnnern fr nicht bewerſen, das die An⸗

231 1950 72 65 cht

308 1977 42 47 v.

369 1988 1241 82 Fauderen: daß die Wunder⸗ Werck wider das Wort GDnes, und Ehre

235 1994 195 114 Zonuà unn.

459 2042 1150 107 E nite arß vetuere, di ais henn Ehata. bue?;

876 2096 80 70 17!

1520 2091 87 92 2200

54 1277 75 62 es k

25 1323 101 67 chriebe

33 1367 92 65 i, wa

29 1410 89 65 Gre

17 1456 110 72 hren e

23 1505 106 63 Geors.

38 1546 96 67 hiunai

61 1592 51 53 uri

65 1629 66 75 ere

28 1698 50 54 ur

100 1713 46 101 .

62 1738 23 53 ,

77 1822 23 47 ,

91 1890 32 51 ni

31 1936 88 58 e nis

33 1978 93 58 zunder

38 2011 100 69 monc

32 2057 113 64 Geors
