1554 2270
720 85 238 81 1S (2)?

1450 92 69 49 105

148 133 1375 82 Anns 1500. aufgerichtem Catalogo 500. auf Pergament geſchriebene

147 187 1374 77 sehlete, ia wohl in manchem Bund 2. A. auch 5. Autdores gefunden

146 234 170 63 worden.

276 278 1245 73 Wte es unſerm Cloſter mit denen Haͤuſern, und Hebaͤuen er⸗

142 316 1377 86 gangen, in durcoehend mit andern auch geſchehen, die Daͤcher wur⸗

146 380 1376 71 den abgetragen, und dasHoltz zur Forrification gebraucht. Der

142 430 1380 64 Feind hatte noch kein contento, ſondern das gantze Land herum muͤſte

140 467 1382 76 auch ruͤinirt werden. Chonanſtauff, Straubing, Camb, Decken⸗

143 522 1378 79 dorff, und alle umligende Maͤrckt waren des Feinds, und man mn⸗

136 570 981 66 ſte diß Jahr alles lafſen ein geſchehene Sach feyn.

277 610 1241 67 Hie obangezogen: abgebrennte Muͤhlen im Obern und Untern

133 663 1384 92 Woͤrch hat gemeine Stadt gleich wider angefangen zu baren, und in

134 716 812 75 Nrey Jahren in vorigen Stand gerichtet.

266 756 1252 71 Die Proteſtirende Graͤnd wurden des Kriegs auch mad. Dann

134 810 1380 67 insgemein nutzte ihnen der Schwed gar wenig, und ſchonete die Kriegs⸗

133 861 1378 65 Flammen niemand. Dahero ſie zu Halderſtatt noch im vorigen Zahr,

134 908 1380 60 ein Convent von Friden zu reden angeſtellt. Niemand war begieri⸗

134 957 1374 64 Zer, als der Durchtaͤuchtigſte Churfuͤrſt von Gachſen. Der ſahe,

136 1003 1373 65 daß der Gewinn aus dem Land kame, alter Stand Anin aber, und

141 1050 1371 67 Verderben darinn bliebe.. Schriebe dahero denen Verſammleten

134 1100 1377 67 ernſtlich zu, und rathete den heylſamen Frieden. Aber die Schweden

136 1147 1370 68 wuſten, wie dieſer Krieg ihr Land begluͤckte, und bereichte. Ratheten

132 1198 1375 58 aiſo zu fernerer erbanonuß in der gedachten Proteſtirenden Zuſam⸗

131 1243 1376 60 menkunfft, die in Mtartto 1672. zu Franckfort geſchehen, und ware

132 1290 1375 73 der Schwediſche Cantzler Herr Arek Ochſenſtern ein ſehr angenehmer

132 1345 1371 71 Drediger bey denen, die noch nit gar verdorden waren, aber dahin

134 1399 453 67 trachteten und eyleten⸗

257 1436 1244 78 Sie vertranten die Armee dem Fuͤrſt Georgen von Brann⸗

133 1490 950 76 ſhweig, und Johann Banner einem Schweden.

252 1533 1251 82 Der Churfuͤrſt von Sachſen thaͤte noch ein Verſuch, die Staͤnd

132 1585 1367 79 dom Frieg zum Frieden zu leiten, mit bedenten, es werde ſich auch

136 1631 1365 77 loch ein Mittel zeigen, der Cron Schweden die prarendirte Satista-

138 1679 1364 77 tion zu leiſten. Es wurden aber alle ſeine hochvernunfftige rationes

147 1727 1354 78 eijeirt, und galte der Frantzoͤſiſche Vottſchaffter Eesquierius viel

140 1776 1362 77 nehr, der brachte endlich S. Craiß wider die Catholiſche, und wider

136 1826 54 66 da⸗

218 1827 1272 79 Haus Oeſterreich in ein enge Verbundnuß. Der Fried begierige

134 1877 820 97 vmnne Fayſer nuſte ales GOit befehlen.

823 1928 102 75 Sft

1367 1913 125 64 Anno
