1959 2500
18 322 134 62 ete na⸗

20 365 130 73 ſſe ſich

93 472 45 62 ng

52 525 84 61 hren

48 566 89 72 elbig

51 625 86 69 Val

729 275 28 51 .

791 266 341 75 18 (0) E8-

1551 284 81 61 52,

238 319 1398 85 Cꝛroli Anteceſor Kayſer Luowig 2. ſchoͤne Pririlegia gefertigt Anno

248 372 385 78 852. und 1356. (i,

359 425 1276 76 Anno 1528. nimmt Hertog Stephan der aͤlter aus Baven das

245 476 1388 72 Coſter und deſſen Guͤter in ſeinen Schutz, nennet in dem laltrument

241 523 1394 85 buſen Abbten einen Ehrwuͤͤrdigen Geiſtlichen Fuͤrſten. (0) Deszlei⸗

243 563 75 70 hen

329 579 1306 73 hat auch Ludwig Maragraff zu Brandenburg und HHersog in

247 626 1388 83 dayrn, beede allerhoͤchſt gedachte Tudovici Cœlaris Soͤhne gethan,

250 679 1079 77 nd dieſem Abbten das Predicar eines Fuͤrſten gegeben.

357 736 1294 69 Es ſindt ſich bey uns ein alter Brieff, wie daß Herr Ulrich

245 769 67 68 ꝛon

329 784 1309 74 Abenſperg die Vogtey zu Uckenpeunt, derſelben Gur, die mit

248 813 49 70 er

327 838 1311 68 igenſchafft zu unſern GOtts⸗HHauß gehoͤrten, und er von demſel⸗

245 866 57 65 en

318 887 1315 71 u Lehen hatte, ꝛc. denen von Haydau verlyhen. Solche Vog⸗

257 923 37 64 9

309 944 1327 65 bergab Herr Ruprechr von Haydan ſambt ſeiner Haußfrau Oft⸗

250 966 50 64 ey

325 988 1311 75 inſerm Cloſter mit Willen Herrn Ulrichs, der verzeicht ſich der⸗

244 1033 643 75 Eiden gegen uns Anno 1231. (1,

355 1083 1280 76 Dieſer Abbt regierte das Cloſter z1. Jahr, 6. Monarh, 11.

275 1125 51 70 a9

341 1143 1294 65 gar loͤblich. Bauete die Inſirmariam Anno 1327. und Anno

286 1179 57 58 16

358 1191 1277 70 ein ſchoͤne Bibliorhec, und vermehrte die vorhandene Buͤcher.

311 1238 1324 75 at dieſes Gebaͤu in 25o. Jahren zimlich Schaden gelitten. Hie-

245 1286 1388 82 Simus L. hatte ſelden wider gewender. Doch weilen nach Eroberung

358 1343 1277 68 Stadt vom Hertzog Bernhard von Sachſen VDeinmar, die⸗

316 1393 1319 69 Sebaͤu neben vielen andern des Dachs entbloͤſt worden, hat ſel⸗

313 1441 1320 70 dar muſſen zu Grund gehen. Dieſer Abbt hat Heinrichen von

252 1486 1380 80 Kauntzendorff Anno 125a. das Schloß Hainſpach, auf Ubergab

261 1537 1370 78 onrad Venckover zu Lehen verlyhen. Item hat er Anno 1522.

245 1563 68 68 ꝛon

336 1593 1297 75 Herrn Dierrich von Au, Pflegern zu Thumbſtauff die Hoir⸗

250 1616 91 77 nard

245 1659 70 75 wper

370 1645 1266 75 Dentling gekaufft. Herrn Bernhard und Ulrich von Aben⸗

247 1713 48 63 ne

348 1697 1288 72 als Lehen⸗HHerrn des Gerichts, und Vogtey, uͤder den Cam⸗

319 1745 1314 74 on und Cammerhueb daſelb ſo des Cloſters St. Emmeram

270 1793 1365 79 ſtrrlehen, habden mit geſiglet, und ſich hernach dieſer Lehenſchafft

257 1815 87 78 ꝛgen

347 1850 1288 73 dem GOtts⸗ HHauß gar verziehen. Ermelter Draͤlat iſt geſtor⸗

263 1873 160 79 n Anno

458 1905 111 65 258.

1488 1951 157 94 Inci-

350 2050 560 66 ide Pririlegia iſta Ludovici.,

350 2086 439 76 ide Urteras Ducis Sreyhani.

268 2102 50 82 9)

318 2130 1317 75 Fon dem echos Uetenpeint, (eucerranr) ſyn ſelr ſhirs Documenrs don S. Rar-

302 2151 70 57 vole

397 2183 1242 64 zenten noch verhanden. Dietec Lehen geruſen ven S. Emreramn dir zunge Herm Graf.

302 2216 1122 81 von Lnchenſad zu Eoͤffring, neliche ihr lnreltinur Ano ꝛay umfangmn.

55 813 82 77 Pruͤ⸗

37 870 89 64 id el

36 918 94 70 in de

66 973 60 63 an

56 1027 75 59 ion

59 1072 45 58 A

63 1119 57 69 ello

66 1169 29 69 t

72 1218 29 63 ⸗

51 1370 65 61 ens.

66 1512 50 64 alt

29 1618 79 73 ver⸗

55 1662 65 72 hal

48 1719 56 65 an

36 1761 79 65 auch
