1554 2270
611 105 130 63 -828

131 148 1366 79 ſtirutionem deren Geiſtlichen Beneſicien, beklaate ſich wider die Stadr,

749 107 261 67 (O) Lat-

1413 116 81 54 197

131 201 1370 72 daß ſie ihme, als Ordinario Loci, groſſen Eintrag thue, und was

128 245 1371 80 ſich weiter in dem von Sr. Furſtlichen Gnaden, Gr. Kayſerlichen

128 293 1373 79 Majeſtaͤt uderreichten, und ſeitbero in Druck kommenen Memorial

126 346 1375 78 enthalten thut Daß aber der verlangte Efectus nichr erfolat, iſt ver⸗

126 390 1373 80 murhlich der gleich entſtandene Krieg Urſach gewelen; dann gleich un⸗

126 437 1373 75 ter dieſer Zeit hat ſich der Koͤnig in Schweden mit einer Armee von

123 486 1375 78 1000o. Mann uͤber Meer beaeben, die veſte Inſuln und Orther, von

123 533 1370 81 denen Kayſeriſchen nicht genuaſam beſchuͤtzt, leicht eingenommen, iſt

121 587 1369 73 don vielen Staͤdten deren Orthen am Sund mit Freuden empfangen

119 630 1368 74 worden, hat Pomern eroberet, in Aecblburg gut Gluͤck gehabt,

116 682 1372 78 und mit ſeiner Ankunfft alle Proteſtirende erfrenet, wie er dann durch

118 731 1375 72 dero Huͤlff, ſonderbar von Sachſen 1627. vielmahl denen Catholi⸗

116 780 1376 67 ſchen obgeſieget Manche Veſtung mit Betrohung, manche mit Ge⸗

118 828 1370 74 walt erobert, guten Theil offen gefunden, und dis Jahr bis nach ulm

118 872 179 75 kommen.

235 928 1252 67 Anno 1622. vermehrten ſich des Kayſers Feind, und wollte

117 976 1365 66 nicht aLein Ober⸗Oeſterreich wieder rebelliren, ſonder auch Ungarn,

118 1021 1369 74 und der Ragozius aus Sibenbuͤrgen. Graff Tilli gab auf die Schwe⸗

121 1073 1366 70 liſche acht, General Pappenbeim ſtreittete wider die Hefſen. Der

119 1124 1364 65 Gallas deſendirte Boͤhm wider Sachſen; deren Feind waren zu viel,

121 1171 1363 66 deren Generaln und Voͤlcker zu wenig. FTriebe alſo den Kayſer die

119 1220 1359 63 Noth, den Hertzog von Fridland wieder anzunemmen: dieſer hat ſich

117 1267 1365 64 zwar gar ſobmils erzeiget, aber doch in 9. Puncten ſolche Poſtulata ge⸗

119 1314 1361 68 ſhan und erhalten, dergleichen kein Menſch ihme haͤtte ſollen einbil⸗

117 1353 74 70 den.

229 1412 1253 68 Es hatten die Soldaten kurtze Winter⸗ Quartier; dann ſowohl

116 1464 1362 65 Feind als Freund wenig Rube geben, und hatten beede Theil ihre

123 1509 1352 76 meen zerrheilt. Der General Tilli wolte nicht weit von der Pfals

127 1554 49 58 n

195 1556 1278 73 Bayrn ſeyn, wußte den Schwediſchen General Horn zu Bam⸗

123 1604 28 50 e

167 1606 1306 71 8, den wollte er vertreiben. Lie ſſe ſich den Z. Mertzen vor der

122 1652 1353 71 Stadt ſehen, eroberts, und erlegt den Feind 20c0. Mann. Dieſes

117 1699 1356 72 ſoͤrte der Koͤnig Guſtayus nicht gern, verſammlete ſeine Voͤlcker, mu⸗

112 1741 74 68 ſtert

194 1750 1276 68 ſelbe, und ziehet damit in Begleituna des Pfaltz⸗Graf Friderichs,

117 1793 63 68 und

190 1800 1274 70 Anauſti Fuͤrſtens von Sultzbach auf Nuͤrnberg. Kein angeneb⸗

116 1847 1348 76 aerer Gaſt koͤnnte dieſer Stadt kommen. Alles war in Freuden⸗

117 1897 1100 81 nd ſinnete des Kayſers Feind Suſtaro Ehr zu erweiſen.

711 1954 115 81 RTI

1352 1929 114 83 Man
