1938 2500
704 230 35 51 ur

473 336 873 133 CAPUTXXXIII

255 487 1348 117 ſengrinus eintweder von ſeinem Tauff⸗Nahmen, oder von einem

216 563 45 38 2

269 547 1332 103 Adelichen Geſchlecht alſo genannt, iſt von Hertzog Arnolph aus

280 598 1321 99 Hayrn, zum Biſtumb promorirt worden, welches er bey eilff Zah⸗

220 620 55 78 en

290 648 1306 99 egieret. Wird endlich bey S. Emmeram begraben (a) Anno 9a1.

220 676 89 69 nne

329 704 1271 93 36. haͤrte Kayſer Heinrich die Gedancken nacher Rom um die

218 744 1382 112 wmiſche Cron zu reiſen. Der unverhoffte Todt wiſe ihm einen an⸗

225 777 62 86 er.

298 800 554 84 Weeg nemlich zur Ewigkeit.

330 852 1271 104 Anno 927. 12. Julii ſtarb Hertzog Arnolph in unſerm Cloſter

280 902 1320 100 ahen, einige wollen auch doͤſen Todts, (h) wie ihme St. Ulrich

269 936 24 65 ,

244 990 54 60 eir

363 959 1234 97 zu Augſpurg prophezeyht, und ſo gar den Tag benahmſet hat.

206 1022 63 71 s

316 1006 1280 95 Brabs⸗Gedaͤchtnuß wird in unſer Kirchen noch geſeben. (c) Ver⸗

287 1048 60 60 on

219 1079 39 61 er

365 1058 1228 96 ſeiner Gemahlin Frau Gerdinga, Graff Rudolffen von Ra⸗

297 1106 1300 98 irg Tochter S. Conradi Muemen z. Soͤhn, Eberharden, Arnol⸗

222 1130 40 60 1

304 1159 1288 95 und Hermann, und ein Tochter ſudirham, wie vor gemeldt Koͤ⸗

212 1170 42 67 ne

284 1204 1305 104 deinrichs Gemahel. Nach Koͤnig Heinrichs Todt folgte im Kay⸗

237 1254 1349 108 chum Orro der Groſſe, ein Sohn Heinrici, hatte gleich groſſe An⸗

206 1269 45 64 tiͤ

213 1329 48 59 dr

313 1313 1274 92 und zwar erſtlich von ſeinem eigenen Bruder HHeinrich; dann

313 1361 1274 95 perhard HHertzog aus Francken, und HHertzog Gai elbrecht aus

254 1402 1332 106 ringen, der ſein leibliche Schweſter Gerbirgam hatte. Nit weni⸗

202 1422 48 62 zer

276 1455 1310 108 omn Koͤnig Ludwig in Franckreich, der das teutſche Reich pra-

211 1477 44 54 1

279 1498 66 61 rte.

202 1572 82 73 Awe

311 1558 1272 104 Anno 9ꝛ0. hat dieſer Kayſer Orto das Dorff Helffendorff, (d)

193 1615 100 96 unter

322 1612 1263 100 St. Emmeram gemartert worden, dem Cloſter geſchenckt.

307 1661 1276 104 ſueſer Zeit hat Regenſpurg bald zween Biſchoͤff nacheinander be⸗

901 1737 61 61 Ee

1387 1750 193 72 kommen,

33 1238 67 62 plas

1524 251 83 60 212

290 1879 1284 104 Fie lang Iengrinus das Difthum regerer⸗iſt nicht gewiß. Er ledte noch unter Orrone 1.

245 1902 70 53 Anne

332 1920 1244 102 pꝛo. wu Ortonis Ngloma veiſet. Ob er ader bolgendes Jahr Anno 911. geſtordene

244 1936 270 82 tan n nichts unden,

283 1988 60 57 As

236 2013 107 75 Enrenaͤr

361 2008 1217 98 crastarum. Arn Ues wale nalur cognoninatus Ad. R. P. Agneiu ora.

357 2043 194 66 S. Auguſtini.

270 2086 1048 101 dun ver Glocen, an Engans m den hohen Altar en corn Erangeln.

270 2116 412 102 Euh das Diriona Ononie⸗
