1978 2545
352 216 41 65 8e

904 220 60 69 22

1020 220 181 72 O) Ei⸗

339 265 1418 89 wohl erkennet, und vor GOtt ſich geforchten, VIX POENAS EVADERE.

335 315 1420 89 POTERIMUS, Daß er gezwungener VOeiſe die mehrere, und beſ⸗

339 366 1416 90 ſere Guͤrer dem Biſtum zugeeignet, und die geringere denen ſeni⸗

339 417 1418 89 gen, welche Cag und LTachr an dieſem heiligen Orrh GDer lo⸗

335 467 1418 84 ben, uͤberlaſſen habe. Es werden noch viele Donations⸗Briefe und Di-

339 513 1422 86 vlomata in unſerem Archivo auſbehalten, worinnen die Guͤter, ſo der heilige

340 554 1411 93 VVolfgangus dem hochen Stifft des Regenſpurgeriſchen Biſtums zugerheilet, de⸗

336 603 1414 75 namſet werden. Weit ſeye von mir, daß ich wider ſolche Abtheilung nur einen un⸗

332 643 1423 90 gleichen Gedancken haben ſollte. Ich habe die Wort Arnoldi nur darumen hieher

332 691 971 75 geſetzt, um der Sachen wahre Beſchaffenheit zu erklaͤren.

700 873 695 140 CAPUTATV.

324 1008 1416 141 Von S. Voltgang, Tod, und was ſich her⸗

803 1124 480 97 nach zugetragen.

448 1208 1296 104 Ach dielen Wercken der gottſeeligen Gerechtigreit, wit welcher

468 1279 1272 83 Er in 22⸗ jaͤhriger Regierung ſeinemHHeyland begehrte gefaͤhlig

332 1320 1406 98 G&V zu werden; nach vielen wunderlichen Thaten, als Zeugnuſſen

322 1377 1416 92 ſeiner HHeiligkeit, die er ſeinem Neben⸗Menſchen zu gutem gewuͤrckt⸗

321 1428 1413 87 nach vollbrachter groſſer Sorg, Wachtdarkeit, Muͤhe und Arbeit,

322 1480 1416 93 die er ſeinen Schaͤfiein, als ein wahrer Hirt angewendet, wollte er

319 1532 1422 88 noch, gewoiſſer Geſchaͤfften halber nach Dechlarn, als einer, ſemnen

322 1580 1414 84 Crifft von Alters zugehoͤrigen Stadt in Deſterreich ein Reis vornem⸗

321 1634 1412 85 men, wurd aber unterweegen mit einem Fieder angegriffen; weilen

316 1678 1415 92 nun die Schwachheit ſich mehrte, wußte er im Geiſt, was bald er⸗

319 1730 1411 92 folgen werde; fieng dahero an mit Faſten, Betten, Almoſen geben,

318 1785 1412 86 und lauter guten Gedancken ſich zur Ewigkeit zu richten: kaͤne aut

316 1839 1411 85 Dupingen, allda ließ er ſich in S. Orhmari Kirchlein tragen, und fuͤr

316 1886 1411 92 deſſelden Altar auf ſein Angeſicht nieder legen, mit welcher Demuth

316 1935 1405 96 er ſeinen GOT noch wollen Ehr erweiſen. Als ſeine Bediente ihi

315 1994 1405 81 wollen aufheben, und das gar zuviel zulauffende Volck aus dem Kirch⸗

314 2041 1407 85 lein ſchaffen, hat der heilige Mann verbotten, und geſagt: Es ſeye

318 2091 1401 109 einem Vorſteher ehrlicd⸗ offenrlich zu ſterden, damit das Volek nich.

1603 2157 118 85 alein

1915 709 43 62 er

1927 684 18 34 .

1911 798 45 58 B.

1919 853 36 64 C

1921 906 15 55 U

1915 947 57 68 An

1908 998 50 65 in

1914 1046 38 65 he

1915 1101 50 65 ſen

1912 1155 56 55 rar

1915 1200 38 71 c

1911 1300 61 64 Leie

1910 1347 59 72 An

1918 1409 37 52 er

1907 1456 62 61 na⸗

1911 1500 42 69 al

1915 1558 19 53 .

1910 1597 32 65 e

1910 1674 52 45 Ho

1907 1706 45 57 d

1905 1747 54 67 fen

1900 1795 70 64 ſinr

1904 1859 48 52 1ie

1931 354 21 64 .

1925 404 33 62 ar

1929 455 22 62 1
