1923 2446
50 241 47 55 in

46 274 74 77 ten

38 335 73 63 und

38 383 70 61 i er

63 482 44 61 ont

29 529 83 74 aber

48 577 60 67 ſich

24 629 73 72 olchr

35 722 76 77 daß

25 782 76 63 aud

23 830 76 70 ollls

33 883 68 65 uth⸗

728 190 371 76 18 (0) Ehu

1509 201 83 66 189

194 237 1405 93 Sonntng man eden aus dem heiligen Evangelio leſen thut: Geber

195 293 1362 83 dem Rarſer, was des Hayſers iſt, und GOer was GOrres iſt.

315 345 1280 83 Anno 1618. hat ſich Cammerer und Rath unterſtanden, dem

197 391 1401 83 ſtommen Biſchoff Albrechten zu verwehren, in der Procelkion am

199 442 1399 85 ſeiligen Charfreytag fuͤr das Rath⸗ Haus zu gehen, um derentwillen

207 494 1385 79 in Ketten vorziehen laſſen; deſſen gleichwohlen, und weiters ungehin⸗

206 544 1389 79 ert, daß Se. Fuͤrſtliche Gnaden, hoch⸗ſeelig gedachter Biſchoff mit

198 593 1396 78 ier bey ſich gehabten Cleriſey, und gantzen Comitat, mit gantz aͤr⸗

195 641 1403 84 Ferlichem Hohn und Spot durchſchlieffen muͤſſen, hat man ſich doch

199 693 1393 81 Latholiſcher ſeits deſſen nichts irren, noch hieran verhinderen, noch

201 746 1397 74 ut keine gewiſſe Gaſſen coarctiren laſſen, ſondern iſt im freven

199 792 1393 81 Aercitio, nach Gefallen, durch jede Gaſſen ſolche anzuſtellen, und

205 842 1386 84 surcklich zu halten verdlieden; maſſen die Catholiſche allhier, noch auf

199 894 1396 78 entigen Tag in diebus rogationum, heiligen Charfreytag, und ſon⸗

197 938 1398 79 ſten durch die Stadt⸗Gaͤſſen, nach Belieben, und Geſtalrſame des.

202 990 1396 79 Zetters, die Proceſſiones anordnen, und in dem Feſto Sanctitlimi

205 1040 1386 79 orporis Chrilti von Domb aus gehaltenen Umgang, nachdem in

197 1089 1395 83 ordine bey unſeren Cloſter geſungenem Evangelio, hinab dey denen

201 1138 1397 86 lominicanern, uͤber die Hayd dem Rath⸗ Haus vordey, nacher der

197 1190 1394 87 Dombꝛ Kirchen heim gehen: wann anderſt das Wetter ermeldter maſ⸗

191 1233 556 82 en ſich ſchoͤn dezeugen thut.

312 1288 1278 80 Den 11. Julii Anno 1619. hat die Stadt ein neuen Saltz⸗

191 1331 900 84 Stadl dey der ſteinern Brucken bauen laſſen-

305 1391 1283 80 Anno 1620. iſt das weiſſe Bier allhie bekannt worden; und

191 1433 1397 90 veilen etwann dem Magiſtrar ein Braͤn⸗Haus anfzurichten, und daſ⸗

190 1481 1398 91 elbe zu verlegen, eintweders die Mittel ermangleten, oder der Gewinn

194 1532 1391 85 acht gar zu gewis erſchiene, iſt einigen Burgern ihr paares Geld aut

197 1585 1390 80 roportionirten Gewinn herzuleyhen erlaubt worden. Als der Magi-

191 1617 67 69 tra⸗

288 1637 1307 79 ahe, daß man ein anſehnlichen Gewinn davon haben kan, hat

184 1683 1401 91 Alder nach 6. Jahren denen Burgeren ihre Capiral bezahlt, und ſol⸗

188 1732 729 82 Des ſeldſten zu verlegen angefangen.

316 1788 1265 79 Oer Pfaltz⸗Graff hat ſich nicht gar ergeben, ſonder Anno 1621.

191 1808 91 82 bult

305 1834 1279 82 geſucht, wo er nur eine hoffen koͤnnen, aber wenig erhalten;

194 1879 1389 90 ann man deſorgte den Bann oder Aacht, die allbereit auf Pfalb⸗

198 1906 62 77 Hre

292 1935 1287 82 Friderichen, und ſeine Adhœrenten, Chriſtian von Anhalt, Fo⸗

188 1956 83 75 danr

294 1986 1291 79 Georg von Jaͤgerndorff, und Georg Friderichen von Hohenloe

207 2031 1377 111 Rnd⸗R. Eꝛerntgres Lynd gesEin nn der adern Halt Herten

206 2068 42 61 1.

807 2095 153 83 PPP⸗

1403 2094 182 66 zimilian

42 1081 49 59 uc-

36 1125 61 72 ut⸗

27 1273 65 65 den

31 1316 57 78 2

31 1425 64 67 en⸗

23 1509 76 71 und

31 1608 70 68 mil

38 1657 54 72 er⸗

42 1712 50 62 mn.

21 1757 78 65 zeus

28 1805 68 64 ner

28 1845 72 80 das

27 1955 69 67 tas
