1978 2546
407 260 86 73 112

909 260 362 79 asSz (O.) &t.

839 356 533 122 Anmerckungen

635 482 955 123 Zu denen nachfolgenden Capitten.

916 598 378 137 Die Erſte,

421 710 1368 121 Von denen Aelteren belannten Hertzogen in Bayrn.

417 816 1399 93 He Darnlche Seribenten halen die rkidorie von denen vonigen Zeilen, nnd wei

423 884 1385 72 E denen Bayriſch.n Hernogen ſehr verwirret, und mehrere THEODONES,

393 925 1420 66 nach ihren Belieden, theils erfunden, theils zwen, nur vor einem gehalten. Valeſins

393 964 1418 84 hat der Erſie dieſen Fehler enddecket. Es fndet ſich nnter der Regerung Childederu H.

393 1021 1420 68 von Anno 575. biß 596. ( in deſſen zwey ten Regierungs⸗Jahr der H. Anperrus

394 1067 1417 65 nach vieler Meynung in Regenſpurg ankommen, und Theodone m L. ſolle geraune.

391 1106 1421 67 haben,) kein THEODO. Wohl aber Garibaldu 1 Taftlo 1. & Garitalaor il-

393 1151 1418 69 Damt nun der Leſer einen kurtzen und klaͤrern Begneff deſſen, was ſchon vorhero⸗

391 1198 1420 62 und in nachfolgenden Capitlen zu leſen iſt, ſich machen koͤnne, als hade ich die zwei

391 1240 1421 62 nachfolgende Catalogos mit Anmerckungen, und Citationibus vorweiſen wolen,

393 1280 1416 66 nnd dieſes darumen noͤthig zn ſeyn erachtet, weilen Abbr Cœleſtinus in ſemnet

391 1323 1414 64 Erzehlung auch denen vorigen Scribenten gefolget iſt, welche Erzehlung aber, n.

391 1367 1412 67 denen Zeugnuſſen, ſo durch die fuͤrnehmſte Criticos Valelium, Mabillonrum,

389 1410 1414 66 Pagium, Eccardum, Hanlinium aus denen unverwerfiichen Docnmenten hu⸗

391 1456 1410 67 nach entdecket worden, nimmermehr deſtehen kan Da ich nun aus ſeinen Urze⸗

391 1497 1403 70 chen, alles dasienige, was Cœrleſtinus erzehlet, in dieſer neuen und vierten Nu

389 1537 1402 72 lag ſeines Manſolœi, auch bendehalten, doch die noͤthige Anmerckungen zu Er

390 1579 1402 77 kanntnuß der Wahrheit auch deyſeten wil, als habe ich dieſe Caralogos, weloͤ-

387 1628 1411 82 als Anmerck ungen vor die nachfolgende Capitlen anznſehen ſeynd, in kurten dod

384 1670 1410 88 dentlichen Begriff vorzeigen wolen, mit dieſer Erklaͤrnna, daß ich dieſe Mennuns

387 1724 1401 75 deren lettern deruͤhmten Scribenten ſo lang denntimmen woͤlle, ſo lang ich keu

389 1760 1013 84 klaͤrere Proben vor die gegenrheilige Mrynung anden werde.

502 1809 1289 92 Der Erſtere Catalogus, ſo oben vag. 17. i leſen, enthaltet die Koͤust

387 1862 1367 88 in Auſtralien, unter welchen die von denen aͤlniſten Hiſtoricis benahmb

390 1912 1319 82 Hertzogen in Bayrn, welche dieſen Koͤnigen unterthaͤnig ſenn muſten, lebeten.

389 1956 1382 82 ſer nachſolgende Catalogus zeiger die Dronnng deren in denen aͤlteren Zeiten betan

393 2004 1306 78 ten Bayriſchen Hertogen, nedit kurtzer Erzehlung von deren Gekurt ꝛc.

393 2042 980 88 der Erſer goſ einmahl anrn kiaren Vegrif betommen moge,

1656 2161 115 93 CA
