2024 2573
805 245 27 70 3

871 247 78 64 0

961 248 14 66 )

991 248 54 66 &

213 291 1411 86 ewigen Seeligkeit belohnen wolte. Derohalben als ein ſtarcker und un⸗

1571 260 43 58 2,

213 350 1409 78 verzagter Held waffnete er ſich zu dem Streitt mit einem unſichtbarli⸗

213 398 1409 82 chen Schild in hoͤchſter Wachtbarkeit in Erwart ſtehend des Tags ſei⸗

211 450 1412 81 ner Beruffung und heiliger Belohnung. Damit er aber ſich eines ſee⸗

208 498 1414 79 ligen Ends deſto mehr zu verſichern haͤtte, nahm er ihm fuͤr, die Gnad und

215 548 1404 85 Beyſtand GOttes durch die Fuͤrbirt der heiligen Apoſtlen Petri und

207 601 1412 83 Pauli mit einer weiten und ſchwehren Wahlfarth zu erlangen; begehrt

205 653 1414 83 alſo von dem Fuͤrſten und Landſeſſen Verguͤnſtigung, daß er ſeiner An⸗

205 703 1090 80 dacht, und Gebetts halber nacher Rom ziehen moͤchte.

207 806 1407 83 Theodonis vermittels teufflͤſcher Anreitzung von unkeuſchen Begier⸗

354 759 1262 77 e) Zu derſelbigen Zeit ware Uta die Tochter des Fuͤrſtens

204 857 1413 76 den uberwunden, und bey Sigibaldo eines Richters Sohn eines Kinds

200 907 1413 85 ſchwanger worden: diſe beyde wurden der groſſen Mißhandlung hal⸗

203 959 1411 83 ber haͤfftig bekummert; und weilen nun die Gach am Tag, und nit

198 1009 1414 87 langer moͤchte verhalten werden, beſchlieſſen ſie ſich mit einander, und

197 1059 1412 85 fallen dem heiligen Biſchoff Emmeramo zu Fuß, bekennen vor ihme,

198 1113 1414 80 ſoie ſie ſich in dem unehrlichen Beyſchlaff vergriffen, und deßhalben

200 1146 44 60 de

294 1162 1316 83 Straff keineswegs entgehen moͤgen, hoffen allein, GOtt werde

195 1212 857 80 den Gefallnen durch ihn ſein Hand reichen.

324 1267 1285 85 Gleichwie aber die Kinder gememniglich pflegen groͤſſere Sorg zu

190 1313 1417 84 tragen wegen der gegenwaͤrtigen zeitlichen Straff, als Abſcheulichkeit der

194 1363 1410 86 Sund und verdienten Peyn des ewigen Feurs; alſo iſt es auch diß

187 1412 1419 81 Orths geſchehen; nachdem aber der heilige Mann ſolches hoͤrete, er⸗

188 1456 1416 96 barmete er ſich uber ſie, ſtraffte ſie doch hefftig mit Worten, daß ſie

194 1506 1412 97 ſolches Laſter degangen; ſagt ihnen, wie ſie vilmehr der Seelen Ver⸗

193 1559 1411 99 dammnuß, als die zeitliche Straff ſollen anſehen und foͤrchten; nach⸗

188 1612 1416 94 dem ſie ſich mit GOtr werden verſoͤhnet haben, ſollen ſie ſeiner Guͤte

188 1663 1416 96 und Dilpoſirion alles uͤberlaſſen, es werde auch der HHerr Vatter im

185 1718 1415 93 Dorn ſeme Barmhertzigkeit nit vergeſſen, ſo fehr ſie ſelben zu ſuſtini-

185 1768 1415 94 cen ſich nir getrauten, kunte man ſich ablentiren. Sein Reiß ſeye nun

181 1806 150 63 vor der

351 1825 1248 89 Hand, den Abſchied hab er genommen, ſonſt wolte er ſelbſt

187 1868 1409 93 tus Chriſtlicher Lieb und Mitieyden die Straff tragen helffen. Cra

180 1918 1420 107 ſuhrte das letzte ihr zu Gemurh, und gedencket ſich deſſen zu bedie⸗

180 1961 86 77 nen.

1430 2055 166 74 () In

203 2179 306 76 OU) E. V ear 1.
