1959 2500
694 244 402 78 -cas (0) 298-

1506 255 79 70 277

197 305 1397 76 gantz derzehrte. Er erhielte bey Kayſer Friderich den Erſten, in Bey⸗

198 362 1394 68 Lin vieler Reichs⸗Fuͤrſten ein ſchwaͤren Rechts⸗ Handel wider die ed⸗

205 409 1385 75 e, und unſerem Cloſter ſehr ſchaͤdliche Frau Margaretha von Cann,

208 462 1386 67 ſo der Hiſtoricus, beſtiam Capillatam nennet) wie auch ein Privi-

45 526 73 58 En-

219 513 1373 67 gium de non inkeudandis mulieribus unterm Dato 1157. Non. Fe-

207 561 1389 73 pruar. (d) iſt geſtorben 1177. Unter dieſem Abbt hat Frau Sophia⸗

37 570 81 77 Las

77 626 42 62 ein

209 611 1387 73 Sraͤfin von Abenſperg, gebohrne Graͤfin von Biburg, einen Hoff den

55 669 56 69 an

213 665 1379 71 Coſter S. Emmeram geſchencket. Das Bayriſch Stammen⸗ Buch

59 727 50 61 fert

209 716 1384 70 deldet von einem Vertrag zwiſchen Adalberto, und Chunone von

212 766 1377 74 Neglingen, Grafen von Frontenhauſen und Teiſpach Anno 1160,

37 827 81 71 zhmt

213 815 705 78 aͤdey viel edle Zeugen geweſen. (e)

70 873 41 67 ile

41 931 60 63 Me

68 983 40 60 ne

712 947 342 90 Incidentia.

295 1070 1302 73 no 1170. erwaͤhlet nach Chunonis Tod (U die Geiſtlichkeit

294 1126 1303 68 und Burgerſchafft allhie zu einem Biſchoff Heinricum, Grafen

211 1154 64 69 on

284 1179 1313 66 Oolffrarshauſen, ein Sohn Graf Ottonis, und zwar auf Be⸗

226 1226 1374 71 tderung Graf Friderichen von Bogen, wider Willen und Conlens

280 1280 1324 72 land⸗Fuͤrſtens, bey deme er dann wenig Gunſt erfuhre, wie

212 1311 247 89 ernach folgt.

207 1387 58 82 rr

313 1379 1287 68 Unſer Cloſter ſollte der Apoſtoliſchen Cammer zu Rom, wegen

280 1429 1316 68 emprion ein jaͤhrliche Penlion erlegen. Abbt Engeltridus un⸗

237 1459 45 61 u

297 1477 1300 63 ſe dieſe Schuldigkeit, wurde deßwegen ſamt dem Convent in

241 1516 71 67 I

209 1548 88 79 rum

323 1531 1271 66 gethan, der waͤhrete von Anfang der Faſten bis in den Augu-

334 1584 1262 67 Die Erecution hatte der Biſchoff Hainrich, der ſiele in das

240 1631 1357 70 oſter, beraubte das Sacrarium, zerbrach die goldene Kelch, ver⸗

218 1680 1378 78 annte die Privilegia ſo er finden kunte, deltruirte die alte Gedaͤcht⸗

811 1738 164 77 M m 2

1437 1736 159 61 nuſſen,

27 1277 77 61 ſtet,

55 1316 49 61 56.

31 1366 73 70 ans

294 1886 604 75 Cide Diplona Fnderie. 1. Lngperztortc.

298 1943 1299 61 s vno auch i unſeren Libris Traditionum ene beſondere Concellio, ſo Henriens Hertos

268 1980 1111 63 ⸗Deſterreich dem Abdten Adalderꝛo gettan, grlrſen. Vide lirteras Henriei,

287 2022 1312 65 Hur vorhero gemeddet worden, ſo hat Adalberrus Aͤdt, Henricum Diſchoffen beſaͤufeget.

265 2062 1331 60 gecher hernach auf Dutte Adelderri Abtens die Careuen S. ſoannis nedn Ptaͤtter engewey⸗

257 2075 51 50 tet.

339 2102 1257 54 Ano em Neligios von S. Emmeram, mir Nahmen Chuno, das Erdreich zum Feld⸗

261 2108 66 57 Dan

336 2134 1254 64 zugericht. Chuno der Diſchoff zu Regenſourg hat das lenige, was Henricus der Biſchont

262 2161 857 83 ralderro grſchercet, detaͤtniger. Er Monuſonirrie noſtrir,
