1991 2551
764 226 49 81 -,

848 226 34 80 s

921 228 238 75 0) Eig--

585 328 739 122 CAPUTVII.

236 473 1416 103 Das Leben S. Dionylii Areopagitæ ge-

262 565 1365 85 nommen eX Surio, mehriſt aber von Hildewino

368 636 1149 88 Abbten zu S. Dionylii dey Pariß, ſo diß Leben

696 700 505 73 weitlaͤufftig beſchrieden.

328 789 1326 72 Then der uralten beruͤhmt⸗ und gantzer Welt bekannter HHaupt⸗

239 861 65 64 1.

350 844 1306 63 Stadt in Griechenland manglete an ſchoͤner Gelegenheit, geſun⸗

346 895 1307 70 dem Lufft, luſtiger Landſchafft, und was zu Freuden und Wohl⸗

222 943 1434 75 leben diente, nemlich Reichthum, Policey, Hoͤffuchkeit, Witz, Ver⸗

225 997 1431 70 ſtand, und allen dem, was einen Menſchen wohl ziehret und anſtun⸗

224 1047 1430 72 de, nichts, als der wahre Glauben, und Erkanntnus GOttes. Die

226 1098 1427 65 Arhenienler aber, obwohlen ſie der Abgoͤtterey und Goͤtzen⸗Dienſten

222 1149 1431 69 gant ergeben waren, ſeynd dannoch durch das natuͤrliche Liecht des

226 1200 1424 74 Verſtands ſo weit kommen, daß neben ihren gewoͤhnlichen falſchen

224 1251 1428 72 Goͤtzen ſie erachtet haben, es muͤſſe noch einer ihnen undekannter GOtt

221 1303 1428 70 ſeyn, der die Welt erſchaffen, und regiere, derowegen ſie ihm auch

219 1354 1431 70 ein Altar aufgericht mit dieſer Uberſchrifft: Ignoto Deo, dem unbe⸗

219 1404 1428 69 kannten GOrt. Von dieſem unbekannten GOtt weißredete Diony-

216 1456 1428 64 ſius dazumahl, als er die Finſternuß geſehen, ſo wider der Natur und

221 1502 1423 73 Himmels⸗Lauff ware, da Chriſtus unſer Heyland am Heil. Creutz ge⸗

215 1553 1427 71 Itten und geſtorden, worvon er geſprochen: GOtt der Natur leydet,

215 1605 1428 77 oder die Welt wird untergehen. Dahero, da der HHeil. Apoſtel Paulus

215 1656 1427 80 nacher Arhen das Heil. Evangelium zu predigen kommen, deſto leich⸗

222 1709 1421 75 ter in dem Flecken Areopago Gehoͤr erlanget, und witzig unter den

226 1758 1416 77 Witzigen deſto fruchtbarer gearbeitet; vor allen andern aber mit Goͤtt⸗

216 1809 1424 77 licher Lehr den beruͤhmten Weltweiſen Diony kium dahin geleiter, daß

214 1862 1419 85 er dem Wort GOttes, mit mehr anderen dengefallien, ſo evffrig ſich

952 1921 95 80 02

1558 1930 79 52 des

1609 263 26 41 2

242 2069 1394 63 NB. Os der balige Dionvlius Areopagira nach Pans tommen Lre, haten ainge geledrer Critiet

276 2111 1356 57 in diſen lenteren Zeiten vielts arſchriden.. Tahero ſeitr nach Brlurden toͤnnen gele en werden. Als

272 2145 1354 67 Ebuzo Menardus. Millerur. Sirmonchur. L.unoiud. Millerur. Tutewontzus. DuPins

272 2176 1073 78 de dlarer. Badinus Alrillera. Cniͤſtterin. MAerander Nrrlie, d..
