2456 3280
918 286 1355 129 Die truͤbſaͤlin der criſtenheÿt iſt gemer

928 373 1338 135 cket von Johanne jm buͦch Apocalip ſis

931 466 974 115 der heÿmlichen offenbarung.

900 548 1359 126 Die gegenwertig peinigung der criſten⸗

818 632 1442 129 heÿt iſt voꝛ bezaichnet von Jo hanne jn dez

815 719 1434 130 buͦch der heÿmlichen offenbarunge jm xvj⸗

813 809 1440 125 capitel von dem fünften engel der da außge

827 892 1432 130 goſſen hat den zoꝛen gotes über den ſtuͦl des

811 973 1444 133 tiers. So er alſo ſchreibt. Vnd der fün ffte en

813 1060 1444 128 gel hat außgoſſen ſein ſchal oď ampel volle

811 1146 1433 124 des zoꝛn gotes auff den ſtuͦl des thiers vnd

818 1213 1433 142 ſein reÿch iſt woꝛden tunckel. Vnd die men

811 1301 1433 151 ſchen haben geeſſen voꝛ ſchmerczẽ jr zun gẽ

807 1390 1437 147 vnd haben geſcholten ſeinen heÿligen nam

798 1481 1446 138 en vnd habendt kein buͦß gewürckt über jr

802 1559 1437 148 ſünd. Do ward gefragt wz verſtandẽ wür

796 1649 1446 134 de durch den fünften engel darnach wz man

804 1725 1435 140 verſtuͤnde durch den ſtuͦl des tiers vnd was

800 1796 1426 161 durch die tunckelheit des reichs vnd des ge

798 1884 1431 162 leÿchen von den andern. Do ward geantw

791 1975 1440 155 urtet. Das durch den fünften engel verſtan

794 2057 1430 157 den wirt die fünſſt peinigung oď truͤbſaͤlin

804 2155 902 111 vnder der wir yeczen ſeyen.

878 2235 1218 159 Von ſiben peinigüg der criſtenheit.
