<?xml version="1.0" encoding="UTF-8"?>
<alto xmlns:xsi="http://www.w3.org/2001/XMLSchema-instance"
      xmlns="http://www.loc.gov/standards/alto/ns-v4#"
      xsi:schemaLocation="http://www.loc.gov/standards/alto/ns-v4# http://www.loc.gov/standards/alto/v4/alto-4-2.xsd">
  <Description>
    <MeasurementUnit>pixel</MeasurementUnit>
    <sourceImageInformation>
      <fileName>102_3e4f1_default.jpg</fileName>
      <fileIdentifier>https://api.digitale-sammlungen.de/iiif/image/v2/bsb00034304_00103/full/full/0/default.jpg</fileIdentifier>
    </sourceImageInformation>
  </Description>
  <Tags>
    <OtherTag ID="BT1" LABEL="Title" DESCRIPTION="block type Title"/><OtherTag ID="BT2" LABEL="Main" DESCRIPTION="block type Main"/><OtherTag ID="BT3" LABEL="Commentary" DESCRIPTION="block type Commentary"/><OtherTag ID="BT4" LABEL="Illustration" DESCRIPTION="block type Illustration"/><OtherTag ID="BT279" LABEL="text" DESCRIPTION="block type text"/>
    <OtherTag ID="LT117" LABEL="default" DESCRIPTION="line type default"/>
  </Tags>
  <Layout>
    <Page WIDTH="2432"
          HEIGHT="3280"
          PHYSICAL_IMG_NR="102"
          ID="eSc_dummypage_">
      <PrintSpace HPOS="0"
                  VPOS="0"
                  WIDTH="2432"
                  HEIGHT="3280">
        <TextBlock HPOS="218"
                   VPOS="386"
                   WIDTH="1550"
                   HEIGHT="2097"
                   ID="eSc_textblock_5fc4c90f"
                   TAGREFS="BT279">
          <Shape><Polygon POINTS="284 386 1717 400 1731 1521 1746 1732 1768 1727 1746 1756 1753 2403 1731 2461 311 2483 269 2461 247 597 218 581 218 539 247 508 247 400 284 386"/></Shape>
          <TextLine ID="eSc_line_fa60c85d"
                    TAGREFS="LT117"
                    BASELINE="355 471 1288 455 1697 459" 
                    HPOS="353"
                    VPOS="389"
                    WIDTH="1344"
                    HEIGHT="104">
            <Shape><Polygon POINTS="1520 397 1502 397 1483 397 1465 397 1447 397 1429 397 1411 397 1405 397 1392 397 1374 397 1356 395 1338 395 1319 395 1301 395 1296 395 1283 399 1265 404 1256 399 1248 395 1246 395 1228 395 1210 395 1192 395 1174 393 1155 393 1137 393 1119 393 1101 393 1082 393 1064 393 1046 393 1033 399 1031 399 1026 399 966 391 955 391 937 391 918 391 904 391 887 399 869 406 844 399 814 389 809 389 807 389 787 399 760 413 618 413 588 399 572 389 570 389 495 389 494 389 492 389 474 399 448 410 424 399 412 391 410 391 408 391 353 397 355 471 355 493 1697 473 1697 459 1693 400 1542 400 1538 399 1520 397"/></Shape>
	    <String CONTENT="Vnd das ward alſo erklaͤrt jm ſelbẽ eani"
                    HPOS="353"
                    VPOS="389"
                    WIDTH="1344"
                    HEIGHT="104"
                    WC="0.9956381131963032"></String>
          </TextLine>
          <TextLine ID="eSc_line_e1560c37"
                    TAGREFS="LT117"
                    BASELINE="264 557 1288 539 1699 541" 
                    HPOS="262"
                    VPOS="468"
                    WIDTH="1437"
                    HEIGHT="120">
            <Shape><Polygon POINTS="264 557 264 570 348 583 350 583 404 570 406 570 408 570 444 586 446 586 448 588 510 588 510 586 838 581 840 581 871 568 875 568 1004 579 1006 579 1008 579 1040 566 1048 564 1055 566 1086 577 1088 577 1090 577 1092 577 1093 577 1108 566 1110 564 1124 566 1150 570 1152 570 1154 570 1163 566 1179 559 1226 559 1236 566 1246 574 1248 574 1250 574 1252 574 1254 574 1276 566 1299 557 1334 564 1336 564 1504 553 1524 564 1531 570 1533 570 1535 570 1536 570 1538 570 1549 564 1566 555 1697 563 1699 541 1697 482 1500 468 1498 468 1496 468 1454 484 1453 484 1451 484 1423 471 1422 471 1420 471 1418 471 1389 482 1314 471 1312 471 1310 471 1259 486 1246 490 1172 490 1164 486 1130 473 1128 473 1126 473 1084 475 1082 475 1081 475 1064 488 1061 490 1048 488 1017 481 1015 481 951 488 920 492 911 488 891 481 889 481 725 481 723 481 721 481 720 481 705 490 696 495 665 492 623 484 621 484 619 484 603 492 588 499 539 499 528 492 514 484 512 484 510 484 448 486 446 486 433 493 424 499 413 493 401 484 399 484 397 484 395 484 262 493 264 557"/></Shape>
	    <String CONTENT="tel beſchreipt Johannes ſiben zeit vnd ſiben"
                    HPOS="262"
                    VPOS="468"
                    WIDTH="1437"
                    HEIGHT="120"
                    WC="0.9992372542619705"></String>
          </TextLine>
          <TextLine ID="eSc_line_06882d68"
                    TAGREFS="LT117"
                    BASELINE="264 650 1704 619" 
                    HPOS="262"
                    VPOS="548"
                    WIDTH="1442"
                    HEIGHT="133">
            <Shape><Polygon POINTS="264 650 264 681 382 666 417 679 421 679 422 679 424 679 649 674 650 674 652 674 672 663 703 672 705 672 707 672 709 672 772 657 838 670 845 670 847 670 849 670 853 670 887 656 906 668 907 668 909 668 911 668 917 668 958 659 1073 665 1092 665 1093 665 1095 665 1097 665 1128 650 1192 659 1194 659 1195 659 1197 659 1214 648 1327 659 1336 659 1338 659 1347 659 1449 643 1702 650 1704 619 1699 548 1629 563 1573 553 1571 553 1569 553 1567 553 1553 564 1467 553 1453 553 1451 553 1449 553 1447 553 1445 555 1427 568 1403 555 1394 552 1392 552 1391 552 1274 553 1241 561 1188 574 1148 564 1124 559 1123 559 1121 559 1102 564 1086 572 1075 566 1061 559 1059 559 1057 559 1055 559 1053 559 1044 566 1033 575 1013 568 993 561 991 561 989 561 988 561 969 570 955 575 942 570 922 563 920 563 853 563 851 563 849 563 825 574 809 583 690 583 678 579 667 574 665 574 663 574 661 574 650 579 638 586 510 588 492 584 450 572 448 572 446 572 350 574 348 574 346 574 324 588 319 592 262 592 264 650"/></Shape>
	    <String CONTENT="peinigung der criſtenheit durch ſiben engell"
                    HPOS="262"
                    VPOS="548"
                    WIDTH="1442"
                    HEIGHT="133"
                    WC="0.999173713001338"></String>
          </TextLine>
          <TextLine ID="eSc_line_afaf0b22"
                    TAGREFS="LT117"
                    BASELINE="260 732 1697 705" 
                    HPOS="258"
                    VPOS="637"
                    WIDTH="1439"
                    HEIGHT="128">
            <Shape><Polygon POINTS="260 732 260 748 351 763 353 765 450 765 450 763 452 763 483 748 532 759 534 759 535 759 537 759 548 750 568 759 570 759 572 759 738 758 740 758 793 741 855 754 856 754 858 754 907 739 951 752 953 752 955 752 1026 736 1112 750 1113 750 1212 748 1214 748 1216 748 1216 747 1230 736 1272 743 1274 743 1276 743 1318 730 1405 738 1407 738 1409 738 1429 727 1551 727 1584 739 1586 739 1587 739 1589 739 1591 739 1609 723 1697 721 1697 705 1691 650 1527 652 1525 652 1476 637 1474 637 1405 637 1403 637 1401 637 1361 656 1360 656 1356 656 1268 641 1267 641 1265 641 1214 657 1135 643 1133 643 1132 643 1130 643 1106 659 957 646 955 646 825 663 740 650 738 650 632 668 621 672 441 674 437 672 404 657 402 657 351 657 350 657 273 661 271 661 269 661 258 668 260 732"/></Shape>
	    <String CONTENT="die da außgieſſent jr ſiben ſchalen oď ampe⸗"
                    HPOS="258"
                    VPOS="637"
                    WIDTH="1439"
                    HEIGHT="128"
                    WC="0.9935911562707689"></String>
          </TextLine>
          <TextLine ID="eSc_line_9f282129"
                    TAGREFS="LT117"
                    BASELINE="262 818 1697 789" 
                    HPOS="258"
                    VPOS="717"
                    WIDTH="1439"
                    HEIGHT="132">
            <Shape><Polygon POINTS="262 818 262 836 350 849 351 849 463 834 645 841 647 841 649 841 650 841 661 832 678 841 680 841 681 841 740 830 796 840 798 840 913 825 920 825 924 825 975 836 977 836 978 836 980 836 997 825 1066 834 1068 834 1697 810 1697 789 1691 717 1483 723 1482 723 1480 723 1454 741 1381 725 1380 725 1378 725 1332 745 1290 732 1288 732 1287 732 1201 747 1166 730 1164 730 1163 730 1161 730 1133 743 1082 730 1081 730 1079 730 986 739 984 739 982 739 962 752 891 745 889 745 844 754 811 741 809 741 807 741 805 741 803 741 785 758 732 758 689 743 687 743 685 743 683 743 649 759 570 759 532 743 530 743 528 743 526 743 525 743 512 752 474 747 472 747 470 747 468 747 450 761 386 756 384 756 382 756 348 765 317 747 315 747 313 747 258 747 262 818"/></Shape>
	    <String CONTENT="len vol des zoꝛn gotes alſo das vnder ď ſibẽ⸗"
                    HPOS="258"
                    VPOS="717"
                    WIDTH="1439"
                    HEIGHT="132"
                    WC="0.965709775052172"></String>
          </TextLine>
          <TextLine ID="eSc_line_9030378c"
                    TAGREFS="LT117"
                    BASELINE="264 902 1700 874" 
                    HPOS="262"
                    VPOS="810"
                    WIDTH="1438"
                    HEIGHT="119">
            <Shape><Polygon POINTS="264 902 264 916 548 929 550 929 678 925 680 925 681 925 703 911 811 923 813 923 814 923 844 907 933 905 1008 920 1009 920 1166 916 1168 916 1236 900 1370 909 1372 909 1374 909 1427 896 1597 909 1598 909 1700 889 1700 874 1697 818 1438 810 1436 810 1434 810 1432 810 1418 823 1416 825 1363 825 1358 823 1318 812 1316 812 1314 812 1252 814 1250 814 1221 827 1216 829 1212 827 1181 816 1179 816 1177 816 1175 816 1146 829 1144 829 1135 829 1033 820 1031 820 1030 820 1028 820 1011 830 1008 834 929 834 920 832 858 821 856 821 855 821 853 821 831 834 829 836 824 836 774 823 772 823 771 823 736 838 732 838 727 838 659 825 658 825 656 825 628 840 627 840 625 840 596 830 594 830 592 830 541 841 537 841 535 841 504 829 503 829 501 829 499 829 453 843 450 843 439 843 286 832 284 832 282 832 280 832 262 841 264 902"/></Shape>
	    <String CONTENT="den außgieſſung die welt ein ende wirt ha⸗"
                    HPOS="262"
                    VPOS="810"
                    WIDTH="1438"
                    HEIGHT="119"
                    WC="0.9993097711177099"></String>
          </TextLine>
          <TextLine ID="eSc_line_322af8f5"
                    TAGREFS="LT117"
                    BASELINE="262 984 1706 962" 
                    HPOS="260"
                    VPOS="892"
                    WIDTH="1446"
                    HEIGHT="115">
            <Shape><Polygon POINTS="262 984 262 998 474 998 497 1007 499 1007 501 1007 503 1007 534 996 1343 996 1343 994 1345 994 1370 982 1507 982 1538 991 1540 991 1542 991 1638 980 1664 989 1666 989 1668 989 1669 989 1706 976 1706 962 1702 907 1600 892 1598 892 1597 892 1566 903 1491 894 1489 894 1487 894 1458 907 1451 911 1427 907 1339 896 1338 896 1336 896 1294 909 1279 912 1248 909 1174 900 1172 900 1121 911 1088 918 1035 918 1022 911 1004 902 1002 902 1000 902 927 911 875 918 855 911 842 907 840 907 838 907 836 907 822 912 802 918 743 912 707 909 705 909 678 912 612 923 590 912 585 911 583 911 581 911 579 911 577 911 576 912 559 923 468 916 466 916 371 927 260 916 262 984"/></Shape>
	    <String CONTENT="ben als oben beruͤrt iſt von dem ſibentauſen"
                    HPOS="260"
                    VPOS="892"
                    WIDTH="1446"
                    HEIGHT="115"
                    WC="0.9987224313345823"></String>
          </TextLine>
          <TextLine ID="eSc_line_fe078ba2"
                    TAGREFS="LT117"
                    BASELINE="271 1071 1706 1047" 
                    HPOS="269"
                    VPOS="980"
                    WIDTH="1437"
                    HEIGHT="122">
            <Shape><Polygon POINTS="271 1071 271 1102 381 1091 430 1098 433 1098 435 1098 437 1098 439 1098 453 1086 521 1084 732 1091 820 1093 822 1093 871 1087 913 1082 953 1084 1015 1089 1017 1089 1019 1089 1046 1082 1070 1076 1086 1082 1104 1087 1106 1087 1108 1087 1157 1078 1197 1073 1287 1076 1409 1080 1411 1080 1536 1069 1564 1067 1573 1067 1635 1078 1637 1078 1638 1078 1640 1078 1657 1066 1659 1066 1704 1066 1706 1047 1704 994 1671 980 1669 980 1609 980 1607 980 1606 980 1604 980 1582 996 1576 998 1449 996 1226 994 1225 994 1223 994 1221 994 1214 1000 1208 1004 1183 1000 1157 996 1155 996 1121 1000 1082 1005 1051 1002 1013 996 1011 996 1009 996 993 1002 978 1007 942 1002 867 993 865 993 805 994 803 994 802 994 787 1004 774 1013 638 1013 627 1005 608 996 607 996 605 996 269 1009 271 1071"/></Shape>
	    <String CONTENT="ſten jar. Darnach fragt man wie man wißt"
                    HPOS="269"
                    VPOS="980"
                    WIDTH="1437"
                    HEIGHT="122"
                    WC="0.9890186369419098"></String>
          </TextLine>
          <TextLine ID="eSc_line_7414cca1"
                    TAGREFS="LT117"
                    BASELINE="267 1160 1704 1135" 
                    HPOS="266"
                    VPOS="1066"
                    WIDTH="1438"
                    HEIGHT="123">
            <Shape><Polygon POINTS="267 1160 267 1177 397 1186 399 1186 401 1186 432 1175 433 1175 466 1189 468 1189 470 1189 676 1186 678 1186 714 1171 720 1169 725 1171 774 1184 776 1184 778 1184 895 1168 917 1166 944 1168 1084 1178 1086 1178 1088 1178 1124 1166 1221 1175 1223 1175 1225 1175 1226 1175 1241 1162 1246 1162 1365 1158 1387 1160 1471 1171 1473 1171 1474 1171 1507 1158 1509 1157 1702 1155 1704 1135 1700 1066 1640 1066 1638 1066 1637 1066 1633 1067 1597 1080 1533 1069 1516 1067 1514 1067 1513 1067 1502 1071 1447 1086 1380 1075 1358 1071 1356 1071 1354 1071 1338 1075 1296 1087 1265 1076 1252 1073 1250 1073 1248 1073 1216 1078 1186 1084 1152 1080 1093 1075 1092 1075 1090 1075 1088 1075 1079 1082 1071 1087 1020 1084 949 1080 948 1080 915 1087 893 1093 875 1089 842 1080 840 1080 838 1080 836 1080 816 1091 805 1096 749 1093 683 1087 681 1087 680 1087 678 1087 667 1095 659 1100 572 1102 554 1098 501 1086 499 1086 497 1086 452 1102 441 1106 266 1106 267 1160"/></Shape>
	    <String CONTENT="das wir ÿecz vnder dem fünften engel waͤ⸗"
                    HPOS="266"
                    VPOS="1066"
                    WIDTH="1438"
                    HEIGHT="123"
                    WC="0.9873655878362202"></String>
          </TextLine>
          <TextLine ID="eSc_line_afbd77e4"
                    TAGREFS="LT117"
                    BASELINE="264 1251 1702 1224" 
                    HPOS="262"
                    VPOS="1158"
                    WIDTH="1440"
                    HEIGHT="115">
            <Shape><Polygon POINTS="264 1251 264 1273 1702 1244 1702 1224 1699 1171 1529 1158 1527 1158 1360 1177 1354 1177 1323 1162 1321 1162 1319 1162 1225 1178 1206 1166 1205 1166 1203 1166 1139 1166 1137 1166 1135 1166 1086 1182 1084 1184 1031 1184 988 1184 957 1171 955 1171 953 1171 951 1171 913 1186 909 1188 798 1188 796 1188 780 1175 778 1175 776 1175 774 1175 772 1175 734 1189 732 1189 729 1189 692 1175 690 1175 689 1175 687 1175 685 1175 669 1188 647 1178 645 1178 643 1178 641 1178 639 1178 639 1180 627 1191 625 1193 541 1193 532 1193 446 1178 444 1178 381 1193 309 1186 308 1186 306 1186 262 1197 264 1251"/></Shape>
	    <String CONTENT="ren. Do ward geantwurt. Das durch dẽ er⸗"
                    HPOS="262"
                    VPOS="1158"
                    WIDTH="1440"
                    HEIGHT="115"
                    WC="0.9897665279667552"></String>
          </TextLine>
          <TextLine ID="eSc_line_8d895071"
                    TAGREFS="LT117"
                    BASELINE="267 1339 1708 1312" 
                    HPOS="266"
                    VPOS="1240"
                    WIDTH="1442"
                    HEIGHT="132">
            <Shape><Polygon POINTS="267 1339 269 1372 302 1359 497 1366 532 1366 534 1366 535 1366 541 1364 566 1352 683 1352 700 1361 701 1361 703 1361 705 1361 714 1359 752 1352 762 1359 763 1361 765 1361 767 1361 769 1361 771 1361 772 1361 774 1359 787 1348 853 1348 867 1355 871 1359 873 1359 875 1359 876 1361 937 1361 937 1359 938 1359 951 1353 964 1348 993 1352 1028 1357 1030 1357 1031 1357 1033 1357 1042 1350 1053 1344 1137 1342 1248 1342 1256 1344 1268 1352 1270 1352 1272 1352 1611 1346 1706 1332 1708 1312 1704 1250 1624 1240 1622 1240 1620 1240 1618 1240 1604 1250 1600 1253 1597 1250 1586 1242 1584 1242 1582 1242 1516 1242 1514 1242 1513 1242 1491 1251 1469 1264 1389 1264 1370 1255 1358 1246 1356 1246 1354 1246 1352 1246 1350 1246 1329 1255 1299 1268 1254 1268 1234 1257 1219 1250 1217 1250 1216 1250 1181 1257 1126 1270 1081 1259 1046 1251 1044 1251 1042 1251 1040 1251 1031 1260 1017 1271 946 1260 898 1255 896 1255 895 1255 875 1262 838 1275 747 1266 745 1266 743 1266 741 1266 731 1273 709 1266 692 1259 690 1259 689 1259 687 1259 669 1266 641 1277 603 1266 577 1260 576 1260 574 1260 572 1260 556 1268 537 1277 452 1282 364 1271 324 1266 322 1266 266 1271 267 1339"/></Shape>
	    <String CONTENT="ſten engel wirt verſtanden die erſt peinigü⸗"
                    HPOS="266"
                    VPOS="1240"
                    WIDTH="1442"
                    HEIGHT="132"
                    WC="0.9934489767659794"></String>
          </TextLine>
          <TextLine ID="eSc_line_0ca67ce7"
                    TAGREFS="LT117"
                    BASELINE="311 1415 1708 1404" 
                    HPOS="311"
                    VPOS="1337"
                    WIDTH="1397"
                    HEIGHT="106">
            <Shape><Polygon POINTS="311 1443 368 1430 435 1441 450 1443 452 1443 453 1443 457 1441 481 1428 545 1428 661 1428 678 1437 683 1441 685 1441 687 1441 689 1441 718 1435 743 1432 754 1435 771 1441 772 1441 774 1441 776 1441 791 1435 809 1426 858 1434 900 1439 902 1439 1019 1430 1102 1424 1126 1428 1172 1437 1174 1437 1290 1426 1308 1424 1334 1424 1571 1434 1573 1434 1575 1434 1576 1434 1591 1421 1646 1434 1648 1434 1649 1434 1708 1417 1708 1404 1704 1337 1498 1337 1496 1337 1494 1337 1493 1337 1493 1339 1471 1357 1449 1344 1447 1344 1445 1344 1389 1357 1341 1341 1336 1339 1334 1339 1332 1339 1321 1341 1237 1361 1033 1361 1004 1344 1000 1342 999 1342 997 1342 995 1342 988 1344 955 1353 931 1344 924 1342 922 1342 920 1342 918 1342 917 1342 915 1344 900 1357 876 1346 873 1344 871 1344 869 1344 867 1344 864 1346 834 1355 805 1346 793 1342 791 1342 789 1342 787 1342 785 1342 782 1346 758 1363 701 1350 700 1350 698 1350 649 1363 618 1348 608 1344 607 1344 605 1344 550 1348 548 1348 546 1348 546 1350 526 1364 412 1364 368 1352 357 1348 355 1348 353 1348 351 1348 344 1352 328 1361 311 1352 311 1415 311 1443"/></Shape>
	    <String CONTENT="je der criſtenheÿt die da von juden geſchehẽ"
                    HPOS="311"
                    VPOS="1337"
                    WIDTH="1397"
                    HEIGHT="106"
                    WC="0.9982853635497715"></String>
          </TextLine>
          <TextLine ID="eSc_line_8d66af60"
                    TAGREFS="LT117"
                    BASELINE="267 1505 1000 1483 1704 1477" 
                    HPOS="266"
                    VPOS="1406"
                    WIDTH="1438"
                    HEIGHT="115">
            <Shape><Polygon POINTS="267 1505 267 1519 711 1521 712 1521 714 1521 738 1510 741 1508 772 1510 927 1517 929 1517 1013 1505 1024 1503 1031 1503 1075 1514 1077 1514 1079 1514 1113 1501 1119 1501 1128 1501 1206 1512 1208 1512 1210 1512 1259 1499 1261 1499 1265 1499 1401 1508 1403 1508 1405 1508 1429 1496 1431 1496 1505 1505 1507 1505 1704 1488 1704 1477 1699 1406 1586 1426 1412 1426 1387 1415 1385 1415 1383 1415 1381 1415 1380 1415 1363 1428 1277 1430 1203 1419 1188 1417 1186 1417 1185 1417 1177 1419 1155 1428 1139 1421 1135 1419 1133 1419 1132 1419 1130 1419 1126 1421 1101 1434 1064 1423 1053 1419 1051 1419 1050 1419 1048 1419 1035 1423 1009 1432 960 1424 927 1421 926 1421 898 1426 851 1437 787 1430 738 1424 736 1424 674 1434 601 1443 488 1437 359 1432 357 1432 266 1443 267 1505"/></Shape>
	    <String CONTENT="iſt jm anfang der criſtenheit. Durch den and"
                    HPOS="266"
                    VPOS="1406"
                    WIDTH="1438"
                    HEIGHT="115"
                    WC="0.9995594688437202"></String>
          </TextLine>
          <TextLine ID="eSc_line_82440c85"
                    TAGREFS="LT117"
                    BASELINE="264 1588 918 1570 1715 1567" 
                    HPOS="262"
                    VPOS="1490"
                    WIDTH="1453"
                    HEIGHT="120">
            <Shape><Polygon POINTS="264 1588 264 1605 652 1610 654 1610 656 1610 681 1598 683 1598 696 1609 698 1609 700 1609 701 1610 747 1610 747 1609 749 1609 785 1596 796 1594 864 1596 1130 1603 1132 1603 1133 1603 1135 1603 1154 1592 1252 1601 1254 1601 1256 1601 1279 1588 1283 1588 1396 1594 1398 1594 1436 1585 1442 1585 1474 1585 1542 1585 1562 1598 1564 1598 1566 1598 1567 1598 1569 1598 1620 1581 1715 1579 1715 1567 1710 1508 1651 1508 1646 1508 1576 1490 1575 1490 1573 1490 1571 1490 1569 1490 1545 1508 1542 1512 1396 1512 1396 1510 1363 1494 1361 1494 1360 1494 1358 1494 1319 1510 1316 1512 1307 1510 1230 1499 1228 1499 1226 1499 1179 1512 1166 1516 1161 1512 1139 1497 1137 1497 1135 1497 1133 1497 1062 1506 1042 1497 1040 1497 1039 1497 938 1499 937 1499 876 1514 778 1501 776 1501 720 1503 718 1503 716 1503 698 1516 665 1503 663 1503 661 1503 659 1503 658 1503 636 1517 625 1523 594 1517 528 1505 526 1505 525 1505 477 1517 453 1525 262 1521 264 1588"/></Shape>
	    <String CONTENT="en engel vnd ſein außgieſſung wirt verſtan"
                    HPOS="262"
                    VPOS="1490"
                    WIDTH="1453"
                    HEIGHT="120"
                    WC="0.9944292831988562"></String>
          </TextLine>
          <TextLine ID="eSc_line_10b197a9"
                    TAGREFS="LT117"
                    BASELINE="269 1674 997 1658 1722 1652" 
                    HPOS="267"
                    VPOS="1579"
                    WIDTH="1455"
                    HEIGHT="115">
            <Shape><Polygon POINTS="269 1674 269 1692 535 1685 566 1691 594 1694 596 1694 632 1689 674 1683 714 1689 751 1692 752 1692 754 1692 756 1692 762 1687 771 1681 882 1687 946 1689 948 1689 949 1689 964 1685 997 1678 1051 1685 1077 1687 1079 1687 1081 1687 1082 1687 1086 1683 1095 1678 1192 1683 1214 1683 1216 1683 1217 1683 1221 1683 1246 1674 1307 1681 1325 1683 1327 1683 1329 1683 1334 1681 1358 1672 1451 1680 1476 1681 1478 1681 1504 1680 1602 1669 1720 1676 1722 1652 1717 1594 1547 1594 1505 1579 1504 1579 1502 1579 1500 1579 1498 1579 1482 1590 1438 1581 1436 1581 1434 1581 1400 1596 1398 1596 1394 1596 1292 1583 1290 1583 1288 1583 1232 1598 1221 1601 1148 1601 1144 1598 1117 1587 1115 1587 1113 1587 1112 1587 1090 1598 1070 1588 1068 1588 1066 1588 1064 1588 1062 1588 1050 1599 1048 1601 966 1603 946 1599 880 1588 878 1588 772 1590 771 1590 769 1590 751 1601 740 1609 678 1609 665 1603 643 1594 641 1594 639 1594 638 1594 607 1603 587 1610 464 1610 452 1605 432 1596 430 1596 428 1596 426 1596 401 1605 379 1614 331 1614 315 1605 297 1598 295 1598 293 1598 291 1598 267 1605 269 1674"/></Shape>
	    <String CONTENT="den die ander peinigung der criſtenheit von"
                    HPOS="267"
                    VPOS="1579"
                    WIDTH="1455"
                    HEIGHT="115"
                    WC="0.9833798547123753"></String>
          </TextLine>
          <TextLine ID="eSc_line_3b1159d2"
                    TAGREFS="LT117"
                    BASELINE="271 1763 1133 1745 1720 1745" 
                    HPOS="269"
                    VPOS="1667"
                    WIDTH="1451"
                    HEIGHT="120">
            <Shape><Polygon POINTS="271 1763 271 1782 504 1787 506 1787 508 1787 530 1778 543 1773 576 1776 636 1785 638 1785 639 1785 663 1774 674 1771 700 1774 749 1782 751 1782 752 1782 776 1773 789 1767 955 1767 960 1769 969 1776 971 1776 973 1776 975 1776 1015 1769 1033 1765 1121 1765 1124 1767 1148 1778 1150 1778 1152 1778 1272 1763 1292 1762 1307 1763 1389 1774 1391 1774 1469 1765 1653 1771 1655 1771 1719 1754 1720 1745 1719 1667 1662 1667 1660 1667 1659 1667 1657 1667 1638 1683 1467 1683 1411 1670 1407 1670 1405 1670 1400 1670 1334 1681 1230 1674 1228 1674 1148 1689 1028 1680 1026 1680 1024 1680 1022 1680 1006 1692 960 1692 933 1678 931 1678 929 1678 924 1678 844 1692 782 1680 776 1680 774 1680 772 1680 769 1680 723 1694 541 1683 521 1683 519 1683 499 1685 333 1700 315 1687 313 1687 311 1687 309 1687 269 1687 271 1763"/></Shape>
	    <String CONTENT="den heÿden vnd andern vngelaubigen getaͤ"
                    HPOS="269"
                    VPOS="1667"
                    WIDTH="1451"
                    HEIGHT="120"
                    WC="0.9996328920852847"></String>
          </TextLine>
          <TextLine ID="eSc_line_51755180"
                    TAGREFS="LT117"
                    BASELINE="277 1851 1722 1833" 
                    HPOS="275"
                    VPOS="1758"
                    WIDTH="1447"
                    HEIGHT="120">
            <Shape><Polygon POINTS="277 1851 277 1865 366 1878 368 1878 649 1864 707 1875 709 1875 711 1875 760 1862 997 1871 999 1871 1128 1869 1130 1869 1170 1856 1172 1856 1175 1856 1267 1867 1268 1867 1334 1855 1338 1855 1391 1855 1509 1855 1540 1864 1542 1864 1544 1864 1545 1864 1575 1851 1578 1851 1584 1851 1646 1862 1648 1862 1720 1849 1722 1833 1719 1773 1606 1763 1604 1763 1547 1773 1538 1773 1518 1758 1516 1758 1514 1758 1465 1758 1463 1758 1462 1758 1423 1773 1414 1774 1396 1773 1314 1760 1312 1760 1232 1773 1216 1774 1201 1773 1143 1762 1141 1762 1035 1773 1011 1774 997 1773 953 1765 951 1765 949 1765 933 1773 915 1782 849 1783 782 1783 765 1773 758 1767 756 1767 754 1767 752 1767 751 1767 727 1773 703 1778 628 1773 565 1769 563 1769 535 1773 495 1780 479 1773 472 1771 470 1771 468 1771 466 1771 459 1773 417 1787 275 1774 277 1851"/></Shape>
	    <String CONTENT="Durch die driten außgieſſung des driten en"
                    HPOS="275"
                    VPOS="1758"
                    WIDTH="1447"
                    HEIGHT="120"
                    WC="0.9830672868660518"></String>
          </TextLine>
          <TextLine ID="eSc_line_9688a5ce"
                    TAGREFS="LT117"
                    BASELINE="275 1938 1717 1922" 
                    HPOS="273"
                    VPOS="1845"
                    WIDTH="1444"
                    HEIGHT="121">
            <Shape><Polygon POINTS="275 1938 275 1966 384 1953 483 1960 484 1960 689 1949 738 1958 752 1960 754 1960 771 1958 829 1947 991 1955 1071 1957 1073 1957 1099 1951 1143 1944 1263 1949 1358 1953 1360 1953 1396 1947 1423 1942 1434 1946 1447 1951 1449 1951 1451 1951 1715 1940 1717 1922 1711 1845 1551 1869 1505 1869 1471 1849 1469 1849 1467 1849 1394 1849 1392 1849 1376 1853 1301 1871 1256 1871 1228 1855 1223 1853 1221 1853 1219 1853 1203 1856 1177 1862 1155 1856 1137 1853 1135 1853 1133 1853 1132 1853 1130 1853 1124 1858 1115 1865 1093 1858 1075 1853 1073 1853 1071 1853 1070 1853 1068 1853 1059 1858 1053 1862 1046 1860 1031 1855 1030 1855 1028 1855 1026 1855 1024 1855 1017 1860 995 1875 938 1875 917 1862 904 1856 902 1856 900 1856 898 1856 896 1856 889 1862 871 1876 818 1876 803 1865 793 1856 791 1856 789 1856 756 1856 754 1856 752 1856 731 1865 709 1878 607 1878 588 1869 577 1865 576 1865 574 1865 572 1865 563 1869 554 1875 545 1871 535 1865 534 1865 532 1865 488 1871 432 1880 419 1873 401 1862 399 1862 397 1862 395 1862 350 1871 300 1862 298 1862 297 1862 273 1873 275 1938"/></Shape>
	    <String CONTENT="gels wirt verſtanden die drit peinigung ď"
                    HPOS="273"
                    VPOS="1845"
                    WIDTH="1444"
                    HEIGHT="121"
                    WC="0.9988253173373994"></String>
          </TextLine>
          <TextLine ID="eSc_line_ed6a45c0"
                    TAGREFS="LT117"
                    BASELINE="273 2015 791 2002 1726 1998" 
                    HPOS="271"
                    VPOS="1931"
                    WIDTH="1455"
                    HEIGHT="102">
            <Shape><Polygon POINTS="273 2015 273 2033 541 2026 605 2033 618 2033 619 2033 628 2033 690 2022 762 2031 771 2031 772 2031 785 2031 867 2022 917 2029 922 2029 924 2029 926 2029 927 2029 944 2020 1037 2028 1061 2029 1062 2029 1084 2028 1166 2019 1724 2020 1726 1998 1720 1940 1560 1944 1555 1942 1533 1931 1531 1931 1529 1931 1527 1931 1505 1942 1496 1946 1431 1942 1318 1937 1316 1937 1314 1937 1312 1937 1303 1944 1301 1946 1292 1944 1245 1935 1243 1935 1241 1935 1239 1935 1223 1946 1221 1946 1219 1946 1203 1938 1201 1938 1199 1938 1106 1946 1064 1949 1059 1947 1039 1937 1037 1937 962 1937 960 1937 958 1937 957 1937 942 1947 940 1949 937 1947 906 1937 904 1937 902 1937 834 1949 831 1949 829 1949 789 1938 787 1938 785 1938 783 1938 749 1949 711 1938 709 1938 707 1938 705 1938 683 1949 634 1940 632 1940 545 1953 537 1953 534 1953 497 1940 495 1940 494 1940 271 1955 273 2015"/></Shape>
	    <String CONTENT="criſtenheit durch die kaͤczer die da auch vaſt"
                    HPOS="271"
                    VPOS="1931"
                    WIDTH="1455"
                    HEIGHT="102"
                    WC="0.9771107862824979"></String>
          </TextLine>
          <TextLine ID="eSc_line_cabf97ba"
                    TAGREFS="LT117"
                    BASELINE="277 2097 1112 2080 1728 2080" 
                    HPOS="275"
                    VPOS="2008"
                    WIDTH="1453"
                    HEIGHT="111">
            <Shape><Polygon POINTS="277 2097 277 2117 559 2119 561 2119 563 2119 587 2113 607 2108 627 2111 650 2117 652 2117 681 2111 707 2106 763 2110 847 2115 849 2115 944 2106 995 2102 1035 2104 1121 2111 1123 2111 1172 2102 1188 2101 1237 2102 1420 2108 1422 2108 1542 2097 1566 2095 1586 2095 1706 2104 1708 2104 1710 2104 1728 2093 1728 2080 1724 2011 1487 2022 1454 2015 1422 2008 1420 2008 1418 2008 1401 2015 1383 2026 1299 2026 1288 2017 1281 2011 1279 2011 1277 2011 1234 2011 1232 2011 1230 2011 1228 2011 1219 2019 1208 2026 1197 2019 1181 2011 1179 2011 1177 2011 1112 2020 1095 2022 1082 2020 1026 2013 1024 2013 1022 2013 1002 2022 988 2029 927 2024 856 2017 855 2017 853 2017 851 2017 838 2026 827 2033 760 2033 745 2026 716 2017 714 2017 712 2017 572 2019 570 2019 568 2019 554 2029 546 2037 472 2037 459 2031 422 2020 421 2020 419 2020 417 2020 395 2033 393 2033 391 2033 364 2022 362 2022 360 2022 359 2022 357 2022 342 2033 337 2037 329 2033 304 2024 302 2024 300 2024 298 2024 275 2033 277 2097"/></Shape>
	    <String CONTENT="haͤrb vnd bitter geweſen iſt. Durch die vier"
                    HPOS="275"
                    VPOS="2008"
                    WIDTH="1453"
                    HEIGHT="111"
                    WC="0.998417311094024"></String>
          </TextLine>
          <TextLine ID="eSc_line_c90e0150"
                    TAGREFS="LT117"
                    BASELINE="280 2184 1321 2164 1726 2168" 
                    HPOS="278"
                    VPOS="2090"
                    WIDTH="1448"
                    HEIGHT="124">
            <Shape><Polygon POINTS="280 2184 280 2203 353 2214 355 2214 475 2201 477 2201 495 2212 497 2212 499 2212 501 2212 762 2199 834 2206 836 2206 838 2206 862 2193 867 2192 1008 2192 1009 2192 1024 2201 1026 2201 1028 2201 1030 2201 1031 2201 1064 2190 1075 2186 1230 2184 1254 2188 1332 2199 1334 2199 1336 2199 1361 2186 1369 2181 1453 2181 1516 2181 1525 2183 1564 2195 1566 2195 1567 2195 1569 2195 1606 2183 1675 2193 1677 2193 1679 2193 1726 2179 1726 2168 1724 2102 1673 2090 1671 2090 1669 2090 1668 2090 1649 2102 1648 2102 1638 2102 1500 2091 1498 2091 1496 2091 1458 2104 1447 2106 1423 2104 1343 2093 1341 2093 1339 2093 1310 2104 1305 2108 1164 2110 1150 2106 1124 2097 1123 2097 1121 2097 1119 2097 1101 2106 1086 2111 1066 2106 1042 2099 1040 2099 1039 2099 1037 2099 1035 2099 1026 2106 1017 2113 955 2113 909 2106 867 2101 865 2101 864 2101 862 2101 853 2108 844 2113 794 2108 763 2104 762 2104 760 2104 751 2108 729 2117 712 2108 705 2104 703 2104 701 2104 512 2106 510 2106 508 2106 504 2110 486 2122 395 2122 278 2111 280 2184"/></Shape>
	    <String CONTENT="den außgieſſung des vierden engel wirt nit"
                    HPOS="278"
                    VPOS="2090"
                    WIDTH="1448"
                    HEIGHT="124"
                    WC="0.9910317247822171"></String>
          </TextLine>
          <TextLine ID="eSc_line_7dd4b575"
                    TAGREFS="LT117"
                    BASELINE="291 2268 827 2266 1321 2254 1724 2257" 
                    HPOS="289"
                    VPOS="2186"
                    WIDTH="1435"
                    HEIGHT="111">
            <Shape><Polygon POINTS="291 2268 291 2281 497 2297 499 2297 718 2296 769 2285 865 2294 867 2294 938 2279 953 2277 969 2279 1031 2288 1033 2288 1143 2279 1201 2274 1212 2279 1232 2286 1234 2286 1236 2286 1237 2286 1252 2277 1263 2272 1414 2272 1434 2277 1458 2285 1460 2285 1462 2285 1463 2285 1465 2285 1474 2277 1483 2272 1540 2272 1556 2277 1589 2288 1591 2288 1593 2288 1629 2286 1631 2286 1633 2286 1646 2277 1653 2270 1666 2277 1680 2283 1682 2283 1684 2283 1722 2275 1724 2257 1722 2195 1624 2186 1622 2186 1620 2186 1597 2195 1578 2203 1560 2195 1545 2190 1544 2190 1378 2188 1376 2188 1374 2188 1347 2197 1318 2206 1239 2199 1161 2190 1159 2190 1110 2199 1062 2208 1035 2199 1009 2192 1008 2192 1006 2192 1004 2192 1002 2192 989 2201 973 2210 915 2210 900 2201 891 2193 889 2193 887 2193 855 2193 853 2193 851 2193 836 2201 820 2210 716 2212 700 2203 694 2197 692 2197 690 2197 689 2197 687 2197 667 2203 659 2204 658 2203 649 2195 647 2195 645 2195 643 2195 641 2195 618 2203 590 2214 506 2214 289 2206 291 2268"/></Shape>
	    <String CONTENT="vnzÿmmlich verſtanden die vierd gemeÿn"
                    HPOS="289"
                    VPOS="2186"
                    WIDTH="1435"
                    HEIGHT="111"
                    WC="0.992689335346222"></String>
          </TextLine>
          <TextLine ID="eSc_line_e3992167"
                    TAGREFS="LT117"
                    BASELINE="286 2357 1339 2339 1726 2343" 
                    HPOS="284"
                    VPOS="2274"
                    WIDTH="1442"
                    HEIGHT="111">
            <Shape><Polygon POINTS="286 2357 286 2381 371 2372 421 2381 443 2385 444 2385 554 2383 556 2383 557 2383 561 2379 568 2374 603 2378 654 2383 656 2383 703 2376 762 2367 825 2374 886 2379 887 2379 889 2379 909 2372 931 2363 962 2370 993 2378 995 2378 997 2378 1026 2370 1031 2368 1046 2368 1123 2376 1124 2376 1126 2376 1128 2376 1139 2367 1146 2361 1161 2367 1172 2370 1174 2370 1175 2370 1177 2370 1188 2367 1208 2359 1232 2365 1265 2374 1267 2374 1268 2374 1270 2374 1272 2374 1283 2365 1292 2359 1329 2363 1370 2368 1372 2368 1411 2361 1449 2356 1531 2359 1697 2368 1699 2368 1700 2368 1726 2356 1726 2343 1722 2275 1432 2286 1405 2277 1392 2274 1391 2274 1389 2274 1261 2275 1259 2275 1246 2279 1208 2292 1053 2296 1026 2296 1008 2281 1006 2279 1004 2279 1002 2279 1000 2279 999 2279 989 2281 948 2292 865 2283 849 2281 847 2281 845 2281 840 2283 791 2297 749 2283 747 2283 745 2283 743 2283 741 2283 740 2283 721 2292 674 2285 672 2285 670 2285 669 2285 667 2285 667 2286 650 2301 537 2301 470 2286 468 2286 466 2286 399 2303 284 2288 286 2357"/></Shape>
	    <String CONTENT="pꝛinigung der criſtenheÿt angethan von de"
                    HPOS="284"
                    VPOS="2274"
                    WIDTH="1442"
                    HEIGHT="111"
                    WC="0.9937432890846616"></String>
          </TextLine>
          <TextLine ID="eSc_line_66a9a2bd"
                    TAGREFS="LT117"
                    BASELINE="293 2445 1358 2427 1728 2430" 
                    HPOS="291"
                    VPOS="2354"
                    WIDTH="1437"
                    HEIGHT="133">
            <Shape><Polygon POINTS="293 2445 293 2485 342 2487 344 2487 346 2487 350 2485 375 2474 408 2485 412 2485 413 2485 415 2487 517 2487 517 2485 519 2485 525 2483 572 2461 650 2465 681 2481 683 2481 685 2481 687 2483 803 2483 803 2481 805 2481 811 2480 851 2456 933 2456 999 2476 1004 2478 1006 2478 1008 2478 1009 2478 1019 2476 1075 2460 1201 2452 1254 2465 1256 2465 1257 2465 1259 2465 1319 2450 1436 2463 1438 2463 1440 2463 1471 2449 1527 2449 1560 2469 1562 2470 1564 2470 1566 2470 1567 2470 1728 2465 1728 2430 1726 2354 1597 2354 1595 2354 1593 2354 1582 2356 1525 2370 1480 2359 1456 2354 1454 2354 1314 2356 1312 2356 1290 2363 1263 2374 1206 2365 1195 2365 1194 2365 1192 2365 1186 2367 1155 2378 1068 2378 1051 2370 1030 2361 1028 2361 1026 2361 1024 2361 1002 2370 1000 2372 997 2370 978 2361 977 2361 975 2361 973 2361 942 2372 922 2379 913 2372 909 2370 907 2370 906 2370 904 2370 867 2374 818 2379 809 2376 785 2365 783 2365 714 2365 712 2365 711 2365 683 2379 672 2385 539 2387 450 2387 448 2385 428 2368 426 2368 424 2368 422 2368 357 2383 331 2370 329 2370 328 2370 326 2370 291 2385 293 2445"/></Shape>
	    <String CONTENT="gothen wandelen vnd hunen als kuntliche"
                    HPOS="291"
                    VPOS="2354"
                    WIDTH="1437"
                    HEIGHT="133"
                    WC="0.9881871877572476"></String>
          </TextLine>
        </TextBlock>
      </PrintSpace>
    </Page>
  </Layout>
</alto>
