2417 3280
723 373 1433 117 diſen vierczig tagen oď nit. Darumb mü gẽ

716 464 1431 115 wir nit beſchlieſſen das des endecriſts zuͦküf

714 550 1447 118 te als vngewiß ſeÿ als die czuͦkunfft Criſti

719 646 806 110 zuͦ dem jungſten gericht.

987 725 877 113 Was des thiers ſtuͦl ſeÿ.

725 809 1442 120 Darnach ward gefragt was beÿ des tie⸗

712 905 1457 108 res ſtuͤl zuͦ verſteen waͤr. Do ward geant w

714 991 1458 105 urtet das darumb das durch das thier dz da

721 1078 1455 100 zehen hoͤꝛner het vnd ſiben haͤubter verſtan

719 1158 1457 97 den würd dz roͤmiſch reÿch das ſo jn vil teil

729 1239 1443 105 geteilt waͤr die vngewiſen zal durch die ge

721 1322 1455 108 wiſen zenaͤ men darumb durch den ſtuͦ ll des

719 1414 1459 103 tiers wirt verſtanden der ſtuͦl des roͤmiſchen

721 1501 1449 104 reÿchs. Wenn es iſt kunt das der ſtuͤl de s roͤ

719 1592 1453 100 miſchen reÿchs von Zom gen Conſtantino

725 1672 1447 104 pel gezogen ward vnd darumb mag auch

729 1751 1445 104 nit vngepürlich durch den ſtuͦͤl des thiers d

738 1829 1438 111 ſtuͦl zuͦ Conſtantinopel verſtanden werden

734 1913 1440 118 Vnd darumb ſo es ÿecz kuntlich iſt von dẽ

730 2006 1446 111 angefochten vnd gehindert iſt So ſehẽ wir

730 2088 1440 118 den zoꝛen gotes außgoſſen auff den ſtuͤle des

734 2179 1436 109 thiers von dem fünfften engel jn der zeit der

740 2257 1421 126 fünften peÿnigung vnnd truͤbſalin der heÿ

736 2350 589 120 ligen Cnſtenheÿt.
