2432 3280
563 298 1178 148 Was die tunckelheÿt des rej chs ſcy

452 404 1349 135 Zuͦ dem driten ward gefraget was man

375 481 1429 151 durch die tunckelheit des reichs verſtuͤnde

503 566 1296 153 geantwurt das geleÿch als man durch

381 646 1432 166 den ſtuͦl des thiers den ſtuͦͤl des roͤmiſchen rei

382 728 1430 170 ches das iſt conſtantinopolitana alſo auch

388 827 1427 149 dur ch das reÿch des ſelben ſtuͦͤls wirt vonn

388 898 1429 158 not wegen das reich der kriechen verſtandẽ

399 985 1425 153 Wenn es ſpricht Johannes das der ſtuͦl czuͦ

395 1076 1431 157 Conſtantinopel von den vngelaubi gẽ tür⸗

397 1158 1435 164 cken werd geaͤnget vnd gepeiniget. Alſo v̈

397 1253 1437 162 ſteet man auch das der kriechẽ reich tunckel

406 1346 1435 144 werd mit den vinſternuß der vnwiſſenheÿt

415 1417 1429 161 vnd des vngelaubens. Es iſt auch kuntlich

415 1501 1435 157 das diſes reÿch voꝛ langen zeÿten mit mani

422 1592 1426 164 gerleÿ jrꝛungen geplendet iſt das es nit vn

422 1670 1428 179 pillichen von jrer ſünd wegen mit den hind.

430 1763 1429 175 ſten plintheÿten vnd jrꝛungen ſeind tunck⸗

1044 1860 726 129 Was bedeüt das die

439 1911 386 87 el woꝛden.

514 1942 1341 135 menſchen einand jr zungen geeſſen habẽ.

523 2031 1356 141 Zuͦ dem fünfſten ward gefraget wz man

450 2101 1416 167 verſtuͤnd beÿ dem eſſen der menſchen zunge

535 2192 1320 149 t ein ant wurt. Das der zwoͤlffpot Joha

448 2274 1420 180 nes beÿ den voꝛgemelten woꝛten gibett czuͦ
