2417 3280
625 342 1460 126 buͤchern vindet. Es wiet künfftige daz noch

623 433 1465 133 ein mal anßgeen werdent die ſün Dſmahel

621 521 1456 129 Vnd wer den beſiczen das land der erdẽ dur

623 606 1451 122 ch acht wochen jar. Vnd jr weg wirt wer⸗

616 692 1451 129 den geheÿſſen ein weg der aͤngſtigung. Sÿ

612 779 1464 126 werden die prieſter jn den heÿligen ſtetẽ toͤt

612 865 1460 120 ten vnd werdent daſelben mit den frawen

606 947 1461 135 der vnkeüſch pflegen. Sÿ werdendt jr vyhe

605 1036 1471 128 an die groͤber der heÿligen pinden vnd das

605 1118 1462 126 wirt geſchehen vonn der criſten boßheit we

608 1199 1457 129 gen die zuͦ den ſelben zeÿten werden. Voͤ den

610 1275 1453 137 geſpꝛochen wirt von ſant paulus In dẽ let

605 1370 1447 131 ſten zeÿten oď tagen werdentt die menſchen

601 1450 1451 148 einanď liebhaben hoffertig fürnaͤmiſch. Dÿ

605 1536 1447 142 ſe offenbarung wirt jn ſunderheit darumbe

601 1623 1445 140 geſeczt wann diſer lerer hat etliche ding vo

603 1703 1440 133 jm ſelbs geſeczt vnd etlich auß den woꝛten

606 1776 1437 150 Met hodij. Die außlegung d wochen wirtt

594 1856 1438 157 hernach geſagt ſo man wirt ſagen von der

597 1944 1429 160 groͤß jr werung das iſt jm iij teil oď gelÿde

588 2037 1442 146 des erſten teils. Nun iſt gnuͦg erkant ď erſte

590 2121 1438 149 teil od das erſt gelid dz iſt das die gegẽ wer

586 2201 1433 162 tig truͤbſal der criſtenheÿt ſeÿ voꝛ gemerckt

585 2296 1257 164 auß bewaͤrten geſchriften der heÿ igen
