2402 3280
338 466 1422 120 umb iſt die gegenwertig beſehung vñ mai

329 557 1429 115 nung zuͦ voͤderſt ligen da an zweÿen dingen

337 635 1421 119 Das iſt zuͦ dem erſten zuͦ erklaͤrẽ ob diſe pei

328 728 1417 110 nigung vnnd truͤbſaͤlin die ſchwaͤreſt ſeÿ.

328 812 1427 113 gegen den die voꝛ vergangen ſeind. Zuͦm

324 894 1420 115 andern das ſÿ auch die ſchwaͤrſten ſünd aÿ

331 971 1411 133 ſchend dÿe man benennen muͦß auß der heÿ

326 1056 822 126 ligen goͤtlichen geſchrift.

435 1151 1199 117 Ein bewaͤrung das diſe truͤbſalin

417 1242 1132 121 vnd peinigung die ſchwaͤreſt ſeÿ.

377 1324 1365 117 Zuͦ dem erſten das die gegenwertig truͤb

315 1401 1427 118 ſalin vnd peinigung des hoͤchßtẽ grad des

311 1488 1423 117 ſchmerczen halb wirt erkannt auß vil dÿn⸗

322 1570 1418 124 gen. Zuͦ dem erſten auß der manigfeltikeÿt

304 1652 1438 131 der die dÿe criſtenheit peinigen wann ſÿ an

313 1743 1425 128 gefochten wirt von den heÿmiſchen jm glau

304 1838 1427 120 ben vnnd von den die auſſer des gelaubens

300 1916 1440 119 ſeind. Do ward geſuͦcht vnd auch er funden

297 1995 1432 120 wÿewol das waͤre das dÿe peÿnigungen

298 2077 1424 120 der dÿe auſſerhalb des gelaubens ſeind voꝛ

297 2170 1423 118 zeÿten vaſt vnnd greülich en überhand het

297 2254 1421 120 tend genommen. Doch lißt man niendert dz

302 2337 1407 121 dÿe krieg vnnd jꝛrikeÿt der heÿmiſchen oď

293 2419 1410 139 der dÿe jm gelauben ſeind alſo gemeinklich
