2402 3280
227 380 1429 126 nigung ſeÿ über vnd gefuͤrt vnd gepꝛacht⸗

229 457 1433 126 Zuͦ dem andern wirt diſer an der teÿl erkẽnt

231 543 1434 136 auß der mÿnndꝛung vnd ſchwaͤchung Cri⸗

240 623 1423 140 ſtenlichen gelaubens vnd ſeiner verdienüg

242 712 1418 142 Wenn nach der mainung Auguſtini jm puͦ⸗

236 803 1431 128 che Encheridion das jm hand tpuͦch iſtt Es

235 880 1430 125 erkannt das got ſo barmherczig iſt daz er jn

235 965 1423 130 kein weÿß nichß übels ließ geſchehen jn ſeÿ

236 1060 1433 124 nen werckemer machte dann etwaͤs guͦttes

238 1140 1429 137 auß dem ſelben übel. Vnd nach aller mainü⸗

249 1233 1425 128 ge der goͤtlichen ler von des guͦten willen al

247 1319 1433 115 ler ding ſo wirt von not wegen das übel jn

242 1394 1438 127 diſer welt verhengt. Dan es waͤr die gedul

246 1474 1437 124 tikeÿt der martrer nit geweſen wann ď wuͤͦ

253 1563 1430 126 trich durchaͤchtung nit waͤr geweſen noch

253 1650 1429 123 das leben des leon wann der tod des thiers

255 1732 1434 121 nit waͤr. Vnd darumb als das übel allerdin

266 1824 1425 122 ge zuͦm letſten geoꝛdnet wirt zuͦ ſeinez guͦtẽ

273 1911 1412 111 Alſo auch diſe peinigung vñ truͤbſalin. Sp

264 1982 1427 124 recheſtu aber was iſt das ende diſes ellends

269 2064 1429 126 vnd truͤbſalin. Nit die merung des gelaubẽ

269 2153 1427 119 nit die merung des verdienen des gelaubem.

273 2244 1420 117 die da altag geſchehen ſeind jn den vergan⸗

280 2332 1420 138 gen peinigung der criſtenheit Dann jn den
