2417 3280
776 400 1418 110 vergangen peinigung der criſtenheit dann

758 488 1427 100 jn den vier obberuͤrten durchaͤchtungen ſo

750 570 1442 107 ward der gelaub auch die verdienunge des

752 656 1444 98 gelaubens ſo vaſt gemert das dann dz woꝛ

752 741 1440 106 te ſant auguſtins war ward ſo er ſprichett

756 832 1436 102 jm buͦch von der criſtenlichen ler all veÿnde

749 911 1443 107 der criſtenheÿt ſeind nücz eintweders erblẽ

745 994 1447 117 det jn jrrſaͤlin oď verſtockt jn der boßheÿtte

749 1082 1438 107 wenn ob ſÿ den gewalt empfahent leiplich

745 1162 1449 109 en zuͦ peinigen ſo uͤben ſÿ die gedult. Iſt ab⸗

750 1240 1433 115 er ſach das ſÿ widerwaͤrtig ſeind mit jrꝛüg

745 1319 1440 120 oď vnrecht zuͦuerſtan ſo uͤben ſÿ die lerer ab

750 1410 1435 118 er jn dÿſer durchaͤchtung wirt der gelaube

741 1499 1451 110 nit ſo vaſt gemert als gemÿnndret ſunď all

750 1585 1437 118 vner ung vnd goczſchwerung vnnd ſeiner

741 1669 1440 114 heÿligen durch die verlaugung vnd abtrÿ

745 1751 1440 105 mikeÿt von dem gelauben wirt da erzaÿget

754 1824 1426 125 Darnach ward gefragt vonn dem ende dÿ

747 1909 1434 122 ſer durchaͤchtung ob man moͤcht merckẽ vñ

738 2002 1438 120 machen dardurch einen uucz des gelaubens

743 2084 1429 119 oď criſtenlichen lere. Do iſt geant wurt woꝛ

741 2166 1431 122 den das der baider. Aber nit zuͦ einem ſoͤllich

745 2257 1429 121 en vnd ſo groſſem nucze als jn den vergan⸗

743 2339 1424 142 gen durchaͤchtungen. Deſunder es dÿenete
