2402 3280
238 346 1425 131 mer zuͦ einer keſtigung des ctiſtenlichen ge⸗

244 420 1418 126 laubens od der ler. Vnd darumb iſt es wÿß

246 501 1419 144 ſend vnd kuntlich das diſe durchaͤchtunge

251 597 1152 133 die andern vergangen all übertrift.

459 666 1215 141 Die da ſoͤlten ſein beſchirmer des glau

348 776 827 115 bens ſeind ſein zerſtoͤꝛer.

333 834 1350 140 Zuͦm driten iſt diſer teÿl erkannt auß der

267 922 1415 144 groſſen boßheÿt der criſten die da vaſt erſch

260 1011 1425 140 eint ſo nach ſo vil ſchaͤden die die criſteheit

262 1096 1429 146 geliten hat das die die da ſoͤlten ſein beſchir

264 1182 1419 144 mer des gelaubens ſeind ſein zerſtoͤꝛer. Vnd

273 1275 1425 137 darumb ſehen wir alltag taͤglich das erfült

275 1359 1421 126 wirt das woꝛt Dernhardi der da jaͤmerlich

277 1439 1426 129 klagt jn der perſon der muͦtter der criſteheÿt

273 1523 1432 140 Sehent an jm frid iſt woꝛdẽ mein haͤrbeſte

286 1610 1417 142 pitrikeÿt wenn jn den vergangẽ durchaͤch

282 1698 1427 140 tungen die da nit warn jn der zeit des frids

287 1785 1420 144 als die gegenwertig durchaͤchtung iſt dar⸗

289 1876 1429 124 umb das von wegen der verziehüg oď pꝛai

293 1955 1423 125 tung vnd nucz des gelaubens die ſün ď Cri⸗

302 2035 1418 137 ſtenheÿt gepeiniget wurden dauon warde

302 2119 1414 140 die zal der martrer taͤglich gemert jn den ÿ⸗

307 2204 1417 141 gangen peinigug. Aber jn diſer durchaͤchtuͦ

317 2297 1401 155 ge nach der preÿtin vñ weÿtin des glaubes
