2417 3280
650 399 1448 111 meßhaltung geleÿch on zal getan vñ vol⸗

656 486 1431 108 pꝛacht wirt. Diſes ſeind die zwuͦ aller ſchw

652 572 1435 109 aͤreſt ſünd die da ſo gar vaſt jn der ganczẽ

650 659 1440 104 welt überhand haben genoͤmen. Vnnd ob

647 743 1440 109 die erklaͤrung der heÿligen geſchrift nit ſag

650 832 1438 102 te das von diſer ſünd wegen die criſtenheit

652 918 1436 104 gepeiniget vnd durchaͤchtet würde ſo ſihet

648 1005 1442 102 man d och das alltag voꝛ den augen alſo dz

659 1087 1429 99 ÿecz nit vnpillichen ſeÿ woꝛden hoͤꝛentt jr

658 1180 1429 86 fürſten der ſtat zodoma jch bin erfült mit d

652 1246 647 104 mengij eüer opffer.

767 1326 1321 119 Ein bewaͤrung der heiligen geſchrifſtt

750 1417 1337 111 das die criſtenheit von diſer zweÿer ſün⸗

749 1505 1232 111 de durchaͤchtet vnd gepeiniget wirt.

714 1587 1362 114 Darnach ward gefragt. Ob man auß dẽ

656 1667 1425 120 bewaͤrten heiligen geſchriften moͤcht fürpꝛi⸗

661 1754 1422 110 gen das ÿeczo die criſtenheÿt von diſer ſün

654 1838 1427 109 de wegen gepeiniget vnd durchaͤcht würd

663 1915 1409 127 Do ward geant wurt vnnd beſchloſſen. Ja

659 2006 1417 120 Vnd des erſten von der ſünd wegen wider

658 2095 1421 109 die natur. Wann der voꝛgemelt doctoꝛ Me⸗

658 2181 1416 111 thodius jn dem voꝛgemelten buͦch redt alſo

663 2265 1411 109 vnder andern obberuͤrten woꝛten von diſer

658 2343 1398 153 ſünd gegen diſer gegenwertigen peinigüg
