2417 3280
641 351 1438 100 jr ſün vnd toͤchter Wider diſe woꝛt ſeind da

645 439 1434 105 zwuͦ widerred geſchehen vnd etlich fragen

647 526 1427 108 geſchehen wider das iſt geſpꝛochen ſo er ſp⸗

632 610 1447 107 richet Der geleichen ſeind nit geſchehẽ noch

639 696 1433 111 jn allen geſchlaͤchten wann es was ein groͤ⸗

636 779 1447 112 ſere pein jn der vmbkerung vnd verſencküͦ

639 869 1442 104 ge der ſtat Sodoma darumb was auch ein

641 953 1438 105 groͤſſere ſünd. Die antwurt. Das das cri⸗

641 1038 1440 104 ſtenlich volck jn groͤſſer ſchuld vñ ſünd iſt.

641 1127 1442 95 wenn es ſündet auß groͤſſerer vndanck per⸗

639 1206 1442 98 keÿt ſo es groͤſſer guͦtheit von got empfan⸗

645 1282 1431 106 gen hat dann diſes heÿdniſch volck das do

637 1370 1437 106 mit feür vnd ſchwebel verſenckt iſt das do

639 1452 1437 116 kein ſoͤlliche erkanntnuß gotes hat. Deßge

645 1539 1432 115 leÿchen mag man ſprechen von der ſintfluß

637 1625 1439 113 die da auch von ſoͤllicher ſünd wegẽ über dz

637 1707 1437 111 menſchlich geſchlaͤcht geſchickt ward oder

639 1793 1437 107 man mag ſprechen das die groͤſſm diſer ſün

641 1869 1431 119 de ſeÿ zuͦuerſtan jn der auſſtreckung oď auß

650 1958 1427 117 pꝛaÿtung wenn diſe ſünd ſtercken vñ pꝛai

643 2046 1431 116 ten ſich auß geleÿch über alle geſchlaͤcht der

643 2128 1433 120 welt vnd gegen etlicher jr geſtalt ſo die ſün

641 2219 1427 113 de wider die natur geteÿlt wirt jn dreÿ ge⸗

639 2294 1431 133 ſtalt das iſt der waÿchin oď weÿbi cheit vñ
