2402 3280
253 393 1425 131 mailigt menſcheit criſti die da auß einer vn

253 475 1427 135 uermailigten junckfrauen herfür gieng hett

258 555 1420 142 ein grauwen ab ſoͤllicher vnmenſchlicheÿtt

262 641 1416 146 jn menſchlicher natur. Item darumb dz maͤ

266 725 1412 144 von keiner ſünd lißt die ſo hoͤꝛtiklich vnnd

267 810 1415 150 ſchwaͤrlich von got ſeÿ geſtraft woꝛdẽ alls

264 898 1418 133 diſe ſünd wann von diſer ſünd wegen iſt v

258 989 1420 131 doꝛben die welt durch die ſintfluß die dreÿ

273 1066 1418 143 ſtet ſeind mit feüer vnd ſchwebel verderbet

275 1157 1418 138 vnd verſenckt woꝛden. Sÿ iſt auch ſo ſchw

273 1244 1423 137 aͤre das der teüfel der ein anfang alles übels

278 1339 1420 118 iſt darab ein grauwen hat die die dauon re

275 1412 1425 125 den ver giftentent den lufft vnnd vil an dere

277 1492 1421 135 ding die man jn den buͦchern der heiligen ge

282 1579 1412 132 ſchriben vindt wann man diſe ding den ge⸗

278 1660 1413 138 laubigen ſagte vnd fürlegte on zweÿfel ſÿ

282 1749 1425 124 wurdẽ deſter belder vnd ee von diſen ſünde

351 1836 1351 135 ezogen. Man ſprichet auch gemeinklichen

286 1916 1425 130 das z uͦ dem alter Criſti das iſt dreÿ vn dreiß

298 1998 1413 143 ſig jare nimmer oď gar ſelten keyn Junger

284 2079 1440 145 menſch müg kommen der da dÿſer ſünd wi

1514 2152 200 102 Zuͦ ď

295 2179 1130 131 der die natur pfligt vnd treÿbet.

295 2250 1421 144 andern frag iſt das die antwurt. Das mitt

291 2332 1416 155 nichten den predigern zÿm met zuͦ ſchweigẽ
