2417 3280
719 395 1426 107 von wegen der vnſchuldigen wer ſÿ ſeÿen

725 484 1431 102 von manigerleÿ vꝛſach wegen. Zuͦ dem

716 563 1440 111 erſten wenn wir ſehen das auch ſoͤlliche vn⸗

716 650 1440 111 ſchuldige menſchen auß dẽ eingeben des teü

716 739 1434 110 fels vaſt betrogen werden on die hoͤꝛunge

714 820 1442 116 des goczwoꝛt vnd erklaͤrung diſer ſünd da

712 911 1438 111 rumb zÿmmpt vnd iſt baÿden den ſchuldÿ⸗

719 994 1435 108 gen vnd vnſchuldigen not ein ſoͤliche erklaͤ

716 1086 1436 94 rung des woꝛt gotes. Zuͦ dem andern ma

716 1162 1433 102 net vns darczuͦ die goͤtlich geſchrift dÿe do

723 1239 1433 105 ſpricht. Ob du dem boͤſen ſein boßheit nicht

723 1322 1429 117 verkündeſt ſo will jch aÿſchen vnd ſuͤͦchen

719 1415 1431 102 ſein pluͦt von deiner hand. Vnd wÿ derumb

723 1499 1426 108 Du ſoͤlt ſchreÿen vnd nit ablaſſen verkünd

716 1587 1433 102 meinem volck jr ſüude. Es ward auch beſch

721 1669 1431 105 loſſen vnd bewaͤrt auß vꝛſachen wann der

730 1752 1417 101 zwoͤlffpot Paulus redt neülichen zuͦ den roͤ⸗

719 1829 1428 109 mern am erſten Capitel von ſoͤllichen ſündẽ

718 1909 1432 122 Vñ als man all and ſein epiſtel vñ geſchrift

721 2002 1418 113 voͤ not wegen prediget. Alſo ſoll man auch

718 2090 1427 107 die materi ſagen ſeÿtmals kein vnderſchid

718 2177 1425 98 iſt geben vnder ſeinen leren waruͦb eine mer

727 2255 1411 119 zuͦ predigen ſej dẽn die anď. Es ſpricht auch

721 2343 1420 126 Grego jn moꝛalibus gleich als ei vnſichere
