2394 3260
302 382 1426 114 red jn ein jrꝛung zeücht alſo auch ein beſch⸗

313 465 1421 119 eÿdens verſchweigen laßt beleÿben jn ď jr

306 548 1424 122 rung oď jrꝛſaͤlin. Darwider ward einfeltig⸗

306 633 1430 118 klich geredt von dem das jn etlichen landen

308 719 1428 124 nit waͤr kein freÿheit noch erlaubnuß zepre

308 802 1429 123 digen von diſen ſünden was daſelbs zetuͤn

313 885 1423 114 waͤr. Do ward geantwurt vnd beſchloſſen

311 972 1421 125 das zweÿerleÿ ſtraffung der ſünd iſt. Eine

313 1057 1430 125 jn der gemein die ander jn ſunderheit die lan

315 1144 1430 127 de oď perſon zuͦ beſündern oď czenennen. Jn

317 1235 1422 114 einer gemein iſt es allweg zÿmlich zereden.

318 1320 1423 107 vnd leren von der geleichen ſünden. Aber Jn

315 1394 1450 118 einer ſunderheit die per ſonen oď land czuͦ be

317 1470 1431 125 ſtimmen oď benennen iſt vns betel oͤꝛden nit

322 1559 1415 123 zetuͦn wiewol es zÿmlich waͤre ob ein hoff⸗

318 1644 1434 125 nung der beſſerung dauǒ entſtuͤnd Wo maͤ

322 1731 1430 132 aber ein ſoͤllich hofnung genczlich nit geha

318 1823 1429 123 ben moͤcht ſo ſoͤlt man ee dar zuͦ ſchweÿ gen.⸗

320 1907 1432 110 damit das groͤſſer übel vermitten würd vñ

322 1981 1426 123 das iſt die vꝛſach wenn das leben der bettel

320 2064 1428 123 oͤꝛden der leibnarung halb iſt vonn not we

326 2147 1424 140 gen begriffen vnder den gemein den vnd für

328 2233 1413 128 ſten der lender wiewol das diſe vꝛſach beÿ

328 2312 1409 145 etlichen wenig concludiere oder beſchlieſſe.
