2417 3296
654 373 1429 125 Doch iſt zemercken vmb das ÿeczen die für

652 459 1435 126 ſten gemeinklichen mitſampt den gemeindẽ

650 545 1442 130 mer tÿranniſierent oď wuͤͦtrich ſeind. Dann

650 628 1435 131 das ſÿ die armen beſchirmend. So iſt beſch⸗

652 712 1438 135 loſſen woꝛden jn vnſerm gemeinen Capitel

657 794 1437 139 zuͦ Daſel vnd Vom das ÿecz diſen pꝛuͤden

657 891 1426 117 der oͤꝛden nit not ſeÿ zeſeczen den mund Jn

659 977 1435 128 hÿmel beſunder mer jn ſtillin vnnd ſchweÿ

672 1060 1429 124 gen hin zegan. Wiewol das auch das vaſte

670 1146 1435 119 zeklagen ſeÿ das das goczwoꝛt alſo vaſtte

670 1225 1437 122 angepunden ſeÿ doch zÿmmet es ſich ſo die

676 1309 1434 124 gancz welt jn boßheit geſeczt iſt zuͦ vermei

672 1391 1431 130 den groͤſſers übels. Vnd das ſeÿ geſaget vo

672 1477 1435 132 der erſten ſchuld vnd ſünd die ein vꝛſach di

681 1578 729 119 ſer durchaͤchtunge iſt.

811 1658 1256 114 Von der vnwirdigen handlung des

787 1746 823 105 ſacraments Criſti Jheſu.

765 1825 1347 103 Zuͦ dem andern ward gefragt von der an

685 1909 1424 108 dern vꝛſach vnd verſchuldung dÿſer durch

683 1997 1427 112 aͤchtung ge gen der vnwirdigen handlunge

687 2085 1433 103 des goͤtlichen ſacraments des zarten fꝛonlei

689 2164 1431 119 chnams Jheſu Criſti ſeÿtmals diſe taͤgliche

692 2255 1420 108 handlung vnd dÿe taͤglich meßhaltug ge⸗

709 2345 1405 119 ſchÿhet an dem maÿſten zuͦ einem lob gotes
