2417 3296
668 358 1448 116 vnwirdigen handlung. Zuͦ der driten wÿď

657 441 1448 121 So geſpꝛochen ward das die beſen guͦtter⸗

654 527 1453 123 niemant übel oď mißpꝛaucht. Vnd das dÿe

646 609 1455 132 beſt arczneÿ nit geſchaden müg. Iſt geantt

645 710 1462 112 wurt dz es war waͤr wann man ſoͤlliche di

679 791 1411 119 je empfieng nach des arczats rat. Deßgleÿ

645 869 1453 132 chen iſt jm auch hÿe. Das diſe edleſt ercz nej

632 959 1466 126 niemand geſchaden mag ob ſÿ genoͤmen vñ

637 1043 1451 130 emfpangen wirt nach jr auffſeczung. Vnd

639 1124 1453 130 das ſeÿ geſagt von dem andern voͤderſtẽ tei

628 1204 383 105 le oď gelid.

850 1283 1006 132 Der drit teÿl diß Cractats.

987 1461 1090 133 Eÿ dem driten gelld oder teil des

861 1556 1215 128 erſten teÿls ward gefragt von ď

835 1730 1232 119 Z werung diſer durchaͤchtung vnd

1026 1649 1046 121 roͤſſin jrer werung ob ein ende ď

621 1787 1429 153 peinigung jn der geſchrift voꝛ bezaichnet ſej

645 1869 1420 158 lIſt geantwurt das diſe frag jn jr ſchwaͤr

612 1955 1449 156 waͤr von wegen des manigfeltigẽ nemens.

610 2049 1446 148 oder emphahens des endes diſer peinigüge

610 2131 1442 156 vnd durchaͤchtung. Wenn ſeÿtmals nach ď

604 2211 1448 163 mainung ſant auguſteins jm buͦch Enchiri⸗

613 2296 1439 170 dion Got ließ kein übel wer den jn allẽ din
