2374 3260
219 398 1421 118 das man alſo das ende der werung erkennẽ

219 478 1424 139 müg durch das ander ende der künigreÿche

226 565 1408 132 Darwider ward geredt das auß den jeczen

230 653 1417 138 genannten woꝛten kaͤm vnd geſchaͤhe wen

242 733 1405 141 Albama von dem türcken gewunnen waͤre

228 818 1419 127 So kaͤm bald das ende diſer durchaͤchtung

235 903 1423 131 Do ward geantwurt das da würde das en

228 983 1424 139 de der künigreÿch dÿe ſÿ gewünnen wurdẽ

233 1070 1426 136 vnd jn vndertaͤnig machen es waͤr aber nit

233 1157 1421 137 das ende der künigreÿch die ſÿ verwuͤßtend

239 1246 1422 130 wurdend dann er hat auch darnach vil kü⸗

235 1332 1432 125 nigreÿch zuͦ verwuͤßten vnd eroͤſſen von we

237 1409 1432 135 lichen reÿchen auch voꝛ obberuͤrt iſt. Es wz

244 1485 1423 145 auch einer da der ſpꝛach. Der türck hett das

248 1577 1413 136 gancz Albaniam mitſampt Sclauonia ge⸗

250 1668 1225 135 wunnen außgenommen ein geſchloy.

520 1758 938 120 Ein ant wurt der driten frag

328 1838 1348 123 Zuͦ der driten frag von wegen der zal der

266 1916 1408 132 jare Iſt geant wurt das Methodius ſeczett

259 1988 1415 156 ſechßundfünffczig jare jn ein zal diſer peini

273 2079 1410 146 gung vnnd durchaͤchtung. Vnd das ward

260 2160 1414 140 alſo erklaͤret. Wann der lerer Methodius d

262 2242 1416 146 bꝛauchet dÿe maß der heÿligen geſchrifften.

262 2330 1417 153 dÿe da gewonlichen merckt jn jrer zale eyn
