2376 3260
221 306 1419 146 vel ward gewumnen jn dem lj jar darjnnẽ

222 394 1421 140 das buͦchlin gemachet iſt woꝛden ſo es das

222 476 1414 157 lexiiij. So machent die zeÿt die nach der ge

221 557 1420 156 wunnen ſtat verſchinen vnd vergan gẽ ſeid

239 648 1415 156 griij jar. Aber voꝛ der gewÿnnung vnd va

235 720 1423 171 hung diſer ſtat zuͦ dem mÿnnſten achtzehen

244 813 1414 155 jar der vatter des gegenwertigen Türcken

235 892 1419 156 der da ein verſeher des groſſen Soldans üb

239 978 1419 148 er das kleiner land Aſia waz hat die kriege

244 1066 1425 152 vnd ſtreit gefuͤrt wider die criſten hatt Im

248 1146 1432 158 vndertaͤnig gemacht Traciam Libiam vñ

250 1238 1433 142 Dulgariam die land vnd hat an etlichẽ en

250 1314 1433 151 den das vngerland gekrieget. Auch zuͦ dẽ zei

257 1390 1433 160 ten keiſer Sigmunds da auch jn einẽ ſtreit

259 1476 1424 161 der künig von poland mit Julino des Zoͤ⸗

260 1557 1434 165 miſchen ſtuͤls Legatum erſchlagẽ woꝛdẽ iſt

661 1637 1037 152 Durch dÿſen Türcken verſteett

578 1725 1127 151 man den Türcken der geſtoꝛbẽ iſt

585 1827 1118 130 ÿeczen jn dem tauſetſten vierhun⸗

574 1903 1122 132 derſten vnd jn dem einßund achczi

637 2001 513 125 oſten jar der zal

376 2053 1320 163 Es was auch da eÿn bꝛuͦder der ſpꝛache.

291 2153 1421 154 er het geredt vonn der zal diſer jar mitt dem

291 2233 1405 164 leÿplichen aÿgnen pruͦder do des Türcken
