2417 3308
718 380 1452 110 ein ende werd nemen. Auch da die ſtat dam⸗

714 464 1453 111 nata gewunnen ward. Do ward ein buͦch

726 556 1450 109 gefunden jn arabiſcher ſpꝛach geſchribẽ das

720 639 1452 112 ſagt das ein criſtenlicher künig wurde czer⸗

713 727 1465 107 ſtoͤꝛen dÿe ſtat Metham vnd wurde mache

707 804 1471 118 mets gebain zerſtraͤen das da ein zaÿchen ď

707 896 1461 109 zerſtoͤꝛung waͤr jres geſeczs. Wider die pꝛo⸗

709 979 1461 116 pheceÿ ward geredt. Wer diſer criſtelicher

707 1060 1461 119 künig würde der da zerſtraͤet het die gebai

703 1144 1465 114 machomets. Do ward beſchloſſenſo es nü

709 1225 1456 114 gewiß waͤre das der gelaub des machmets

700 1306 1463 116 ein ende wurd nemen jn dez acht hundertſt̃

703 1391 1453 115 jar von ſeiner anhebung. Vnd ÿecz das ſelb

694 1473 1465 125 ende ÿmmerdar da waͤre ſo waͤr es guͤtlichẽ

702 1562 1452 126 zeſchaͤczen vnd zehalten das mitſampt dez

691 1646 1466 131 ende dÿſer durchaͤchtunge auch würde geen

705 1731 1445 123 vnd laffen das end des geſeczs der machme⸗

694 1806 1454 134 tiſten. Das ſagen auch klaͤrlichen die offen⸗

692 1892 1451 138 barung der heÿligen ſant Hildegardis vnd

692 1979 1449 130 Drigite. Dÿe da bedeütlichen reden das die

689 2071 1446 128 vngelaubigen den criſtgelaubigen genczli⸗

687 2152 1445 136 chen ſoͤllen vndertaͤnig gemacht werden da

687 2236 1439 149 nach diſer peinigung truͤbſaͤlin vnnd auch

689 2315 588 151 durchaͤchtungen.
