2376 3260
583 369 1142 129 Ein bewaͤrung der heÿligen geſch⸗

469 452 1259 127 rifft das daz vngelaͤubig volck den cri⸗

463 550 943 118 ſten ſoll vndertaͤnig werden.

398 624 1334 133 Do ward auch claͤrlich gefragt auß was

311 709 1405 131 bewaͤrten geſchriftẽ man moͤcht darprin gẽ.

311 798 1425 132 oď beweÿſen das diſes vngelaubige volck

315 889 1413 114 wurde der criſten gewalt vndertaͤnig gma⸗

315 967 1419 134 chet werden jn ewiger dienſtberkeÿt. Vnd

318 1057 1420 123 es ward geant wurt. Das die warheÿtt dÿ

324 1141 1414 130 ſer frag erſchin auß dem heiligen ewangelij

318 1235 1421 114 da Criſtus redt von ſeiner andern zuͦkunfftt

320 1318 1425 109 Vnd das die vngelaubigen daruoꝛ bekeret

322 1399 1421 120 ſoͤllen werden alſo ſprechende. Das ewange

322 1474 1425 127 lium wirt noch ein mal verkündet werden.

324 1564 1424 116 der ganczen welt. Vnd dann wiet kommen

329 1653 1427 114 das ende der welt. Auß wellichen woꝛten er

329 1735 1421 125 ſcheint das voꝛ dem end der welt das ewan⸗

376 1821 1372 120 elj des hÿmels reÿchs wirt verkündt wer

329 1905 1428 103 den der ganczen welt. So man aber nach d

326 1977 1431 131 ler ſancti Thome hat das daz ewangeliſche

346 2064 1411 131 geſacz wirt weren bis an das ende der welt

338 2146 1418 136 ſo wirt ÿe dann das vngelaubig volck vnď

333 2238 1421 121 taͤnig gemacht wann der gelaub der macho

342 2321 1408 133 metiſten wirt vergeen vnd der criſtẽ geſacz
