2417 3308
672 402 1447 110 beleÿben wirt. Wider diſe erklaͤrung warde

672 492 1445 107 kreftiklich geantwurt auß dem das ein ſoͤlli

670 589 1445 102 che verkündung geſchehen iſt zuͦ den zeÿten

669 670 1441 105 der zwoͤlfpoten. Von wellicher predigunge

674 760 1437 96 vnd verkündung die wort des pꝛopheten

676 843 1432 105 Dauid erfült vnd geſpꝛochen ſeind woꝛdẽ.

676 929 1439 105 In alle welt iſt außgangen jr hal vnnd jre

674 1012 1439 105 woꝛt jn alle end der welt. Darumb iſt kein

670 1100 1438 103 ander gemeine verkündung des ewangeli⸗

670 1183 1441 99 ums criſti zuͦ einer bekerung der vngelaubÿ

680 1260 1428 107 gen noch herfoꝛn durch die da das vngelaͤ⸗

672 1339 1443 118 big volck noch bekert werd. Zuͦ dÿſer wi

672 1433 1439 118 derred nach einer fleiſſigen erſuͦchüg der ge⸗

685 1518 1425 117 ſchriften Seÿtmals ein ſoͤlliche frag nit eÿn

669 1600 1442 125 kleÿne beſchwaͤrung od gründung jnnhelt

669 1690 1442 109 ob das vngelaubig volck noch ein mal voꝛ

676 1767 1432 118 der zuͦkunft des endecriſts durch ein gemeÿ

672 1848 1436 127 ne predigung oď verkündung des ewange

674 1931 1456 130 liß criſti zuͦ dem glauben bekert werd. Iſt ge

670 2030 1438 123 ant wurt woꝛden das genczlichen zuͦ ſprech

670 2111 1436 123 en ſeÿ das vngelaubig volck zuͦ bekern ſeÿe

678 2196 1428 125 zuͦ dem gelauben criſti. Vnd das noch ein ge

670 2286 1438 123 meine vkündung vnd predigung des ewa

676 2376 1419 136 Veliß her voꝛnen ſeÿ vnnd geſchehen werde
