2384 3260
349 306 1413 123 voꝛ der zuͦkunfft des endecriſts. Vnd daz iſt

346 396 1414 116 bewaͤrt woꝛden auß den woꝛten ſant augu⸗

351 481 1215 122 ſteins ſo er ſchreÿpt über Johannem.

527 557 1241 123 Es iſt künftig ei neüe verkündüg des

449 648 1177 121 ewangeliß durch die ganczen welt

443 726 1328 132 Item auß der beſchreÿbung ſant Thome

355 815 1413 124 jn ſeiner Süm ſo er feagt. Ob das ewange⸗

355 896 1418 127 liſch geſacz wern werd bis an dz end ď welt

355 979 1418 131 ſo er jn der aufl oͤſung od ſolucion des letſtẽ

355 1066 1423 131 arguments herfür pringt die voꝛbeſtimmtẽ

355 1157 1418 127 woꝛt criſti auß den woꝛten ſant auguſteins

356 1249 1419 111 das noch her voꝛnen ſeÿ ein gemeine vkün⸗

356 1329 1432 114 dung des ewangeliß criſti die da noch nicht

365 1405 1415 121 geſchehen iſt. Vnd das wirt bewaͤrt auß di

364 1492 1422 121 ſen woꝛten criſti ſo er ſpricht. Es wirt noch

364 1581 1427 112 eins mals verkündet das ewangelium des

364 1662 1425 118 reÿchs jn aller welt vnd dann wirt werden

362 1747 1426 122 die vollendung ď welt Vnd diſe ykündüge

364 1845 1433 107 iſt nit geſchehen durch die vij poten mã ma

374 1928 1426 96 ge auch die voꝛgenannten autoꝛitat nit ver

376 1997 1421 118 ſtan von ď v̈kündung ď eij poten vn dz iſt

369 2086 1426 101 erkannt auß dẽ wan das end ď welt iſt noch

369 2175 1424 108 nit darnach komen Sunder es ſeind peczen

369 2260 1411 119 mer dann tauſent jar vergangen Darumb
