<?xml version="1.0" encoding="UTF-8"?>
<alto xmlns:xsi="http://www.w3.org/2001/XMLSchema-instance"
      xmlns="http://www.loc.gov/standards/alto/ns-v4#"
      xsi:schemaLocation="http://www.loc.gov/standards/alto/ns-v4# http://www.loc.gov/standards/alto/v4/alto-4-2.xsd">
  <Description>
    <MeasurementUnit>pixel</MeasurementUnit>
    <sourceImageInformation>
      <fileName>152_e4b1a_default.jpg</fileName>
      <fileIdentifier>https://api.digitale-sammlungen.de/iiif/image/v2/bsb00034304_00153/full/full/0/default.jpg</fileIdentifier>
    </sourceImageInformation>
  </Description>
  <Tags>
    <OtherTag ID="BT1" LABEL="Title" DESCRIPTION="block type Title"/><OtherTag ID="BT2" LABEL="Main" DESCRIPTION="block type Main"/><OtherTag ID="BT3" LABEL="Commentary" DESCRIPTION="block type Commentary"/><OtherTag ID="BT4" LABEL="Illustration" DESCRIPTION="block type Illustration"/><OtherTag ID="BT279" LABEL="text" DESCRIPTION="block type text"/>
    <OtherTag ID="LT117" LABEL="default" DESCRIPTION="line type default"/>
  </Tags>
  <Layout>
    <Page WIDTH="2384"
          HEIGHT="3260"
          PHYSICAL_IMG_NR="152"
          ID="eSc_dummypage_">
      <PrintSpace HPOS="0"
                  VPOS="0"
                  WIDTH="2384"
                  HEIGHT="3260">
        <TextBlock HPOS="362"
                   VPOS="354"
                   WIDTH="1469"
                   HEIGHT="2071"
                   ID="eSc_textblock_604059c8"
                   TAGREFS="BT279">
          <Shape><Polygon POINTS="1702 354 1816 376 1831 2403 405 2425 376 2272 369 1427 413 1304 362 1157 362 376 1702 354"/></Shape>
          <TextLine ID="eSc_line_37ebc1df"
                    TAGREFS="LT117"
                    BASELINE="369 441 1784 432" 
                    HPOS="367"
                    VPOS="358"
                    WIDTH="1417"
                    HEIGHT="111">
            <Shape><Polygon POINTS="1769 365 1733 373 1722 365 1711 358 1710 358 1708 358 1614 358 1612 358 1610 358 1608 358 1597 367 1595 369 1592 367 1572 358 1570 358 1568 358 1566 358 1530 367 1528 367 1501 358 1499 358 1498 358 1449 369 1420 374 1413 369 1400 360 1398 360 1396 360 1364 360 1362 360 1360 360 1358 360 1356 360 1344 369 1335 376 1286 376 1271 371 1239 360 1237 362 1224 362 1213 371 1204 378 1005 378 990 374 949 365 947 365 929 365 920 365 907 374 900 380 824 380 815 376 793 369 784 369 766 369 762 369 753 376 749 380 701 380 695 378 673 371 657 371 639 371 621 371 617 371 603 374 579 371 567 373 548 373 530 373 512 373 505 373 480 380 476 380 474 380 449 374 440 374 422 374 403 374 385 374 382 374 367 380 369 441 369 467 418 460 528 467 561 469 563 469 565 469 567 469 568 467 585 456 610 467 612 467 614 467 615 467 748 467 771 465 773 465 793 456 813 467 817 467 818 467 820 467 822 467 824 465 849 454 1101 465 1124 465 1126 465 1128 465 1130 465 1144 452 1219 450 1349 450 1393 463 1394 463 1396 463 1398 463 1400 463 1416 449 1499 449 1780 461 1784 432 1778 367 1769 365"/></Shape>
	    <String CONTENT="das ſÿ ein end wirt nemen durch einen künf"
                    HPOS="367"
                    VPOS="358"
                    WIDTH="1417"
                    HEIGHT="111"
                    WC="0.9930710210356601"></String>
          </TextLine>
          <TextLine ID="eSc_line_ab53b477"
                    TAGREFS="LT117"
                    BASELINE="369 528 1788 512" 
                    HPOS="367"
                    VPOS="443"
                    WIDTH="1421"
                    HEIGHT="114">
            <Shape><Polygon POINTS="369 528 369 552 786 557 788 557 789 557 804 550 817 543 929 543 963 548 998 556 999 556 1001 556 1016 548 1032 541 1186 548 1219 548 1220 548 1231 546 1280 539 1295 546 1298 548 1300 548 1302 548 1304 548 1306 548 1307 546 1320 539 1344 546 1345 546 1347 546 1349 546 1351 546 1353 546 1382 537 1393 546 1394 546 1396 546 1398 546 1405 546 1474 536 1554 545 1583 548 1585 548 1605 545 1663 534 1695 545 1702 546 1704 546 1706 546 1786 543 1788 512 1782 460 1679 460 1644 443 1643 443 1641 443 1639 443 1601 456 1563 445 1561 445 1559 445 1402 447 1400 447 1398 447 1376 465 1374 465 1311 465 1309 465 1273 449 1271 449 1269 449 1268 449 1230 463 1201 456 1199 456 1197 456 1195 456 1153 467 1152 469 1115 469 1032 469 1009 450 1007 450 1005 450 1003 450 943 452 942 452 902 470 835 470 791 454 789 454 788 454 664 467 556 456 554 456 552 456 550 456 528 474 485 474 398 458 396 458 394 458 393 458 367 472 369 528"/></Shape>
	    <String CONTENT="tigen künig der criſten von dem künig dreÿ"
                    HPOS="367"
                    VPOS="443"
                    WIDTH="1421"
                    HEIGHT="114"
                    WC="0.9793552395909332"></String>
          </TextLine>
          <TextLine ID="eSc_line_7c90390e"
                    TAGREFS="LT117"
                    BASELINE="369 615 1804 594" 
                    HPOS="367"
                    VPOS="525"
                    WIDTH="1437"
                    HEIGHT="119">
            <Shape><Polygon POINTS="369 615 369 632 442 632 443 632 483 644 485 644 487 644 719 641 720 641 722 641 742 628 744 626 847 624 938 624 940 624 960 637 961 637 963 637 965 637 967 637 990 624 994 623 1018 624 1168 633 1170 633 1172 633 1202 621 1210 619 1217 621 1255 632 1257 632 1259 632 1315 619 1327 617 1342 619 1387 626 1389 626 1490 617 1496 617 1499 617 1554 628 1556 628 1557 628 1559 628 1577 615 1581 613 1595 615 1659 626 1661 626 1804 612 1804 594 1800 543 1690 525 1688 525 1686 525 1628 543 1624 543 1619 543 1514 528 1512 528 1510 528 1454 543 1440 546 1418 543 1376 537 1374 537 1373 537 1371 537 1362 543 1358 546 1353 543 1326 530 1324 530 1322 530 1134 534 1132 534 1108 545 1095 550 1067 545 1016 536 1014 536 1012 536 987 545 970 552 954 545 934 537 932 537 931 537 929 537 927 537 916 545 909 552 842 557 720 557 697 546 690 543 688 543 632 541 630 541 628 541 626 541 619 546 599 559 530 552 528 552 420 561 400 546 398 545 396 545 394 545 393 545 367 546 369 615"/></Shape>
	    <String CONTENT="ding zeſehen werdent Zuͦ dem erſten ſein"
                    HPOS="367"
                    VPOS="525"
                    WIDTH="1437"
                    HEIGHT="119"
                    WC="0.9992325305938721"></String>
          </TextLine>
          <TextLine ID="eSc_line_f3875897"
                    TAGREFS="LT117"
                    BASELINE="371 700 1802 680" 
                    HPOS="369"
                    VPOS="608"
                    WIDTH="1433"
                    HEIGHT="123">
            <Shape><Polygon POINTS="371 700 371 719 469 728 471 728 541 717 545 717 548 717 608 731 610 731 612 731 664 715 666 715 670 715 759 729 760 729 762 729 764 729 788 713 793 709 923 709 929 711 969 726 970 726 972 726 1150 724 1202 722 1204 722 1240 706 1242 704 1512 702 1514 702 1548 717 1550 717 1552 719 1612 719 1612 717 1800 697 1802 680 1797 608 1744 617 1650 610 1643 610 1641 610 1639 610 1637 610 1610 626 1460 613 1438 612 1436 612 1434 612 1432 612 1431 613 1405 630 1378 621 1376 621 1374 621 1373 621 1371 621 1355 632 1242 632 1208 617 1202 615 1201 615 1199 615 1197 615 1190 617 1143 633 1088 619 1079 617 1077 617 1076 617 1074 617 1067 619 1018 635 961 621 956 621 954 621 952 621 951 621 907 635 873 623 867 621 865 621 775 621 773 621 771 621 760 624 719 641 628 641 554 630 552 630 471 642 425 630 413 626 411 626 409 626 369 630 371 700"/></Shape>
	    <String CONTENT="bewaͤrung jn den geſchriften als die geſchri"
                    HPOS="369"
                    VPOS="608"
                    WIDTH="1433"
                    HEIGHT="123"
                    WC="0.9923676374283704"></String>
          </TextLine>
          <TextLine ID="eSc_line_3dc31508"
                    TAGREFS="LT117"
                    BASELINE="376 787 1789 762" 
                    HPOS="374"
                    VPOS="693"
                    WIDTH="1415"
                    HEIGHT="125">
            <Shape><Polygon POINTS="376 787 378 818 422 805 545 809 547 809 548 809 579 800 737 811 739 811 740 811 788 796 878 809 880 809 882 809 989 793 1070 805 1072 805 1150 802 1152 802 1153 802 1168 791 1282 802 1284 802 1485 798 1487 798 1527 786 1572 796 1574 796 1576 796 1577 796 1628 782 1786 793 1789 762 1788 708 1751 693 1749 693 1748 693 1746 693 1697 708 1684 711 1672 708 1628 695 1626 695 1624 695 1623 695 1592 709 1581 713 1570 709 1538 697 1536 697 1534 697 1445 708 1385 699 1384 699 1318 711 1273 720 1061 722 998 713 992 713 990 713 989 713 987 713 956 724 862 715 815 709 813 709 811 709 809 709 804 715 793 724 755 724 704 715 679 711 677 711 675 711 657 715 632 722 623 717 619 713 617 713 615 713 614 713 612 713 605 717 572 731 374 719 376 787"/></Shape>
	    <String CONTENT="ften manigerleÿ von jm voꝛgeſagt habend"
                    HPOS="374"
                    VPOS="693"
                    WIDTH="1415"
                    HEIGHT="125"
                    WC="0.9794172331690788"></String>
          </TextLine>
          <TextLine ID="eSc_line_6ffc232b"
                    TAGREFS="LT117"
                    BASELINE="387 878 411 876" 
                    HPOS="382"
                    VPOS="813"
                    WIDTH="29"
                    HEIGHT="92">
            <Shape><Polygon POINTS="387 878 389 905 411 903 411 876 403 813 382 815 387 878"/></Shape>
	    <String CONTENT=""
                    HPOS="382"
                    VPOS="813"
                    WIDTH="29"
                    HEIGHT="92"></String>
          </TextLine>
          <TextLine ID="eSc_line_13a52bab"
                    TAGREFS="LT117"
                    BASELINE="445 872 1791 851" 
                    HPOS="443"
                    VPOS="782"
                    WIDTH="1348"
                    HEIGHT="114">
            <Shape><Polygon POINTS="445 872 445 885 567 885 590 896 592 896 594 896 682 882 690 882 695 882 760 891 762 891 811 880 818 880 824 880 891 892 893 892 972 882 1052 887 1054 887 1056 887 1081 878 1085 876 1086 878 1101 887 1103 887 1105 887 1106 889 1219 889 1219 887 1220 887 1244 876 1295 885 1297 885 1298 885 1300 885 1313 874 1318 872 1349 874 1418 880 1420 880 1422 880 1440 874 1454 869 1521 869 1527 872 1532 878 1534 878 1536 878 1538 878 1583 872 1623 867 1664 871 1730 878 1731 878 1791 869 1791 851 1788 784 1588 782 1586 782 1585 782 1583 782 1577 786 1554 800 1494 800 1478 787 1476 787 1474 787 1472 787 1458 787 1335 802 1193 793 1135 789 1134 789 1132 789 1130 789 1130 791 1126 793 1114 805 1077 795 1072 793 1070 793 1068 793 1067 793 1063 795 1043 804 996 796 976 793 974 793 972 793 970 793 967 796 952 807 860 807 849 798 847 796 845 796 844 796 842 796 840 796 836 798 813 811 773 811 760 800 757 796 755 796 753 796 751 796 730 800 664 815 605 815 590 802 586 798 585 798 583 798 581 798 443 804 445 872"/></Shape>
	    <String CONTENT="Zuͦm andern wirt beſehen wer der künig"
                    HPOS="443"
                    VPOS="782"
                    WIDTH="1348"
                    HEIGHT="114"
                    WC="0.9995778234381425"></String>
          </TextLine>
          <TextLine ID="eSc_line_470c4524"
                    TAGREFS="LT117"
                    BASELINE="378 952 1807 932" 
                    HPOS="376"
                    VPOS="863"
                    WIDTH="1431"
                    HEIGHT="116">
            <Shape><Polygon POINTS="378 952 378 979 532 968 585 976 599 978 601 978 603 978 610 976 639 967 806 972 956 976 958 976 960 976 961 976 970 968 980 961 1041 961 1050 967 1059 974 1061 974 1063 974 1065 974 1213 972 1215 972 1217 972 1231 963 1233 961 1239 963 1268 970 1269 970 1271 970 1326 961 1329 961 1333 961 1452 968 1454 968 1456 968 1458 968 1470 959 1481 968 1483 968 1485 968 1487 968 1489 968 1519 959 1619 967 1621 967 1623 967 1624 967 1641 954 1643 954 1652 954 1755 963 1757 963 1759 963 1807 950 1807 932 1802 863 1751 872 1699 865 1681 863 1679 863 1677 863 1675 863 1673 865 1655 882 1624 867 1619 865 1617 865 1547 865 1545 865 1498 867 1496 867 1494 867 1490 871 1469 883 1440 871 1429 867 1427 867 1425 867 1423 867 1422 867 1416 872 1400 882 1333 874 1329 874 1327 874 1326 874 1282 887 1240 876 1226 872 1224 872 1222 872 1220 872 1219 872 1213 876 1197 889 1110 889 1092 880 1085 874 1083 874 1081 874 1027 872 1025 872 902 885 885 885 880 885 842 876 840 876 795 887 762 896 710 896 699 889 684 882 682 882 681 882 679 882 663 891 653 896 567 896 557 892 534 882 532 882 530 882 528 882 499 894 489 898 376 898 378 952"/></Shape>
	    <String CONTENT="werd vnd auß wellichem land ein fürſt. Zuͦ"
                    HPOS="376"
                    VPOS="863"
                    WIDTH="1431"
                    HEIGHT="116"
                    WC="0.9887355040936243"></String>
          </TextLine>
          <TextLine ID="eSc_line_bcdd194b"
                    TAGREFS="LT117"
                    BASELINE="378 1037 1806 1019" 
                    HPOS="376"
                    VPOS="961"
                    WIDTH="1430"
                    HEIGHT="111">
            <Shape><Polygon POINTS="378 1037 378 1057 498 1072 499 1072 501 1072 530 1059 554 1068 556 1068 557 1068 559 1068 561 1068 579 1055 581 1054 670 1054 672 1054 690 1063 692 1063 693 1063 695 1063 713 1054 720 1054 887 1063 889 1063 891 1063 893 1063 905 1052 965 1064 967 1064 1233 1063 1235 1063 1280 1046 1316 1059 1318 1059 1320 1059 1322 1059 1324 1059 1336 1050 1501 1052 1503 1052 1505 1052 1528 1043 1565 1057 1566 1057 1568 1059 1661 1059 1661 1057 1806 1037 1806 1019 1802 970 1635 961 1634 961 1632 961 1608 970 1606 972 1413 972 1409 972 1378 961 1376 961 1374 961 1327 972 1318 974 1277 972 1097 965 1095 965 1094 965 1059 974 1045 978 969 974 824 968 822 968 789 976 768 981 748 976 731 972 730 972 728 972 690 976 635 985 585 985 574 978 567 972 565 972 563 972 561 972 559 972 539 978 510 985 376 979 378 1037"/></Shape>
	    <String CONTENT="dem driten wirt not zeſagen ein wenig von"
                    HPOS="376"
                    VPOS="961"
                    WIDTH="1430"
                    HEIGHT="111"
                    WC="0.9984119287351283"></String>
          </TextLine>
          <TextLine ID="eSc_line_e24c41a1"
                    TAGREFS="LT117"
                    BASELINE="382 1128 1206 1113" 
                    HPOS="380"
                    VPOS="1048"
                    WIDTH="826"
                    HEIGHT="111">
            <Shape><Polygon POINTS="382 1128 382 1159 697 1139 737 1155 739 1155 740 1155 742 1157 793 1157 793 1155 795 1155 800 1153 838 1137 874 1150 876 1150 878 1150 880 1150 882 1150 900 1135 970 1135 985 1146 985 1148 987 1148 989 1148 990 1148 992 1148 1043 1135 1074 1146 1076 1146 1077 1146 1141 1135 1155 1146 1157 1148 1159 1148 1161 1148 1163 1148 1206 1144 1206 1113 1201 1061 1099 1061 1097 1061 1072 1048 1070 1048 1068 1048 1067 1048 1028 1061 1027 1061 1025 1061 999 1048 998 1048 996 1048 994 1048 992 1048 976 1061 970 1061 891 1066 822 1066 815 1061 800 1050 798 1050 797 1050 715 1050 713 1050 711 1050 710 1050 695 1061 693 1063 692 1061 672 1052 670 1052 668 1052 666 1052 664 1052 664 1054 655 1061 650 1064 637 1061 596 1052 594 1052 592 1052 590 1052 590 1054 583 1061 577 1068 547 1070 514 1061 485 1054 483 1054 481 1054 380 1061 382 1128"/></Shape>
	    <String CONTENT="ſeinen loblichen wercken."
                    HPOS="380"
                    VPOS="1048"
                    WIDTH="826"
                    HEIGHT="111"
                    WC="0.990544364452362"></String>
          </TextLine>
          <TextLine ID="eSc_line_ef07a040"
                    TAGREFS="LT117"
                    BASELINE="494 1224 1005 1206 1806 1197" 
                    HPOS="490"
                    VPOS="1121"
                    WIDTH="1316"
                    HEIGHT="130">
            <Shape><Polygon POINTS="494 1224 494 1251 626 1233 677 1247 686 1249 688 1249 690 1249 692 1249 699 1246 726 1233 773 1244 789 1247 791 1247 793 1247 802 1244 831 1229 918 1240 951 1244 952 1244 954 1244 965 1238 990 1226 1050 1236 1085 1242 1086 1242 1126 1235 1188 1220 1398 1218 1423 1226 1449 1235 1451 1235 1452 1235 1454 1235 1472 1226 1485 1218 1514 1224 1566 1233 1568 1233 1570 1233 1572 1233 1585 1222 1592 1215 1606 1220 1614 1224 1615 1224 1617 1224 1648 1220 1684 1215 1693 1218 1713 1229 1715 1229 1717 1229 1804 1215 1806 1197 1800 1131 1617 1137 1577 1131 1490 1121 1489 1121 1487 1121 1485 1121 1472 1131 1451 1126 1449 1126 1447 1126 1445 1126 1423 1133 1400 1142 1327 1142 1311 1133 1297 1124 1295 1124 1293 1124 1291 1124 1289 1124 1288 1124 1288 1126 1278 1133 1275 1137 1264 1135 1224 1126 1222 1126 1220 1126 1184 1135 1141 1146 1110 1135 1097 1131 1095 1131 1094 1131 1092 1131 1090 1131 1086 1135 1070 1150 980 1150 932 1137 913 1131 911 1131 909 1131 907 1131 905 1131 898 1137 891 1141 867 1137 840 1133 838 1133 836 1133 826 1137 784 1155 719 1155 699 1139 695 1135 693 1135 692 1135 690 1135 668 1139 634 1144 490 1141 494 1224"/></Shape>
	    <String CONTENT="Diſe peinigung vnd durchaͤchtunge"
                    HPOS="490"
                    VPOS="1121"
                    WIDTH="1316"
                    HEIGHT="130"
                    WC="0.9791014393170675"></String>
          </TextLine>
          <TextLine ID="eSc_line_324b6ee1"
                    TAGREFS="LT117"
                    BASELINE="474 1296 1795 1282" 
                    HPOS="472"
                    VPOS="1218"
                    WIDTH="1323"
                    HEIGHT="104">
            <Shape><Polygon POINTS="474 1296 474 1311 554 1322 556 1322 672 1311 773 1320 775 1320 836 1309 931 1318 932 1318 934 1318 970 1307 1121 1316 1123 1316 1124 1316 1126 1316 1139 1305 1184 1314 1186 1314 1431 1304 1624 1311 1626 1311 1795 1296 1795 1282 1791 1231 1626 1218 1624 1218 1623 1218 1621 1218 1599 1233 1594 1236 1384 1236 1380 1235 1364 1222 1362 1222 1360 1222 1358 1222 1356 1222 1338 1231 1228 1224 1226 1224 1224 1224 1188 1238 1184 1238 1175 1238 1114 1229 1112 1229 1110 1229 1088 1238 1086 1240 1085 1238 1074 1229 1072 1229 1070 1229 1068 1229 1067 1229 1039 1240 1038 1240 1019 1226 1018 1226 1016 1226 967 1226 965 1226 880 1242 874 1242 856 1227 855 1227 853 1227 809 1227 807 1227 806 1227 804 1227 784 1242 782 1244 782 1242 764 1229 762 1229 760 1229 637 1229 635 1229 596 1231 594 1231 592 1231 574 1246 572 1247 472 1247 474 1296"/></Shape>
	    <String CONTENT="ď criſtenheit wirt ein end nemen nach der"
                    HPOS="472"
                    VPOS="1218"
                    WIDTH="1323"
                    HEIGHT="104"
                    WC="0.9901993359838214"></String>
          </TextLine>
          <TextLine ID="eSc_line_6f66292f"
                    TAGREFS="LT117"
                    BASELINE="400 1467 409 1467" 
                    HPOS="400"
                    VPOS="1428"
                    WIDTH="9"
                    HEIGHT="62">
            <Shape><Polygon POINTS="400 1486 405 1490 409 1467 409 1430 402 1428 400 1467 400 1486"/></Shape>
	    <String CONTENT=""
                    HPOS="400"
                    VPOS="1428"
                    WIDTH="9"
                    HEIGHT="62"></String>
          </TextLine>
          <TextLine ID="eSc_line_a3328329"
                    TAGREFS="LT117"
                    BASELINE="456 1463 1021 1450 1797 1447" 
                    HPOS="454"
                    VPOS="1378"
                    WIDTH="1343"
                    HEIGHT="108">
            <Shape><Polygon POINTS="456 1463 456 1476 592 1486 594 1486 596 1486 624 1477 737 1485 739 1485 740 1485 742 1485 755 1476 757 1474 764 1476 795 1483 797 1483 798 1483 800 1483 818 1476 827 1472 838 1476 867 1483 869 1483 871 1483 923 1474 931 1474 932 1474 951 1483 952 1483 954 1483 956 1483 987 1474 1003 1470 1043 1474 1110 1481 1112 1481 1226 1474 1329 1467 1422 1472 1474 1476 1476 1476 1478 1476 1480 1476 1483 1472 1496 1465 1556 1472 1588 1476 1590 1476 1795 1470 1797 1447 1791 1394 1708 1394 1701 1392 1643 1378 1641 1378 1639 1378 1637 1378 1606 1392 1599 1398 1485 1398 1476 1392 1454 1383 1452 1383 1451 1383 1449 1383 1422 1392 1403 1398 1385 1392 1369 1387 1367 1387 1365 1387 1364 1387 1362 1387 1355 1392 1344 1399 1291 1399 1277 1392 1262 1385 1260 1385 1259 1385 1257 1385 1237 1392 1233 1392 1219 1392 1128 1383 1126 1383 1124 1383 1123 1383 1123 1385 1115 1390 1103 1401 1052 1390 1045 1390 1043 1390 1027 1390 891 1403 867 1390 865 1390 864 1390 862 1390 860 1390 858 1390 840 1403 746 1390 728 1389 726 1389 724 1389 722 1389 720 1390 704 1401 688 1394 686 1394 684 1394 682 1394 681 1394 668 1407 630 1407 581 1390 579 1390 454 1390 456 1463"/></Shape>
	    <String CONTENT="Zuͦm erſten iſt zewiſſen das alls auß den"
                    HPOS="454"
                    VPOS="1378"
                    WIDTH="1343"
                    HEIGHT="108"
                    WC="0.9756718844902225"></String>
          </TextLine>
          <TextLine ID="eSc_line_bcdc8801"
                    TAGREFS="LT117"
                    BASELINE="389 1544 1806 1530" 
                    HPOS="387"
                    VPOS="1459"
                    WIDTH="1419"
                    HEIGHT="118">
            <Shape><Polygon POINTS="389 1544 389 1561 467 1561 469 1561 487 1575 489 1575 490 1575 492 1577 545 1577 545 1575 547 1575 548 1575 565 1564 724 1573 726 1573 728 1573 760 1557 762 1557 771 1557 838 1566 840 1566 994 1555 1005 1555 1009 1555 1083 1570 1085 1570 1086 1570 1148 1553 1150 1553 1153 1553 1190 1564 1192 1564 1193 1564 1275 1555 1432 1566 1434 1566 1594 1550 1595 1550 1740 1562 1742 1562 1744 1562 1806 1546 1806 1530 1804 1476 1769 1459 1768 1459 1766 1459 1652 1461 1650 1461 1621 1477 1583 1477 1563 1461 1561 1461 1559 1461 1557 1461 1556 1461 1510 1476 1452 1463 1451 1463 1382 1472 1313 1463 1311 1463 1309 1463 1262 1481 1130 1481 1101 1465 1099 1465 1097 1465 1095 1465 1059 1481 931 1474 929 1474 927 1474 905 1483 827 1474 826 1474 791 1481 744 1468 742 1468 740 1468 655 1483 606 1470 605 1470 603 1470 601 1470 554 1488 387 1488 389 1544"/></Shape>
	    <String CONTENT="voꝛgeſagtẽ woꝛten erkannt iſt ſo wirt dÿſe"
                    HPOS="387"
                    VPOS="1459"
                    WIDTH="1419"
                    HEIGHT="118"
                    WC="0.9845785417340018"></String>
          </TextLine>
          <TextLine ID="eSc_line_4c03e445"
                    TAGREFS="LT117"
                    BASELINE="387 1631 1807 1613" 
                    HPOS="385"
                    VPOS="1546"
                    WIDTH="1422"
                    HEIGHT="116">
            <Shape><Polygon POINTS="387 1631 387 1658 494 1662 496 1662 498 1662 499 1662 505 1657 518 1648 543 1657 556 1660 557 1660 559 1660 561 1660 563 1660 570 1655 579 1649 619 1655 666 1660 668 1660 670 1660 672 1660 682 1653 697 1644 789 1651 878 1657 880 1657 882 1657 903 1648 920 1642 996 1646 1038 1648 1039 1648 1059 1644 1097 1639 1168 1642 1326 1651 1327 1651 1329 1651 1353 1639 1356 1637 1364 1639 1411 1648 1413 1648 1414 1648 1416 1648 1429 1637 1432 1635 1445 1637 1514 1644 1516 1644 1518 1644 1543 1633 1547 1633 1554 1633 1630 1648 1632 1648 1634 1648 1635 1648 1650 1637 1771 1640 1773 1640 1775 1640 1807 1628 1807 1613 1806 1562 1768 1546 1766 1546 1764 1546 1661 1557 1550 1548 1548 1548 1547 1548 1516 1562 1510 1564 1490 1562 1440 1555 1438 1555 1393 1562 1364 1566 1347 1562 1313 1552 1311 1552 1309 1552 1262 1562 1233 1568 1164 1562 1124 1559 1123 1559 1068 1562 923 1572 865 1562 844 1559 842 1559 840 1559 831 1562 800 1575 739 1575 684 1562 668 1559 666 1559 543 1561 541 1561 539 1561 539 1562 512 1579 454 1579 385 1562 387 1631"/></Shape>
	    <String CONTENT="durchaͤchtung von not wegẽ ein end habẽ."
                    HPOS="385"
                    VPOS="1546"
                    WIDTH="1422"
                    HEIGHT="116"
                    WC="0.991310790890739"></String>
          </TextLine>
          <TextLine ID="eSc_line_df9374ec"
                    TAGREFS="LT117"
                    BASELINE="394 1711 1809 1704" 
                    HPOS="393"
                    VPOS="1633"
                    WIDTH="1416"
                    HEIGHT="103">
            <Shape><Polygon POINTS="394 1711 394 1725 740 1736 742 1736 744 1736 746 1736 746 1735 759 1724 760 1724 838 1724 840 1724 855 1735 856 1735 858 1735 860 1735 862 1735 894 1724 896 1724 898 1724 920 1735 922 1735 923 1735 1070 1724 1097 1735 1099 1735 1101 1735 1222 1733 1224 1733 1257 1722 1259 1722 1262 1722 1320 1733 1322 1733 1373 1722 1374 1722 1411 1733 1413 1733 1414 1733 1416 1733 1451 1722 1456 1720 1474 1720 1594 1731 1595 1731 1807 1718 1809 1704 1806 1653 1719 1649 1682 1633 1681 1633 1679 1633 1677 1633 1675 1633 1652 1653 1632 1653 1606 1633 1605 1633 1603 1633 1530 1633 1528 1633 1527 1633 1452 1653 1451 1653 1449 1653 1409 1635 1407 1635 1405 1635 1403 1635 1351 1653 1349 1655 1288 1655 1288 1653 1251 1635 1249 1635 1248 1635 1246 1635 1211 1646 1188 1635 1186 1635 1114 1635 1112 1635 1110 1635 1108 1635 1081 1653 1048 1637 1047 1637 978 1637 976 1637 974 1637 972 1637 943 1655 940 1657 833 1657 829 1655 775 1637 773 1637 771 1637 769 1637 768 1637 742 1655 739 1658 608 1658 605 1655 581 1639 579 1639 577 1639 576 1639 393 1655 394 1711"/></Shape>
	    <String CONTENT="vnd das jn kürcz. Dz ſÿ aber ein end haben"
                    HPOS="393"
                    VPOS="1633"
                    WIDTH="1416"
                    HEIGHT="103"
                    WC="0.9997499501982401"></String>
          </TextLine>
          <TextLine ID="eSc_line_c8e209a4"
                    TAGREFS="LT117"
                    BASELINE="389 1802 1809 1791" 
                    HPOS="387"
                    VPOS="1716"
                    WIDTH="1422"
                    HEIGHT="116">
            <Shape><Polygon POINTS="389 1802 391 1832 431 1816 449 1829 451 1829 452 1829 490 1831 503 1831 505 1831 507 1831 539 1816 554 1823 556 1823 557 1823 628 1814 751 1827 782 1829 784 1829 786 1829 788 1829 791 1825 806 1814 873 1812 1023 1812 1036 1821 1043 1827 1045 1827 1047 1827 1048 1829 1097 1829 1097 1827 1181 1825 1182 1825 1197 1818 1211 1812 1259 1818 1327 1825 1329 1825 1331 1825 1333 1825 1344 1816 1347 1814 1360 1816 1420 1823 1422 1823 1423 1823 1425 1823 1438 1814 1447 1809 1501 1812 1561 1818 1563 1818 1565 1818 1579 1812 1581 1811 1583 1812 1594 1821 1595 1821 1597 1821 1599 1821 1601 1821 1630 1811 1634 1809 1809 1807 1809 1791 1804 1716 1706 1729 1675 1718 1670 1716 1668 1716 1586 1716 1585 1716 1583 1716 1581 1716 1577 1720 1563 1731 1521 1720 1509 1718 1467 1718 1465 1718 1463 1718 1461 1718 1458 1722 1445 1731 1331 1724 1257 1720 1255 1720 1253 1720 1239 1725 1220 1733 1168 1727 1119 1722 1117 1722 960 1731 942 1731 940 1731 909 1722 907 1722 905 1722 844 1724 842 1724 840 1724 827 1733 822 1736 804 1733 746 1724 744 1724 643 1736 623 1738 619 1736 605 1729 603 1729 601 1729 599 1729 572 1738 570 1738 552 1725 550 1725 548 1725 547 1725 545 1725 519 1738 518 1740 387 1740 389 1802"/></Shape>
	    <String CONTENT="werd durch ein künftigen küng ďcriſtẽ vñ"
                    HPOS="387"
                    VPOS="1716"
                    WIDTH="1422"
                    HEIGHT="116"
                    WC="0.9966417990979695"></String>
          </TextLine>
          <TextLine ID="eSc_line_89d9964a"
                    TAGREFS="LT117"
                    BASELINE="389 1885 1807 1874" 
                    HPOS="387"
                    VPOS="1803"
                    WIDTH="1420"
                    HEIGHT="111">
            <Shape><Polygon POINTS="389 1885 389 1901 624 1901 626 1901 650 1914 652 1914 653 1914 655 1914 690 1901 692 1901 795 1901 797 1901 840 1914 842 1914 844 1914 903 1901 913 1899 914 1901 931 1912 932 1912 934 1912 936 1912 1061 1901 1097 1898 1112 1899 1148 1908 1150 1908 1206 1899 1224 1898 1242 1899 1306 1910 1307 1910 1396 1908 1398 1908 1416 1899 1420 1898 1425 1899 1452 1908 1454 1908 1456 1908 1458 1908 1483 1899 1490 1898 1496 1899 1525 1908 1527 1908 1528 1908 1530 1908 1559 1899 1570 1896 1577 1899 1592 1907 1594 1907 1595 1907 1807 1898 1807 1874 1804 1821 1733 1821 1733 1820 1708 1803 1706 1803 1704 1803 1619 1803 1617 1803 1615 1803 1572 1820 1566 1821 1561 1820 1507 1805 1505 1805 1503 1805 1402 1820 1389 1821 1384 1820 1340 1805 1338 1805 1336 1805 1335 1805 1333 1805 1309 1820 1304 1823 1297 1820 1268 1807 1266 1807 1264 1807 1146 1820 1094 1827 1025 1827 1009 1820 980 1809 978 1809 976 1809 873 1812 871 1812 849 1820 824 1829 742 1829 726 1820 710 1811 708 1811 706 1811 628 1820 545 1829 454 1829 432 1820 416 1812 414 1812 413 1812 411 1812 387 1818 389 1885"/></Shape>
	    <String CONTENT="das nach der groͤßten vnd letſten aͤngſtigü⸗"
                    HPOS="387"
                    VPOS="1803"
                    WIDTH="1420"
                    HEIGHT="111"
                    WC="0.9920931309461594"></String>
          </TextLine>
          <TextLine ID="eSc_line_4c7cbf34"
                    TAGREFS="LT117"
                    BASELINE="402 1963 1811 1956" 
                    HPOS="400"
                    VPOS="1892"
                    WIDTH="1411"
                    HEIGHT="96">
            <Shape><Polygon POINTS="402 1963 402 1988 476 1977 532 1986 541 1988 543 1988 554 1986 601 1977 675 1984 708 1988 710 1988 711 1988 724 1984 753 1975 764 1984 766 1986 768 1986 769 1986 771 1986 773 1986 784 1983 815 1975 858 1983 884 1986 885 1986 911 1981 945 1975 1027 1981 1106 1984 1108 1986 1380 1986 1380 1984 1382 1984 1413 1975 1454 1984 1456 1984 1619 1972 1626 1972 1632 1972 1742 1983 1744 1983 1811 1968 1811 1956 1807 1905 1742 1892 1740 1892 1739 1892 1715 1905 1713 1907 1552 1907 1478 1907 1425 1894 1423 1894 1422 1894 1420 1894 1403 1905 1316 1898 1315 1898 1313 1898 1280 1907 1255 1896 1253 1896 1251 1896 1172 1907 1106 1894 1105 1894 1103 1894 1065 1908 1059 1908 802 1896 800 1896 798 1896 797 1896 782 1905 673 1898 672 1898 670 1898 668 1898 648 1912 539 1912 523 1898 521 1898 519 1898 451 1898 449 1898 447 1898 400 1912 402 1963"/></Shape>
	    <String CONTENT="ge des criſtenlichen volcks wirt bewaͤrt mit"
                    HPOS="400"
                    VPOS="1892"
                    WIDTH="1411"
                    HEIGHT="96"
                    WC="0.991854801774025"></String>
          </TextLine>
          <TextLine ID="eSc_line_8149a5eb"
                    TAGREFS="LT117"
                    BASELINE="391 2048 1807 2037" 
                    HPOS="389"
                    VPOS="1965"
                    WIDTH="1418"
                    HEIGHT="108">
            <Shape><Polygon POINTS="391 2048 391 2068 538 2062 554 2068 567 2073 568 2073 570 2073 612 2068 644 2064 686 2068 744 2071 746 2071 748 2071 749 2071 757 2066 769 2061 824 2061 835 2066 847 2071 849 2071 851 2071 853 2071 855 2071 855 2070 862 2064 869 2059 1072 2062 1331 2068 1333 2068 1335 2068 1336 2068 1349 2059 1356 2055 1365 2059 1380 2066 1382 2066 1384 2066 1427 2059 1451 2055 1478 2059 1548 2066 1550 2066 1592 2057 1610 2053 1639 2057 1715 2064 1717 2064 1807 2053 1807 2037 1806 1977 1780 1965 1778 1965 1777 1965 1634 1979 1623 1979 1619 1979 1576 1965 1574 1965 1572 1965 1570 1965 1525 1979 1519 1983 1438 1983 1434 1981 1391 1966 1389 1966 1387 1966 1385 1966 1356 1981 1273 1968 1271 1968 1269 1968 1235 1983 1233 1984 1034 1984 1032 1984 1012 1970 1010 1970 1009 1970 1007 1970 943 1983 862 1970 860 1970 759 1986 722 1972 720 1972 719 1972 717 1972 695 1981 626 1972 624 1972 481 1988 456 1975 454 1975 452 1975 451 1975 449 1975 431 1990 389 1990 391 2048"/></Shape>
	    <String CONTENT="einer ſoͤlichen bewaͤrten geſchrift mit der jrẽ"
                    HPOS="389"
                    VPOS="1965"
                    WIDTH="1418"
                    HEIGHT="108"
                    WC="0.9855869226157665"></String>
          </TextLine>
          <TextLine ID="eSc_line_1ce69718"
                    TAGREFS="LT117"
                    BASELINE="396 2131 1809 2122" 
                    HPOS="394"
                    VPOS="2051"
                    WIDTH="1415"
                    HEIGHT="113">
            <Shape><Polygon POINTS="396 2131 396 2149 436 2162 438 2162 440 2162 547 2149 548 2149 567 2162 568 2162 570 2162 572 2164 634 2164 634 2162 635 2162 688 2147 690 2147 693 2147 733 2160 735 2160 737 2160 882 2146 894 2146 900 2146 958 2160 960 2160 961 2160 990 2146 996 2146 1128 2155 1130 2155 1132 2155 1157 2144 1275 2144 1413 2142 1414 2142 1465 2157 1467 2157 1469 2157 1530 2147 1757 2155 1759 2155 1760 2155 1809 2138 1809 2122 1806 2068 1759 2068 1735 2051 1733 2051 1731 2051 1730 2051 1641 2066 1621 2051 1619 2051 1617 2051 1561 2051 1559 2051 1481 2068 1277 2053 1275 2053 1273 2053 1239 2071 1177 2071 1155 2055 1153 2055 1152 2055 1150 2055 1059 2070 1030 2055 1028 2055 1027 2055 1025 2055 996 2066 963 2055 961 2055 960 2055 873 2057 871 2057 869 2057 845 2071 769 2062 768 2062 673 2073 507 2059 505 2059 503 2059 501 2059 480 2075 394 2075 396 2131"/></Shape>
	    <String CONTENT="außlegungen. Mlit der bewaͤrten geſchr ſſte"
                    HPOS="394"
                    VPOS="2051"
                    WIDTH="1415"
                    HEIGHT="113"
                    WC="0.990174627581308"></String>
          </TextLine>
          <TextLine ID="eSc_line_c1680e1b"
                    TAGREFS="LT117"
                    BASELINE="398 2214 1818 2207" 
                    HPOS="396"
                    VPOS="2138"
                    WIDTH="1422"
                    HEIGHT="109">
            <Shape><Polygon POINTS="398 2214 398 2231 585 2247 586 2247 588 2247 650 2231 695 2247 697 2247 699 2247 701 2247 749 2229 753 2229 764 2229 882 2245 884 2245 985 2229 989 2229 990 2229 1105 2245 1106 2245 1268 2234 1351 2243 1353 2243 1355 2243 1356 2243 1378 2227 1449 2236 1451 2236 1452 2236 1454 2236 1454 2234 1463 2225 1465 2225 1595 2225 1597 2225 1628 2238 1630 2238 1632 2238 1634 2238 1652 2229 1766 2236 1768 2236 1769 2236 1818 2224 1818 2207 1815 2155 1570 2155 1566 2151 1539 2140 1538 2140 1536 2140 1534 2140 1505 2151 1499 2155 1382 2155 1374 2151 1360 2138 1358 2138 1356 2138 1313 2138 1311 2138 1264 2149 1242 2155 1235 2149 1224 2142 1222 2142 1220 2142 1166 2138 1164 2138 1163 2138 1128 2149 1101 2158 1001 2158 985 2147 974 2140 972 2140 970 2140 969 2140 882 2147 818 2151 802 2146 786 2140 784 2140 782 2140 780 2140 762 2146 724 2158 655 2146 646 2144 644 2144 643 2144 639 2146 603 2158 568 2144 567 2144 565 2144 534 2142 532 2142 530 2142 528 2142 527 2144 509 2157 476 2144 471 2142 469 2142 467 2142 396 2142 398 2214"/></Shape>
	    <String CONTENT="Methodÿ. Deſſelben geſchrifft vnnd weꝛlt"
                    HPOS="396"
                    VPOS="2138"
                    WIDTH="1422"
                    HEIGHT="109"
                    WC="0.9982284569158787"></String>
          </TextLine>
          <TextLine ID="eSc_line_7416bf77"
                    TAGREFS="LT117"
                    BASELINE="398 2300 1811 2294" 
                    HPOS="396"
                    VPOS="2227"
                    WIDTH="1415"
                    HEIGHT="105">
            <Shape><Polygon POINTS="398 2300 398 2316 480 2316 545 2332 547 2332 548 2332 550 2332 592 2320 634 2329 635 2329 637 2329 657 2320 675 2332 677 2332 679 2332 681 2332 682 2332 719 2316 789 2316 833 2330 835 2330 836 2330 838 2330 871 2314 960 2330 961 2332 1121 2332 1121 2330 1123 2330 1153 2314 1192 2330 1193 2330 1195 2332 1338 2332 1338 2330 1420 2312 1480 2325 1481 2325 1563 2312 1608 2329 1610 2329 1612 2329 1614 2329 1663 2314 1695 2325 1697 2325 1699 2325 1811 2309 1811 2294 1807 2238 1374 2227 1373 2227 1307 2240 1306 2240 1242 2229 1240 2229 1239 2229 1237 2229 1222 2242 1220 2243 1076 2243 1074 2242 1057 2229 1056 2229 1054 2229 976 2229 974 2229 972 2229 970 2229 952 2242 715 2231 713 2231 711 2231 688 2242 659 2231 657 2231 655 2231 583 2243 552 2231 550 2231 548 2231 547 2231 545 2231 527 2245 396 2245 398 2300"/></Shape>
	    <String CONTENT="werdendtt deſt er oͤffter geſagt deſter merer"
                    HPOS="396"
                    VPOS="2227"
                    WIDTH="1415"
                    HEIGHT="105"
                    WC="0.9965955151451958"></String>
          </TextLine>
          <TextLine ID="eSc_line_8b7a2196"
                    TAGREFS="LT117"
                    BASELINE="409 2385 1820 2379" 
                    HPOS="407"
                    VPOS="2314"
                    WIDTH="1413"
                    HEIGHT="114">
            <Shape><Polygon POINTS="409 2385 409 2428 548 2414 568 2426 570 2426 572 2426 574 2426 802 2425 804 2425 845 2414 871 2426 873 2426 874 2426 876 2426 878 2426 913 2405 1101 2405 1153 2425 1155 2425 1157 2426 1157 2425 1159 2425 1193 2412 1315 2419 1316 2419 1385 2406 1405 2414 1407 2414 1409 2414 1503 2403 1538 2412 1539 2412 1541 2412 1586 2403 1619 2417 1621 2417 1623 2417 1624 2417 1679 2403 1759 2403 1815 2421 1820 2379 1815 2325 1722 2329 1715 2323 1702 2314 1701 2314 1699 2314 1697 2314 1626 2323 1586 2314 1585 2314 1583 2314 1581 2314 1561 2323 1550 2329 1534 2323 1501 2314 1499 2314 1349 2314 1347 2314 1345 2314 1344 2314 1329 2323 1315 2330 999 2323 900 2321 898 2321 884 2323 829 2330 775 2323 735 2318 733 2318 731 2318 711 2323 681 2330 661 2323 648 2318 646 2318 644 2318 643 2318 632 2323 614 2334 490 2334 407 2323 409 2385"/></Shape>
	    <String CONTENT="vnnd gr ſſerer er rewaͤrung iſt vnder cen"
                    HPOS="407"
                    VPOS="2314"
                    WIDTH="1413"
                    HEIGHT="114"
                    WC="0.9896459564930056"></String>
          </TextLine>
        </TextBlock>
      </PrintSpace>
    </Page>
  </Layout>
</alto>
