2417 3308
689 369 1443 119 gefragt. Ob das criſtenlich volck wurd eÿn

689 463 1435 110 gan jn ein ſtreÿt mit den türcken vor der en

678 540 1443 119 dung diſer durchaͤchtung. Vnd ob das alſo

681 630 1438 110 geſchaͤhe ob das criſt volck würd darniď lÿ

680 720 1441 108 gen jm ſtreit. Do ward geantwurt dz beiď

670 801 1452 112 leÿ wurd geſchehen vnd daz wirt bewaͤrett

670 882 1449 117 auß dẽ woꝛten methodij. Es wirt kei volck

670 962 1449 124 od reÿch vnď dẽ himel das ſÿ mit ſtreitẽ üb

669 1060 1457 110 er winden müg bis zuͦ ď zal d zeit ď viij wo⸗

667 1135 1457 116 chen ď jar. Auß diſer geſchrift wirt genom⸗

665 1223 1448 113 men das manigerleÿ krieg vnd ſtreÿt mitt

663 1295 1447 131 den türckẽ werdẽ voꝛ ď endꝛung di er peinÿ

667 1391 1443 119 gung mit d verluſt des ſigs genczlich oď eÿ

661 1475 1454 122 nes teÿls. Dz wirt darüb geſpꝛochen wenn

663 1558 1447 125 es iſt müglich das dz criſtenlich volcke auch

658 1641 1444 130 ein ſig behalt oď gewÿnn eins teils doch ni

659 1727 1440 121 mer gancz dz iſt dz es den türcken auß ſtrei

661 1806 1443 129 te vnd vtreÿb bis zuͦ diſer zal d jar. Daz iſt

659 1883 1438 142 auch erkaͤnt auß den offenbarungẽ des car

654 1971 1435 135 tuſers vo dẽ als obberuͤret iſt hat man ſeÿn

654 2063 1437 129 frag die er zuͦ criſto getan hat ob daz volck

658 2148 1428 125 jn dẽ künfti gẽ krieg vnd ſtreit wurd darni⸗

654 2232 1430 133 der lÿgen. dem auch geant wurtet ward. Es

654 2317 1419 154 Zy mmpte jm nicht zuͦ diſen zeÿten diſe ding
