2417 3308
694 323 1450 140 darauß kommet auf das mÿnnſt. das heÿle

702 406 1442 143 vnd beſſerung der ſelen. Darumb wider zuͦ

687 496 1454 138 kommen zuͦ der fürgelegten mainung ſo iſt

685 582 1459 136 erkannt das erſt das klaͤglich das da jn der

689 668 1444 140 voꝛgemelten ſchreÿbungen methodÿ iſt be⸗

700 755 1435 130 griffen gegen der groͤßten aͤngſtung des cri

681 845 1447 130 ſten lichen volcks koͤmpt auß ď groſſen miß

674 928 1450 134 hellung vnd vneinikeÿt ď herꝛn vnd auß d

678 1012 1448 136 ſelczamikeit des ſigs od victori die ſÿ jn dẽ

680 1100 1442 133 ſtreÿten haben mit dẽ türcken. Es mag au⸗

669 1181 1452 134 ch die drit vꝛſach ſein die groß voꝛcht jn dẽ

663 1268 1447 137 criſten nach ď geſchrift Außwendig wirt ſÿ

665 1358 1450 128 verwuͤßten das ſchwert vnd jnwendig die

674 1440 1437 134 voꝛcht welliche zweÿ ding wir ÿecz wol ſe

665 1521 663 112 hen vnď den criſten.

1503 1545 610 114 Von dẽ vꝛſpꝛuͦ

764 1609 1342 140 ge des küngs ď criſten durch den geendet

766 1692 1242 136 wirt die durchaͤchtung der criſtenheit

718 1766 1381 141 Das troſtlich woꝛt vnd ding das do be⸗

667 1841 1426 158 griffen wirt auß der obgemelten beſchreibuͦ

658 1927 1429 160 ge Methodÿ iſt auß dem teÿl des küniges

650 2021 1447 149 der criſten. Vonn dem geſchriben wirt Das

654 2102 1426 158 durch jn geendet werde dÿe gegenwertige

641 2183 1434 163 durchaͤtung. Des bewaͤrunge jn der geſchri

643 2265 1426 175 ffte peczund obberuͤrt iſt Doch iſt ÿeczen zuͦ
