2418 3310
688 367 1426 116 groſſen beſchendung vnd einem laſter auch

680 456 1434 115 zuͦ einer ſtraffung vnd keſtigunge ſo wirtt

675 546 1441 106 dur chaͤchtung ein ende nemen durch eÿnen

667 625 1443 116 mÿnnſten. Das iſt einer kleinen ſchaͤczung

671 711 1441 114 oď achtung vnd von dem man mÿnnď heltt

669 796 1441 110 auf ein ſoͤliche tat oď werck das dardurch er

669 877 1447 125 kenn das criſtenlich volck dÿſen künfftigen

675 967 1433 117 ſig allain von got zeſein vnd nit von den me

673 1051 1421 116 ſchen das iſt das er allein kommen ſeÿ auß

671 1136 751 107 menſchlichem gewalt.

1023 1217 791 116 Ein geſchrifſft von dem

969 1305 676 112 künig von Vngern.

752 1386 1345 127 Do ward gefragt von dem durch dẽ dÿe

666 1472 1437 118 durchaͤchtung ein ende wurd nemen ob maͤ

671 1557 1421 127 jn beſündern vnd beſtimmen moͤcht beÿ dez

673 1647 1422 123 gewiſen vnd rechten reÿch. Do ward geant

667 1734 1432 115 wurt wie wol das waͤr das etlich geſchriff⸗

664 1811 1420 127 ten ſagten von dem künig des vngerlands.

666 1892 1417 136 Doch wurd es kert jn einen czweÿfel ob ſÿ

667 1984 1425 116 geſagt heten von diſem oď von einem andn

655 2072 1437 123 künſftigen künig. Es ſteet allſo geſchriben

656 2157 1425 123 Ein dreÿeggoter ſtein als ein küßling wirt

658 2247 1415 121 ver woꝛffen werden jn ein haubt des egks.

660 2329 1428 135 wie wol er jn der haͤrbe ſeines auſſern lebes
