2381 3260
472 362 1314 117 Das fünft loͤblich werck iſt die bekoͤꝛüg

380 445 1421 123 der vngelaubigen menſchẽ durch die neüen

385 532 1414 118 verkündung vnd predigung des ewange⸗

384 619 1409 121 liums criſti gegen den neüen predigern. Dÿ

391 695 1411 130 ſer teÿl iſt auch obberuͤrt woꝛden da ma vǒ

385 784 1414 125 der neüen verkündung vnd pred igung des

389 883 1415 105 ewangelium auß der lerer mainung gehad

391 959 1417 116 let hat. Das ſechßt loͤblicheſt werck das

391 1045 1413 115 durch diſen künig mitſampt der bekoꝛunge

389 1124 1419 127 der vngelaubigen wirt auch werden eÿn er

387 1215 1425 110 neüerung der criſtenheyt. Von diſer materi

395 1296 1418 118 w rt vil vnd lang geſagt jn den offenbarü⸗

404 1372 1413 127 gen ſant Drigite jn den da gehandlet wirtt

400 1463 1417 121 von den neüen predigern vnd verkünderen

398 1550 1412 114 des ewangeliß vnd der bekoͤꝛung der vnge

400 1637 1421 114 laubigen vnd von der erwoͤlung der neüon

398 1716 1423 124 bꝛaut welliche die ding alle der voꝛgenaͤnt

407 1812 582 107 kümig thuͤͦn wirt.

590 1885 1136 118 Vnder dem ſelben künig wirt wer

505 1974 1143 110 den ein frid des geleÿchen voꝛmals

505 2071 547 98 npe geweſen iſt.

424 2135 1411 119 Das ſibend loͤblich werck iſt der fride vñ

418 2231 1408 119 eÿnigkeÿt auff der erden deßgeleÿchen voꝛ⸗

418 2310 1421 136 mals nit geweſeniſt. Dauon ſprichet auch
