2456 3322
753 287 1438 161 ſchen ſeind all fürnaͤmiſch vnwarhaft hof⸗

757 378 1433 157 fertig geÿcz ig rauber betruͤger die gepott

740 476 1439 151 gotes verachtent goczſchwerer got diende

733 557 1444 155 on ſtaͤtikeit alſo das ſÿ mer ſchand prin ged

727 642 1453 158 dann frucht ſÿ tragent kein guͦtes ebenbild

722 732 1453 152 ÿecz ſeind die prelaten vnd oͤberer hofferti⸗

720 823 1436 156 ge fürnaͤmiſch ſÿmoneÿer vnkeüſch geitig

727 913 1431 151 ſÿ den gelauben geſeczt jn der maß der zeÿt

705 994 1453 148 lichen vnd jrrdiſchen ding wenn jr gelaube

709 1075 1449 150 iſt ſo groß vnd ſchwaͤr die gült iſt. Sÿ ha⸗

696 1157 1453 160 ben wenig acht auf die ſoꝛg ď kirchen. Aaff⸗

705 1251 1444 147 wemg zuͦ ď perſon die wenig gibt zuͦ ď dÿe

698 1328 1442 159 vil gibt laffent ſÿ vaſt. Sj habent der ſoꝛge

686 1413 1437 170 die jn vil geben vnd vil verheiſſen vñ auf

686 1513 1444 151 ent halten ſÿ alſo on gejrꝛung das dÿe war

679 1581 1442 175 heit die da die vinſternuß nit ſuͦcht nit mag

674 1675 1447 163 an den tag koͤmen. Sÿ ſeind on gotes lÿebe

677 1756 1444 167 vnkeüſch freſſer vnd trincker traͤg am guͦt

675 1849 1441 166 tem wenn ſÿ halten nit meß ſÿ predigẽ nit

675 1928 1435 170 ſÿ geben nun aͤrgernuß. Die weltliche herrẽ

661 2024 1444 161 ſeind on liebe on barm herczikeit on guͦͤtig⸗

662 2096 597 129 keÿt vnd on frid.

1351 2140 743 128 Von dẽ geiſtlichen.

690 2186 1402 174 Von den geiſtlichẽ kürczlich zeredẽ ſo iſtt

644 2270 1438 188 keiner jn der gancze welt der ſein regel haltt
