2460 3289
281 389 1455 109 als er ſol ſÿ ſeind all zerſtoͤꝛt vnnd vol aͤr⸗

286 467 1437 121 gernuß. Sÿ ſeind woꝛden ein weg der ſel v̈

290 549 1431 117 dammuß die da ſolten ſein der weg des heÿ

286 632 1437 126 les ſÿ ſtellent nach eren aber nit nach ſitten.

292 716 1429 126 Die prieſter ſeind vnwiſſend fürnaͤmiſch ÿ

292 803 1431 121 ſpotter vngelert gleichßner den weiſen üb

286 884 1446 120 elredend geitig ſÿmoneÿer boͤſer dann dÿe

294 977 1433 117 juden vnkeüſch neÿdig vnd vnlauter dÿe

296 1061 1427 119 ganczen welt zerſtoͤꝛent ſy laffend bald na⸗

288 1149 1440 117 ch dẽ pfenning ſÿ ſeind aber langſam zuͦ dẽ

292 1235 1438 118 laff der tugent ſÿ ſeind hoͤꝛt on all barmcher

290 1326 1437 117 czikeÿt. Sj haben vil waffen vnnd wenige

290 1408 1437 114 buͤcher. Sj ſeind vnweiß claffer vñ vnwar

294 1487 1436 117 haft. Die criſtenheit freüet ſich wenn ſÿ ein

290 1578 1448 110 en andechtigen vnder tauſenten fnnde wenn

292 1662 1440 119 der ſelb waͤr ÿe lieb zehalten aber nit heÿm

303 1754 1431 111 zeſuͦchen voꝛauß von den frauen. Darumbe

297 1843 1435 115 ſprech wir laÿder das die pꝛopheceÿ war

305 1927 1431 104 ſeÿ woꝛden die da ſpricht wie iſt das golde

301 2008 1438 109 ſo tunckel woꝛden die beſt farb iſt verwan

297 2086 1437 121 delet die ſtein des heiligẽ hauß ſeind zerſtraͤ

301 2179 1433 115 et jn dem haubt aller gaſſen. Die woꝛt ſeide

310 2265 1424 121 geſchriben jn dem buͦch der traͤhed jm imj ca⸗

310 2353 1422 124 wann das golde des guͦtten lebens das iſtt
