2456 3302
726 374 1449 148 perplichen jn der welt die peſt farb iſt alle

725 467 1440 134 verwandlet das iſt die ewangeliſch ler dÿe

706 544 1456 151 da die ſelen ferbt mit manigen farben dz iſt

701 647 1463 123 mit tugenten die iſt verwandlet wenn dÿe

708 724 1456 145 außlegung der heÿligen geſchriſt hat ÿeczẽ

697 816 1459 137 ein natürliche od philoſopiſce farb ÿecz ein

701 898 1450 149 getichte oď poetiſche farb alſo das ſÿ ÿeczẽ

695 988 1458 132 all Tulium vnd Ariſtotilem predigen. Vnd

701 1076 1442 134 jr gar wenig ſeind die das ewangelj vnnd

693 1153 1450 138 die bibel predigent. Die ſtein des heÿligen

688 1241 1465 144 tem pels ſeind zerſtreüet jn dem haubte der

703 1320 1439 154 gaſſen. Wenn diſe ſtein ſeind die geiſtlichen

699 1412 1435 147 vnd weiſen die da ſolten beſchirmen die ſta

684 1495 1465 157 te das iſt die criſtenheit voꝛ den teüfeln mit

679 1583 1457 143 den ſteinen das iſt mit den bewaͤrten außle⸗

686 1669 1441 141 gungen der heyligen geſchrift predigen wi

677 1750 1448 143 der die ſünd die da zerſtraͤet ſeind durch die

697 1832 1430 151 gaſſen der weltlichen herꝛen das ſÿ jnn ſelbs

680 1924 1441 147 gewÿnnen weltlich wirdikeÿt. Wenn man

671 2098 1441 140 gen cloͤſtern ſunder mer an der groſſen herꝛn

794 2190 1309 128 f. Einer iſt des küniges beichtuater d an

666 2267 1435 145 der der kÿnigin ein er des herczogen ď ander

671 2351 1430 171 der herczogin einer des graſfen ď and ď graͤ.
