2460 3288
358 447 1451 106 ſin. Vnd alſo ſeind des heiligen tempels ſtei

360 529 1445 110 zer ſreaͤet das iſt ď heiligen kirchen durch di

365 611 1444 116 ſe gaſſen das wir die woꝛt jm buͦch ď traͤher

363 697 1437 121 geſchriben am iij ca wol mügen ſprechen.

361 789 1444 106 Wir ſeÿen woꝛden waÿſen on ein vater vn

350 865 1442 112 ſer muͦter ſeind als die wittib wir haben ge

356 953 1435 100 truncken vnſer waſſer vmb das gelt vnnd

360 1041 1440 106 vnſer holcz haben wir vmb gelt kauft. Wiꝛ

360 1127 1432 106 ſeÿen woꝛden waÿſen on ein vater das iſtt

354 1209 1437 109 on ein einigen kirchhirten Auch ſeind vnſer

360 1302 1432 102 ſelen ſeind on ein geiſtlichen vater wan es

361 1386 1437 102 iſt ÿecz vnmüglich daz ein weib die got die

356 1470 1438 95 nen will ÿecz vnder zehen ein geiſtlichen va

360 1547 1431 98 ter. Es ſeind auch vnſer muͦter als die witt

358 1627 1438 115 wen das iſt die geiſtlichen wirdikeit ſeÿnde

358 1722 1440 106 die witwen. Eintweď ſÿ haben nit regierer

363 1810 1435 106 oď die regierer haben kein oď klein ſoꝛg vñ

358 1894 1436 109 acht ď ſelen. Es hat kein biſchof ſoꝛg ď ſelen

365 1981 1427 101 ſeins biſtübs noch kein pfaꝛrer ſeiner pfarꝛ

360 2064 1434 100 leüt. Sunder das da boͤſer iſt die regierer au

361 2149 1431 112 ch pfaꝛrer ſeind jn abweſen wenn iſt ſache

363 2241 1429 104 das man etlich werd vnd gelert jn ď geſchri

371 2323 1420 110 fte vindt ſo beſiczen ſÿ jr kirchen nit ſeczent

363 2411 1422 120 darauf vnwiſſent vnd vngelert vicarj. Vu
