2456 3302
613 447 1459 130 achtendt nicht ob die ſezuckenden wolf jrer

622 535 1454 130 vndercan ſelen zucken t. Item vnſer waſſer

624 621 1448 132 vmb gelt getruncken. Diß waſſer iſt die ge

625 702 1452 143 nad des heiligen geiſtes oď die kraft die da

633 792 1444 138 geben wirt jn den ſacramentẽ durch die die⸗

624 882 1457 134 ner der kirchen der prieſter. Nun habẽ wÿr

627 970 1456 123 das waſſer vmb gelt trunchen das iſtt dÿe

629 1051 1456 126 mitteilung der ſacrament durch die da dÿe

640 1137 1443 132 geiſtlich kraſt vnd genad geben wirt wer⸗

633 1225 1452 125 den wir genoͤt zekauffen vmb gelt wẽnn es

638 1307 1443 131 iſt ÿecz vnder tauſenten nit einer der da frej

638 1390 1447 132 vnd williklich die ſacrament miteilen woͤll.

638 1480 1445 134 er ſeÿ dann heimlich od offenlich ein ſÿmo⸗

640 1570 1459 128 neÿer das iſt jm gemuͦt od leiplich. Dẽn võ

647 1651 1445 121 dem maÿſten pis zuͦ dem mÿnnſten fleÿſſen

657 1731 1437 134 ſÿ ſich all der geitikeit vnd ſÿmonej vñ alſo

651 1821 1447 127 iſt die gancz welt geſeczt in verſamnuß vñ

651 1905 1443 125 verhoͤꝛtung wenn es will ſich niemant beyß

651 1994 1448 130 ſern ſunder ſÿ hoͤꝛten jn den ſünden dann dz

653 2076 1437 127 eÿſen. Alſo mügen wir wol ſprechen Dz eÿ

657 2159 1442 130 ſen das iſt die verhoͤꝛtung der ſünd iſt dur

658 2241 1441 129 chgangen jr ſelen das iſt eins ÿecklichen boͤ

666 2333 1439 119 ſen criſten. Aber das eiſen wirt gedemuͦͤtiget

664 2421 1428 136 durch das feüer vnnd die ſchleg der haͤmer
