2460 3264
415 427 1422 111 ſÿ alſo vnuerſert das ein lock von eym har

397 514 1444 107 nit geleczt ward als die bibel claͤrlich auß⸗

399 603 1438 102 weÿßt. Diſer abgot des künigs Nabucho⸗

397 689 1440 107 donoſoꝛ iſt ď gemiſcht endecriſt er wirt groͤ

395 770 1440 109 ſer wet den jn der paͤpſtlichen wirdikeit dẽn

388 864 1447 91 keiner nÿe geweſen iſt vom anfang ď criſtẽ

388 932 1444 110 heit bis heüt es wirt auch kein ſoͤllicher mer

397 1026 1431 101 jn der wirdikeit bis an das ende ď welt. Er

390 1109 696 113 wirt der letſt papſt

1400 1115 432 110 Ven dem

488 1202 1135 103 ge walt des verm iſchten endecriſt.

380 1282 1446 116 Ich ſprich nit das er papſt werd Sunder

380 1372 1443 105 wirt auffgericht als ein abgot wiď den rech

380 1456 1455 92 ten papſt. Vnd das wirt das vierd boͤß tier

384 1528 1439 107 da s da von dem moͤꝛ auff ſtan wirt vnd ſo

386 1613 1439 118 jr die ding werdẽ ſehen ſo ſoͤlt jr gelaubẽ dz

375 1706 1448 110 kürczlich darnach ſo er geſtoꝛben iſt ď laut⸗

375 1798 1446 98 ter endecri ſt offen bar wirt von dem das na⸗

373 1882 1446 105 chuolgent capitel redt als jch darnach wÿll

386 1963 223 96 ſagen.

809 1969 1001 100 Was Nabuchodonoſoꝛ ſeÿ.

397 2043 1417 109 Hie wirt aufgetan die heÿmlicheit nabu

368 2132 1447 112 chodonoſor iſt als vil geſpꝛochen als ein ſi

368 2226 1438 102 czender jn der erkaunten angſt cď ein ſiczüg

371 2312 1432 105 jn der erkanntnuß ď angſt oď ein weiſſager

373 2393 1417 114 des zaichen diſer welt Vnd diſer Nabucho⸗
