2460 3264
308 427 1457 111 wirt die ſelb ſchlang an jr ſelbs vnnd rechte

308 513 1453 110 nit ſeine wappen als die ſchlang an jr ſelbs

308 596 1455 111 nit was das wappen luciferi ſunder die pil

308 683 1449 111 dung der triualtikeÿt was des lucifers wa

308 768 1448 107 pen welliche pildung er verloꝛn hat durch

306 846 1453 113 die ſünd der hoffart die er jm himel empfien

341 926 1411 114 ze da er ſich dem almaͤchtigen got jn gwalt

315 1010 1439 125 geleÿch wolt machen. Alſo wirt diſer fürſtt

308 1098 1446 126 ein ſchlangen für ſein wappen tragen. Dye

310 1191 1446 103 wirt vns bedeüten den val der menſchlichen

308 1274 1449 107 natur vnd das ende der welt das da ſol ſein

312 1358 1449 110 von wegen der ſchlagen. In dem der teüfell

308 1434 1444 112 die welt betrogen hat. Vnd diſer groß für⸗

319 1523 1437 101 ſte wirt machen ein abgot wenn er wirt ſel

306 1606 1455 114 ter ein boͤſen papſt machen wider den rechtẽ

313 1697 1443 114 papſt als Nabuchodonoſoꝛ wider got ma⸗

310 1787 1444 104 chet vnd wirt jn ſeczen mitten jn das velde

310 1874 1438 102 des landes zuͦ babiloni das iſt der ſchendug

312 1960 1259 98 wann es wirt nun ein ſchand werden.

712 2036 884 101 Nun merck wer den abgot

618 2121 590 118 auffrichten werd.

399 2203 1353 116 Er wirt zeſamẽ ſamlen all natürlich mai

317 2299 1430 112 ſter all ſternſeher fürſten herczogen freÿen

328 2388 1431 125 vnd graffen das ſÿ den abgot aufſrichte nit
