2460 3264
333 408 1443 108 ſche menſchen da ſeind miſach das iſt dzrei⸗

324 489 1446 109 che Schotten dann es ſeind leüt eins fꝛoͤlich

324 574 1450 104 en autlücz vnd abdenago das iſt das Arꝛo⸗

328 656 1438 120 goniſch reÿch wann es ſeind ſtill menſchen.

331 741 1435 118 vnd nit fꝛoͤlich ſunder zoꝛnig als die jr boß⸗

326 826 1439 109 heit lang jn dem herczen behalten vnnd tür

324 908 1442 112 ren die nit offenbaren ſunder ſÿ ſchweÿgent

328 1002 1437 95 von traurikeÿt wegen vnd die dreü reÿche

326 1080 1430 116 haben den abgot nit anbetet der czuͦ piſa ge

322 1171 1446 112 macht ward. Ein antwurt Ich ſpriche

330 1262 1433 99 das man es nit von dem verſtat dañ es war

326 1343 1439 105 de die pein des todes nit aufgeſeczt den dÿe

324 1419 1430 116 jn nit anbeteten als da geſchahe beÿ Nabu⸗

270 1503 1496 116 chodonoſoꝛ der do ein figur des gemiſchtẽ

322 1590 1446 116 endecriſt geweſen iſt. Die ander frag iſt

330 1679 1433 116 das vil leüt ſprechen das diſe ſigur wirtt er

326 1768 1437 116 fült werden jn dem lauterm endecriſt der ſich

324 1855 1433 108 wirt laſſen anbetẽ als got. Die antwurt jch

333 1934 1426 113 ſag das ſÿ von dẽ endecriſt nit vſtandẽ wer⸗

326 2014 1435 109 dendt den es wirt jn kein menſch aufrichten

326 2101 1431 120 noch machen als nabuchodonoſoꝛ d abgot

324 2188 1428 118 hat leüt gehabt die jn haben gemachet vnd

328 2281 1424 101 aufgericht weann ď lauter endecriſt wirt ſich

337 2362 1410 125 ſelbs anbetẽ laſſen als got auß ď eingebüg
