2460 3264
293 408 1446 125 werdent auch etlich auß vnwiſſenheitt von

290 487 1455 129 der auſſern heilikeit des gemiſchten endecriſt

288 574 1448 131 be trogen vnd der abgot wirt ſiben elenpo⸗

297 658 1444 138 gen hoch das iſt ſiben gewaltig fürſten dÿe

297 750 1446 124 da über die ganczen criſtenheit vnnd welte

293 832 1446 129 herꝛſchen werden die werden jm gehoꝛſam.

302 913 1441 122 vnd werdent für jn ſtreÿten wider den rech

299 1002 1448 129 ten papſt wann ob nit ein rechter papſt wi

299 1088 1448 128 der diſen würde ſo bederft maͤ die vngehoꝛ

304 1173 1448 139 ſamen nit toͤten wann wo ď recht papſt vñ

302 1267 1450 118 warer gelaub iſt da iſt nit not die peÿn des

302 1352 1452 116 todes. Es wirt aber wider diſen abgot eÿn

306 1430 1446 124 ander warer papſt ſein jn den wirt das czuͦ

308 1512 1446 129 dem leſten gelauben Vnd vmb das man daz

315 1606 1448 120 volck von dem gelauben des waren rechten

317 1690 1444 137 papſtes müg enziehen ſo wirt es geſchehen

319 1784 1440 123 jn dreÿ weÿß. Jn wellichen man die vnge⸗

322 1871 1439 114 hoꝛſamen toͤtten wirt. Zuͦ dem erſten wer⸗

322 1960 1443 110 dent die herczen der menſchen enzogen vonn

322 2030 1443 129 dem rechten papſt von voꝛcht wegen. Zuͦm

322 2117 1439 129 andern die leib von ſchrecken wegen. Zuͦ dẽ

330 2212 1438 123 dritten die zeitlichen guͦter von liebe wegen

331 2295 1445 127 des gelts. Sÿ werdẽ ſich aber nit lang fraͤu

335 2388 1433 128 en von des zeitlichen guͦts wegen. Vnd das
