<?xml version="1.0" encoding="UTF-8"?>
<alto xmlns:xsi="http://www.w3.org/2001/XMLSchema-instance"
      xmlns="http://www.loc.gov/standards/alto/ns-v4#"
      xsi:schemaLocation="http://www.loc.gov/standards/alto/ns-v4# http://www.loc.gov/standards/alto/v4/alto-4-2.xsd">
  <Description>
    <MeasurementUnit>pixel</MeasurementUnit>
    <sourceImageInformation>
      <fileName>39_c0fd2_default.jpg</fileName>
      <fileIdentifier>https://api.digitale-sammlungen.de/iiif/image/v2/bsb00034304_00040/full/full/0/default.jpg</fileIdentifier>
    </sourceImageInformation>
  </Description>
  <Tags>
    <OtherTag ID="BT1" LABEL="Title" DESCRIPTION="block type Title"/><OtherTag ID="BT2" LABEL="Main" DESCRIPTION="block type Main"/><OtherTag ID="BT3" LABEL="Commentary" DESCRIPTION="block type Commentary"/><OtherTag ID="BT4" LABEL="Illustration" DESCRIPTION="block type Illustration"/><OtherTag ID="BT279" LABEL="text" DESCRIPTION="block type text"/>
    <OtherTag ID="LT117" LABEL="default" DESCRIPTION="line type default"/>
  </Tags>
  <Layout>
    <Page WIDTH="2456"
          HEIGHT="3302"
          PHYSICAL_IMG_NR="39"
          ID="eSc_dummypage_">
      <PrintSpace HPOS="0"
                  VPOS="0"
                  WIDTH="2456"
                  HEIGHT="3302">
        <TextBlock HPOS="638"
                   VPOS="425"
                   WIDTH="1509"
                   HEIGHT="2112"
                   ID="eSc_textblock_6905f117"
                   TAGREFS="BT279">
          <Shape><Polygon POINTS="697 425 2147 469 2118 1935 2066 1972 1802 2010 1848 2069 2103 2105 2088 2537 748 2522 638 2493 653 939 668 484 697 425"/></Shape>
          <TextLine ID="eSc_line_fe2ffc35"
                    TAGREFS="LT117"
                    BASELINE="695 493 1152 517 2132 531" 
                    HPOS="693"
                    VPOS="425"
                    WIDTH="1439"
                    HEIGHT="138">
            <Shape><Polygon POINTS="2127 467 2109 467 2090 467 2072 465 2054 465 2035 465 2030 464 1986 467 1978 462 1962 462 1943 462 1925 462 1907 462 1888 460 1870 460 1852 460 1833 458 1815 458 1797 458 1778 456 1760 456 1751 456 1732 462 1723 456 1723 456 1705 454 1686 454 1668 454 1650 453 1631 453 1613 453 1595 451 1580 451 1538 458 1486 458 1472 449 1468 447 1466 447 1448 447 1429 447 1413 445 1406 447 1369 454 1327 445 1317 443 1301 443 1283 442 1264 442 1246 442 1228 440 1209 440 1191 440 1172 438 1169 438 1161 443 1150 451 1116 451 1064 449 1053 442 1040 434 1026 434 1015 434 1004 440 1002 440 901 431 897 431 879 431 860 429 842 429 824 429 794 436 783 440 780 436 769 427 769 427 750 425 748 425 695 434 695 493 693 515 963 520 980 531 982 531 983 531 985 531 987 531 1007 522 1053 541 1055 541 1114 542 1228 544 1229 544 1231 544 1255 533 1281 546 1283 546 1284 546 1444 531 1446 531 1448 531 1461 541 1462 541 1464 541 1466 541 1519 537 1536 550 1538 550 1540 550 1541 550 1663 539 1707 554 1708 554 1710 554 1712 554 1769 539 1945 559 1947 559 1949 559 2006 544 2065 563 2066 563 2068 563 2070 563 2131 544 2132 531 2131 467 2127 467"/></Shape>
	    <String CONTENT="werden die geiſtlichen der kirchen tuͦn doch"
                    HPOS="693"
                    VPOS="425"
                    WIDTH="1439"
                    HEIGHT="138"
                    WC="0.995825932784514"></String>
          </TextLine>
          <TextLine ID="eSc_line_60707be5"
                    TAGREFS="LT117"
                    BASELINE="690 590 2136 616" 
                    HPOS="690"
                    VPOS="513"
                    WIDTH="1446"
                    HEIGHT="132">
            <Shape><Polygon POINTS="690 590 690 620 791 609 930 621 932 621 934 621 936 621 950 612 985 625 987 625 989 625 993 625 1077 618 1273 631 1321 632 1323 632 1338 631 1393 623 1435 632 1444 634 1446 634 1448 634 1451 632 1475 621 1545 634 1558 636 1560 636 1562 636 1567 634 1613 623 1701 638 1721 640 1723 640 1734 638 1767 631 1824 640 1844 642 1846 642 1857 640 1907 629 1927 642 1929 642 1931 642 1932 642 1934 642 1938 642 1975 631 2020 642 2031 645 2033 645 2035 645 2134 643 2136 616 2134 561 2083 561 2081 559 2057 539 2055 539 2054 539 2052 539 2050 539 2017 555 2013 557 1905 557 1897 552 1875 537 1874 537 1872 537 1826 533 1727 533 1725 533 1723 533 1694 544 1659 531 1657 531 1655 531 1653 531 1626 542 1607 550 1573 541 1529 531 1527 531 1525 531 1523 531 1510 539 1495 548 1350 537 1349 537 1347 537 1312 546 1284 531 1268 524 1266 524 1264 524 1262 524 1240 530 1198 542 1150 533 1149 533 1106 542 1070 528 1068 528 1066 528 1002 535 875 520 873 520 871 520 840 533 798 515 794 515 792 515 690 513 690 590"/></Shape>
	    <String CONTENT="ſÿ werden darnach beraubt als jch hernache"
                    HPOS="690"
                    VPOS="513"
                    WIDTH="1446"
                    HEIGHT="132"
                    WC="0.9861687241598617"></String>
          </TextLine>
          <TextLine ID="eSc_line_21b3f96e"
                    TAGREFS="LT117"
                    BASELINE="699 676 1268 691 2125 698" 
                    HPOS="699"
                    VPOS="607"
                    WIDTH="1426"
                    HEIGHT="121">
            <Shape><Polygon POINTS="699 676 699 704 1060 700 1095 708 1101 709 1103 709 1105 709 1123 709 1180 704 1198 709 1222 717 1224 717 1400 719 1402 719 1404 719 1406 719 1417 711 1418 709 1422 711 1431 719 1433 719 1435 719 1437 719 1626 713 1653 713 1655 713 1675 722 1677 722 1679 722 1773 715 1815 711 1831 715 1864 724 1866 724 1868 724 1954 717 1989 713 2009 717 2063 728 2065 728 2123 717 2125 698 2123 625 2090 625 2088 625 2087 625 2085 625 2052 647 1995 647 1892 645 1861 621 1859 621 1857 621 1855 621 1853 621 1852 621 1826 643 1729 643 1653 642 1595 618 1593 618 1591 618 1589 618 1525 632 1510 620 1508 620 1507 620 1505 620 1503 620 1468 632 1433 616 1431 616 1429 616 1428 616 1371 625 1325 616 1323 616 1321 616 1281 636 1228 636 1198 618 1196 618 1194 618 1193 618 1191 618 1154 632 1117 612 1116 612 930 610 928 610 926 610 901 623 805 609 803 609 802 609 774 623 754 607 752 607 750 607 699 607 699 676"/></Shape>
	    <String CONTENT="ſagen will. Vnd zuͦ dem letſten werden auß"
                    HPOS="699"
                    VPOS="607"
                    WIDTH="1426"
                    HEIGHT="121"
                    WC="0.9933845287277585"></String>
          </TextLine>
          <TextLine ID="eSc_line_ec8b1d35"
                    TAGREFS="LT117"
                    BASELINE="688 755 2129 786" 
                    HPOS="686"
                    VPOS="693"
                    WIDTH="1443"
                    HEIGHT="126">
            <Shape><Polygon POINTS="688 755 686 774 792 779 809 792 811 792 813 792 814 792 921 783 950 796 952 796 954 796 1092 785 1196 801 1198 801 1264 788 1288 803 1290 803 1292 803 1294 803 1439 792 1444 792 1446 792 1462 807 1464 807 1466 807 1538 808 1540 808 1541 808 1584 796 1646 808 1648 808 1650 808 1674 797 1765 797 1767 799 1804 812 1806 812 1808 812 1852 805 1875 816 1877 816 1879 816 2024 810 2052 819 2054 819 2055 819 2127 807 2129 786 2129 719 2008 717 2006 717 2004 717 2002 717 1975 735 1953 715 1951 715 1949 715 1947 715 1943 715 1791 731 1674 726 1657 711 1655 711 1653 711 1652 711 1650 711 1606 728 1538 728 1437 724 1411 706 1409 706 1407 706 1406 706 1404 706 1385 715 1328 704 1327 704 1325 704 1323 704 1277 715 1193 700 1172 698 1171 698 1169 698 1167 698 1165 700 1141 719 1114 719 976 697 941 693 939 693 937 693 923 697 862 711 688 693 688 755"/></Shape>
	    <String CONTENT="der ganczen criſtenheit nun ein wenig criſtẽ"
                    HPOS="686"
                    VPOS="693"
                    WIDTH="1443"
                    HEIGHT="126"
                    WC="0.9840465784072876"></String>
          </TextLine>
          <TextLine ID="eSc_line_a7401d5d"
                    TAGREFS="LT117"
                    BASELINE="677 838 1294 864 2127 869" 
                    HPOS="675"
                    VPOS="774"
                    WIDTH="1452"
                    HEIGHT="128">
            <Shape><Polygon POINTS="677 838 675 862 737 878 739 878 741 878 772 867 811 880 813 880 814 880 939 869 1068 873 1086 886 1088 886 1090 886 1207 887 1209 887 1211 887 1235 876 1261 887 1262 887 1264 887 1266 887 1268 887 1286 876 1354 891 1356 891 1503 880 1679 897 1681 897 1896 887 1949 900 1951 900 1953 900 2011 889 2068 902 2070 902 2125 889 2127 869 2127 810 1973 799 1971 799 1969 799 1967 799 1960 805 1942 816 1841 816 1826 801 1819 796 1817 796 1815 796 1775 796 1773 796 1771 796 1769 796 1763 799 1743 812 1642 812 1595 796 1580 792 1578 792 1576 792 1574 792 1565 796 1534 807 1418 797 1417 797 1373 805 1354 790 1352 790 1350 790 1349 790 1347 790 1257 803 1226 786 1222 785 1220 785 1218 785 1207 786 1160 797 1132 785 1128 783 1127 783 1125 783 1114 785 1077 790 1066 783 1064 781 1062 781 1060 781 1059 781 1044 783 932 796 886 779 884 779 882 779 881 779 833 794 813 777 811 777 809 777 677 774 677 838"/></Shape>
	    <String CONTENT="beleÿben die diſen abgot nit werden anbetẽ."
                    HPOS="675"
                    VPOS="774"
                    WIDTH="1452"
                    HEIGHT="128"
                    WC="0.9983632604281107"></String>
          </TextLine>
          <TextLine ID="eSc_line_8b8b941d"
                    TAGREFS="LT117"
                    BASELINE="684 931 1297 952 2125 959" 
                    HPOS="682"
                    VPOS="864"
                    WIDTH="1443"
                    HEIGHT="126">
            <Shape><Polygon POINTS="684 931 682 952 791 953 811 966 813 966 814 966 816 966 818 966 853 955 855 955 960 955 961 957 989 975 991 975 993 975 994 975 1088 961 1110 977 1112 977 1114 977 1116 977 1117 977 1154 963 1281 981 1283 981 1484 975 1499 985 1501 985 1503 985 1505 985 1696 970 1809 990 1811 990 1866 979 1943 990 1945 990 1947 990 2008 975 2079 988 2081 988 2083 988 2123 975 2125 959 2125 893 1881 880 1879 880 1841 889 1826 891 1809 887 1758 878 1756 878 1664 886 1624 889 1602 886 1547 875 1545 875 1343 882 1284 884 1279 882 1261 869 1259 869 1257 869 1255 869 1191 880 1178 882 1174 880 1150 867 1149 867 1147 867 1095 876 1071 865 1070 865 1011 865 1009 865 1007 865 1005 865 989 878 987 878 893 878 892 876 860 864 859 864 857 864 855 864 818 875 684 875 684 931"/></Shape>
	    <String CONTENT="von durchaͤchtung vnd pein wegen die do"
                    HPOS="682"
                    VPOS="864"
                    WIDTH="1443"
                    HEIGHT="126"
                    WC="0.9936644587761316"></String>
          </TextLine>
          <TextLine ID="eSc_line_abe39bd9"
                    TAGREFS="LT117"
                    BASELINE="692 1019 2125 1047" 
                    HPOS="692"
                    VPOS="950"
                    WIDTH="1433"
                    HEIGHT="121">
            <Shape><Polygon POINTS="692 1019 692 1041 813 1041 824 1043 882 1054 884 1054 934 1045 945 1043 1013 1045 1266 1058 1268 1058 1270 1058 1284 1051 1286 1051 1361 1063 1363 1063 1365 1063 1402 1052 1404 1052 1406 1052 1464 1065 1466 1065 1688 1062 1743 1071 1745 1071 2123 1063 2125 1047 2125 975 1995 972 1993 972 1991 972 1989 972 1989 974 1960 996 1934 996 1802 992 1754 970 1743 966 1741 966 1740 966 1697 970 1576 981 1512 968 1486 963 1484 963 1483 963 1473 966 1444 983 1384 983 1363 968 1361 968 1360 968 1358 968 1356 968 1328 981 1235 981 1194 964 1171 955 1169 955 1167 955 1119 963 1044 975 937 975 890 961 851 950 849 950 848 950 692 957 692 1019"/></Shape>
	    <String CONTENT="geſchehen wirt von den ſechs fürſten auß dẽ"
                    HPOS="692"
                    VPOS="950"
                    WIDTH="1433"
                    HEIGHT="121"
                    WC="0.978283399885351"></String>
          </TextLine>
          <TextLine ID="eSc_line_fa715906"
                    TAGREFS="LT117"
                    BASELINE="677 1098 1281 1117 2127 1126" 
                    HPOS="677"
                    VPOS="1034"
                    WIDTH="1450"
                    HEIGHT="123">
            <Shape><Polygon POINTS="677 1098 677 1133 860 1122 1026 1135 1027 1135 1207 1130 1224 1139 1228 1142 1229 1142 1231 1142 1284 1144 1286 1144 1310 1139 1332 1135 1360 1141 1395 1146 1396 1146 1398 1146 1400 1146 1407 1141 1418 1133 1475 1133 1585 1142 1705 1152 1707 1152 1752 1144 1771 1141 1784 1144 1815 1153 1817 1153 2092 1157 2094 1157 2096 1157 2125 1146 2127 1126 2125 1058 1978 1058 1976 1058 1975 1058 1920 1073 1819 1073 1791 1052 1789 1052 1787 1052 1786 1052 1784 1052 1780 1052 1729 1069 1701 1052 1699 1051 1697 1051 1696 1051 1694 1051 1692 1051 1685 1052 1628 1067 1602 1051 1600 1049 1598 1049 1596 1049 1595 1049 1582 1051 1538 1062 1519 1051 1518 1049 1516 1049 1514 1049 1512 1049 1510 1049 1505 1051 1483 1056 1468 1049 1462 1047 1461 1047 1459 1047 1420 1049 1367 1052 1325 1049 1281 1043 1279 1043 1277 1043 1275 1043 1270 1047 1250 1062 1187 1062 1160 1047 1158 1045 1156 1045 1154 1045 1145 1045 1081 1058 1042 1045 1033 1041 1031 1041 1029 1041 1015 1045 972 1056 877 1056 840 1043 820 1036 818 1036 816 1036 814 1036 800 1041 792 1045 783 1041 763 1034 761 1034 759 1034 677 1040 677 1098"/></Shape>
	    <String CONTENT="ſiben von den der groß Nabuchodonoſoꝛ ſi"
                    HPOS="677"
                    VPOS="1034"
                    WIDTH="1450"
                    HEIGHT="123"
                    WC="0.9796626031398773"></String>
          </TextLine>
          <TextLine ID="eSc_line_ae7c640e"
                    TAGREFS="LT117"
                    BASELINE="675 1185 2116 1212" 
                    HPOS="673"
                    VPOS="1117"
                    WIDTH="1443"
                    HEIGHT="124">
            <Shape><Polygon POINTS="675 1185 673 1201 712 1216 714 1216 715 1216 770 1205 1018 1221 1020 1221 1022 1221 1055 1210 1084 1223 1086 1223 1156 1225 1158 1225 1226 1214 1444 1230 1446 1230 1552 1221 1670 1234 1672 1234 1674 1234 1710 1223 1752 1236 1754 1236 1756 1236 1819 1227 1848 1238 1850 1238 1852 1238 1921 1227 2009 1229 2033 1241 2035 1241 2037 1241 2114 1229 2116 1212 2116 1161 2076 1148 2074 1148 2072 1148 2070 1148 2048 1159 1953 1159 1888 1137 1886 1137 1885 1137 1835 1146 1819 1135 1817 1135 1815 1135 1813 1135 1732 1153 1670 1133 1668 1133 1666 1133 1560 1139 1540 1130 1538 1130 1536 1130 1534 1130 1488 1150 1453 1150 1426 1128 1424 1128 1422 1128 1420 1128 1418 1128 1382 1141 1347 1130 1345 1130 1343 1130 1341 1130 1310 1144 1205 1144 1154 1122 1152 1122 1150 1122 1070 1131 1005 1120 1004 1120 1002 1120 963 1135 939 1119 937 1119 936 1119 934 1119 932 1119 930 1119 904 1139 868 1139 791 1117 789 1117 787 1117 785 1117 754 1133 675 1133 675 1185"/></Shape>
	    <String CONTENT="czen wirt jn ſeinem küngklichen ſtuͤͦl vnnd"
                    HPOS="673"
                    VPOS="1117"
                    WIDTH="1443"
                    HEIGHT="124"
                    WC="0.9976744374563528"></String>
          </TextLine>
          <TextLine ID="eSc_line_35706b3b"
                    TAGREFS="LT117"
                    BASELINE="671 1267 2114 1300" 
                    HPOS="671"
                    VPOS="1199"
                    WIDTH="1443"
                    HEIGHT="130">
            <Shape><Polygon POINTS="671 1267 671 1287 792 1287 803 1291 833 1302 835 1302 837 1302 939 1293 954 1293 958 1293 991 1306 993 1306 994 1306 1082 1296 1084 1296 1086 1296 1099 1307 1101 1307 1103 1307 1182 1309 1183 1309 1185 1309 1211 1298 1213 1298 1437 1300 1444 1304 1503 1317 1505 1317 1507 1317 1547 1306 1554 1304 1567 1306 1639 1317 1641 1317 1642 1317 1672 1309 1710 1322 1712 1322 1714 1322 1938 1313 1942 1313 1943 1313 2033 1329 2035 1329 2112 1315 2114 1300 2114 1232 1960 1229 1958 1229 1956 1229 1954 1229 1931 1243 1888 1243 1844 1229 1833 1225 1831 1225 1830 1225 1828 1225 1820 1229 1791 1240 1732 1240 1712 1227 1705 1221 1703 1221 1701 1221 1699 1221 1675 1227 1655 1230 1644 1227 1629 1219 1628 1219 1521 1218 1519 1218 1518 1218 1503 1225 1497 1227 1492 1225 1473 1216 1472 1216 1470 1216 1391 1223 1325 1229 1152 1227 1147 1219 1136 1212 1136 1210 1134 1210 1132 1210 1130 1210 1128 1210 1105 1219 1095 1223 1090 1219 1070 1207 1068 1207 1066 1207 1064 1207 1004 1216 980 1205 978 1205 976 1205 974 1205 954 1214 930 1205 928 1205 926 1205 925 1205 884 1218 879 1218 750 1218 747 1216 693 1199 692 1199 690 1199 688 1199 686 1199 671 1208 671 1267"/></Shape>
	    <String CONTENT="die andern ſechs werdent ſelbs hand anle gẽ"
                    HPOS="671"
                    VPOS="1199"
                    WIDTH="1443"
                    HEIGHT="130"
                    WC="0.9969044409014962"></String>
          </TextLine>
          <TextLine ID="eSc_line_92d8b39c"
                    TAGREFS="LT117"
                    BASELINE="669 1355 2114 1386" 
                    HPOS="668"
                    VPOS="1285"
                    WIDTH="1446"
                    HEIGHT="127">
            <Shape><Polygon POINTS="669 1355 668 1379 750 1373 871 1385 925 1390 926 1390 974 1386 1068 1381 1097 1390 1112 1394 1114 1394 1116 1394 1169 1390 1261 1385 1319 1394 1360 1399 1361 1399 1396 1396 1422 1392 1457 1396 1518 1403 1519 1403 1596 1397 1648 1396 1664 1399 1688 1407 1690 1407 1692 1408 1806 1408 1806 1407 1808 1407 1809 1407 1815 1403 1824 1397 1905 1403 2009 1412 2011 1412 2112 1407 2114 1386 2110 1318 2070 1331 2006 1331 1964 1317 1945 1311 1943 1311 1942 1311 1899 1317 1819 1326 1791 1315 1775 1307 1773 1307 1725 1307 1723 1307 1721 1307 1708 1313 1688 1324 1607 1313 1604 1313 1602 1313 1600 1313 1585 1320 1576 1313 1573 1309 1571 1309 1569 1309 1567 1309 1565 1309 1556 1313 1534 1320 1516 1311 1494 1302 1492 1302 1490 1302 1488 1302 1486 1302 1473 1311 1462 1318 1350 1318 1297 1315 1292 1309 1281 1300 1279 1300 1277 1300 1275 1300 1235 1309 1215 1313 1205 1309 1180 1295 1178 1295 1147 1295 1145 1295 1143 1295 1141 1295 1125 1307 1119 1311 1018 1311 1005 1307 952 1291 950 1291 948 1291 901 1300 835 1287 833 1287 831 1287 829 1287 807 1302 756 1285 754 1285 752 1285 669 1302 669 1355"/></Shape>
	    <String CONTENT="zuͦm erſten wider die prelaten zuͦm anderen"
                    HPOS="668"
                    VPOS="1285"
                    WIDTH="1446"
                    HEIGHT="127"
                    WC="0.9840176798576532"></String>
          </TextLine>
          <TextLine ID="eSc_line_a775fe8d"
                    TAGREFS="LT117"
                    BASELINE="673 1438 1152 1458 2114 1473" 
                    HPOS="671"
                    VPOS="1372"
                    WIDTH="1443"
                    HEIGHT="130">
            <Shape><Polygon POINTS="673 1438 671 1460 758 1471 759 1471 925 1467 954 1467 965 1469 1046 1482 1048 1482 1049 1482 1082 1471 1084 1471 1086 1471 1103 1482 1105 1482 1106 1482 1108 1482 1198 1474 1204 1474 1229 1485 1231 1485 1233 1485 1341 1478 1371 1476 1376 1478 1400 1489 1402 1489 1404 1489 1578 1484 1606 1484 1624 1485 1707 1495 1708 1495 1710 1495 1738 1487 1756 1484 1782 1489 1802 1493 1804 1493 1819 1489 1839 1485 1855 1491 1875 1498 1877 1498 1879 1498 1881 1498 1894 1491 1901 1489 1940 1493 2024 1502 2026 1502 2112 1496 2114 1473 2114 1421 2028 1419 2028 1418 1998 1397 1997 1397 1995 1397 1993 1397 1920 1405 1864 1396 1863 1396 1861 1396 1828 1414 1793 1414 1760 1414 1639 1410 1635 1410 1582 1388 1580 1388 1578 1388 1576 1388 1534 1407 1492 1386 1490 1386 1426 1386 1424 1386 1422 1386 1387 1403 1319 1385 1317 1385 1316 1385 1257 1392 1224 1381 1222 1381 1220 1381 982 1392 937 1375 936 1375 934 1375 932 1375 875 1392 866 1394 855 1392 772 1372 770 1372 769 1372 767 1372 747 1388 673 1388 673 1438"/></Shape>
	    <String CONTENT="wider die geiſtlichen. Zuͦm driten wider dÿe"
                    HPOS="671"
                    VPOS="1372"
                    WIDTH="1443"
                    HEIGHT="130"
                    WC="0.9995031131638421"></String>
          </TextLine>
          <TextLine ID="eSc_line_9a5d4dba"
                    TAGREFS="LT117"
                    BASELINE="668 1526 1275 1553 2109 1564" 
                    HPOS="666"
                    VPOS="1452"
                    WIDTH="1443"
                    HEIGHT="149">
            <Shape><Polygon POINTS="666 1548 752 1568 754 1568 818 1553 826 1553 842 1555 917 1564 919 1564 948 1559 960 1557 971 1559 1011 1572 1013 1572 1015 1572 1016 1572 1038 1562 1082 1575 1084 1575 1470 1584 1472 1584 1473 1584 1495 1579 1512 1573 1519 1579 1529 1586 1530 1586 1532 1586 1534 1586 1593 1581 1631 1579 1655 1584 1683 1590 1685 1590 1686 1590 1699 1586 1730 1575 1841 1588 1842 1588 1844 1588 1863 1579 1888 1592 1890 1592 1892 1592 1894 1592 1942 1584 1956 1595 1958 1595 1960 1595 1962 1595 1964 1595 1965 1595 1986 1583 2024 1583 2048 1597 2048 1599 2050 1599 2052 1599 2054 1601 2107 1601 2109 1564 2107 1485 1976 1500 1938 1482 1936 1482 1934 1482 1897 1489 1852 1480 1850 1480 1848 1480 1846 1480 1831 1491 1736 1476 1732 1476 1730 1476 1721 1476 1622 1480 1620 1480 1618 1480 1604 1491 1503 1474 1501 1474 1499 1474 1468 1487 1281 1485 1233 1474 1231 1474 1229 1474 1216 1482 1202 1471 1200 1471 1198 1471 1196 1471 1053 1478 971 1476 941 1458 939 1458 937 1458 936 1458 932 1458 855 1471 669 1452 668 1526 666 1548"/></Shape>
	    <String CONTENT="laÿen. Vnd als jch geſagt hab ſo werdẽ auß"
                    HPOS="666"
                    VPOS="1452"
                    WIDTH="1443"
                    HEIGHT="149"
                    WC="0.9942134591666135"></String>
          </TextLine>
          <TextLine ID="eSc_line_52e2513c"
                    TAGREFS="LT117"
                    BASELINE="666 1616 2107 1647" 
                    HPOS="664"
                    VPOS="1550"
                    WIDTH="1443"
                    HEIGHT="128">
            <Shape><Polygon POINTS="666 1616 664 1632 708 1643 710 1643 765 1638 800 1651 802 1651 803 1651 892 1639 915 1654 917 1654 919 1654 921 1654 1000 1643 1016 1654 1018 1654 1020 1654 1022 1654 1101 1647 1156 1658 1158 1658 1218 1647 1297 1662 1299 1662 1301 1662 1336 1649 1428 1665 1429 1665 1580 1654 1685 1671 1686 1671 1833 1663 2020 1678 2022 1678 2105 1663 2107 1647 2107 1597 2024 1595 2024 1594 2000 1577 1998 1577 1997 1577 1995 1577 1903 1584 1839 1573 1837 1573 1773 1584 1707 1573 1705 1573 1703 1573 1701 1573 1683 1586 1639 1570 1637 1570 1635 1570 1523 1583 1512 1583 1404 1579 1374 1579 1361 1568 1360 1568 1358 1568 1356 1568 1218 1575 1194 1575 1191 1573 1167 1559 1165 1559 1163 1559 1161 1559 969 1568 967 1568 963 1568 803 1551 802 1551 800 1551 759 1564 756 1564 754 1564 726 1550 725 1550 680 1550 679 1550 677 1550 675 1550 666 1555 666 1616"/></Shape>
	    <String CONTENT="der ganczen criſtenheit nun wenig beleÿben."
                    HPOS="664"
                    VPOS="1550"
                    WIDTH="1443"
                    HEIGHT="128"
                    WC="0.9982685121622953"></String>
          </TextLine>
          <TextLine ID="eSc_line_8f87581b"
                    TAGREFS="LT117"
                    BASELINE="668 1695 2107 1733" 
                    HPOS="666"
                    VPOS="1627"
                    WIDTH="1441"
                    HEIGHT="134">
            <Shape><Polygon POINTS="668 1695 666 1711 780 1715 803 1731 805 1731 807 1731 809 1731 868 1718 895 1731 897 1731 899 1731 969 1722 1009 1737 1011 1737 1013 1737 1286 1735 1361 1746 1363 1746 1365 1746 1393 1735 1420 1748 1422 1748 1424 1748 1629 1740 1646 1740 1650 1740 1694 1755 1696 1755 1697 1755 1752 1744 1763 1742 1870 1746 1872 1748 1899 1761 1901 1761 1903 1761 1976 1750 1989 1750 2103 1753 2107 1733 2107 1684 2042 1684 2037 1680 2009 1667 2008 1667 2006 1667 1885 1674 1837 1676 1826 1671 1798 1658 1797 1658 1795 1658 1736 1669 1729 1669 1723 1667 1685 1654 1683 1654 1681 1654 1587 1662 1529 1667 1508 1660 1483 1649 1481 1649 1479 1649 1428 1656 1413 1658 1407 1654 1398 1647 1396 1647 1395 1647 1327 1645 1325 1645 1323 1645 1310 1651 1288 1662 1239 1662 1220 1647 1213 1641 1211 1641 1209 1641 1207 1641 1205 1641 1191 1647 1156 1658 1073 1656 1055 1641 1051 1638 1049 1638 1048 1638 1046 1638 1024 1639 967 1647 893 1634 884 1634 882 1634 881 1634 879 1634 864 1645 849 1632 848 1632 846 1632 776 1630 774 1630 772 1630 748 1643 668 1627 668 1695"/></Shape>
	    <String CONTENT="das ſeind ſidꝛach miſach vnd abdenago die"
                    HPOS="666"
                    VPOS="1627"
                    WIDTH="1441"
                    HEIGHT="134"
                    WC="0.985625915411042"></String>
          </TextLine>
          <TextLine ID="eSc_line_67cda38e"
                    TAGREFS="LT117"
                    BASELINE="668 1781 2103 1812" 
                    HPOS="666"
                    VPOS="1715"
                    WIDTH="1437"
                    HEIGHT="126">
            <Shape><Polygon POINTS="668 1781 666 1797 919 1817 921 1817 1064 1808 1136 1821 1138 1821 1213 1812 1428 1828 1429 1828 1507 1817 1512 1817 1677 1819 1685 1821 1765 1836 1767 1836 1826 1828 2061 1841 2063 1841 2065 1841 2101 1830 2103 1812 2103 1764 2017 1742 2015 1742 1942 1759 1934 1759 1885 1759 1881 1755 1852 1739 1850 1739 1848 1739 1730 1737 1729 1737 1670 1748 1663 1750 1659 1748 1631 1735 1629 1735 1628 1735 1540 1742 1510 1731 1508 1731 1507 1731 1459 1740 1428 1748 1310 1746 1295 1735 1286 1729 1284 1729 1283 1729 1281 1729 1242 1733 1176 1742 1101 1729 1060 1722 1059 1722 1022 1726 937 1737 892 1737 873 1720 871 1718 870 1718 868 1718 866 1718 864 1718 859 1720 829 1731 800 1720 798 1720 668 1715 668 1781"/></Shape>
	    <String CONTENT="den abgot nit werden anbeten. Diſe dreÿ be"
                    HPOS="666"
                    VPOS="1715"
                    WIDTH="1437"
                    HEIGHT="126"
                    WC="0.9926893905151722"></String>
          </TextLine>
          <TextLine ID="eSc_line_a1ee4049"
                    TAGREFS="LT117"
                    BASELINE="662 1863 2098 1905" 
                    HPOS="660"
                    VPOS="1797"
                    WIDTH="1438"
                    HEIGHT="140">
            <Shape><Polygon POINTS="662 1863 660 1889 723 1883 857 1896 873 1898 875 1898 877 1898 879 1898 899 1889 914 1898 921 1904 923 1904 925 1904 926 1904 928 1904 930 1904 936 1900 947 1894 1095 1894 1147 1905 1174 1911 1328 1915 1330 1915 1358 1911 1409 1904 1424 1913 1431 1918 1433 1918 1435 1918 1437 1918 1464 1915 1507 1907 1523 1916 1534 1922 1536 1922 1538 1922 1600 1918 1633 1916 1666 1920 1729 1928 1730 1928 1732 1928 1752 1922 1786 1915 1828 1915 1841 1926 1848 1931 1850 1931 1852 1931 1853 1931 1883 1926 1907 1922 1923 1928 1942 1933 1943 1933 1945 1933 1947 1933 1964 1928 1984 1922 2009 1929 2033 1937 2035 1937 2037 1937 2096 1931 2098 1905 2096 1854 2039 1854 2035 1850 2015 1836 2013 1836 2011 1836 2009 1836 1931 1847 1912 1849 1892 1845 1842 1836 1841 1836 1839 1836 1815 1841 1804 1845 1798 1841 1786 1830 1786 1828 1784 1828 1782 1828 1780 1828 1778 1828 1749 1839 1743 1841 1736 1839 1716 1832 1714 1832 1712 1832 1685 1838 1661 1841 1606 1841 1596 1834 1585 1825 1584 1825 1582 1825 1580 1825 1578 1825 1563 1832 1554 1838 1541 1832 1519 1821 1518 1821 1516 1821 1429 1827 1347 1832 1290 1832 1270 1821 1257 1814 1255 1814 1253 1814 1251 1814 1237 1819 1216 1827 1187 1817 1163 1810 1161 1810 1160 1810 1136 1816 1101 1823 978 1823 952 1808 950 1808 948 1808 947 1808 912 1819 864 1805 851 1801 849 1801 848 1801 816 1803 732 1808 662 1797 662 1863"/></Shape>
	    <String CONTENT="deüten vns nach der außlegung dreyerlaÿ"
                    HPOS="660"
                    VPOS="1797"
                    WIDTH="1438"
                    HEIGHT="140"
                    WC="0.994063638150692"></String>
          </TextLine>
          <TextLine ID="eSc_line_599d1331"
                    TAGREFS="LT117"
                    BASELINE="664 1951 1540 1972" 
                    HPOS="662"
                    VPOS="1885"
                    WIDTH="878"
                    HEIGHT="118">
            <Shape><Polygon POINTS="664 1951 662 1970 743 1988 745 1990 794 1990 794 1988 796 1988 798 1988 818 1975 903 1992 904 1992 906 1992 908 1992 919 1983 950 1992 952 1992 954 1992 956 1992 958 1992 958 1990 971 1979 1013 1994 1015 1994 1016 1994 1193 1984 1284 1988 1301 2001 1303 2001 1305 2001 1306 2001 1308 2001 1334 1994 1486 2003 1488 2003 1490 2003 1538 1990 1540 1972 1540 1920 1461 1920 1451 1916 1382 1898 1380 1898 1378 1898 1312 1913 1301 1915 1161 1913 1154 1909 1125 1893 1123 1893 1121 1893 1119 1893 1095 1900 1026 1891 1024 1891 1022 1891 1020 1891 1020 1893 1005 1905 1004 1907 998 1904 965 1889 963 1889 901 1887 899 1887 897 1887 860 1900 860 1902 826 1902 824 1900 805 1885 803 1885 802 1885 800 1885 798 1885 796 1885 780 1898 774 1902 664 1896 664 1951"/></Shape>
	    <String CONTENT="aÿ genſchaft der menſchen."
                    HPOS="662"
                    VPOS="1885"
                    WIDTH="878"
                    HEIGHT="118"
                    WC="0.9930073420206705"></String>
          </TextLine>
          <TextLine ID="eSc_line_b941bf83"
                    TAGREFS="LT117"
                    BASELINE="925 2054 1723 2065" 
                    HPOS="923"
                    VPOS="1977"
                    WIDTH="800"
                    HEIGHT="112">
            <Shape><Polygon POINTS="923 2067 1046 2072 1057 2083 1059 2083 1060 2083 1062 2083 1064 2083 1095 2072 1209 2082 1211 2082 1262 2074 1323 2087 1325 2089 1389 2089 1389 2087 1391 2087 1393 2087 1393 2085 1404 2076 1461 2089 1462 2089 1721 2078 1723 2065 1723 2012 1633 2012 1628 2006 1609 1992 1607 1992 1606 1992 1604 1992 1547 2003 1521 2008 1514 2003 1499 1990 1497 1990 1495 1990 1494 1990 1411 1997 1406 1997 1389 1986 1387 1986 1385 1986 1384 1986 1382 1986 1365 1995 1343 2006 1272 2006 1242 1990 1235 1986 1233 1986 1174 1981 1134 1981 1132 1981 1130 1981 1128 1981 1123 1984 1101 2003 1068 1983 1066 1983 1064 1983 1062 1983 1060 1983 1035 1994 1024 1981 1022 1981 1022 1979 1020 1979 1018 1979 1016 1979 1004 1981 956 1986 926 1977 925 2054 923 2067"/></Shape>
	    <String CONTENT="Was Sidꝛach bedeütet."
                    HPOS="923"
                    VPOS="1977"
                    WIDTH="800"
                    HEIGHT="112"
                    WC="0.9995612019584292"></String>
          </TextLine>
          <TextLine ID="eSc_line_5f0f816f"
                    TAGREFS="LT117"
                    BASELINE="660 2138 2085 2157" 
                    HPOS="658"
                    VPOS="2054"
                    WIDTH="1427"
                    HEIGHT="132">
            <Shape><Polygon POINTS="2074 2100 2055 2098 2009 2098 2004 2094 1987 2087 1982 2087 1964 2085 1945 2082 1927 2080 1920 2078 1907 2085 1831 2078 1830 2078 1828 2078 1808 2089 1798 2094 1683 2094 1672 2085 1661 2074 1659 2074 1657 2074 1655 2074 1653 2074 1622 2083 1598 2089 1558 2082 1497 2069 1495 2069 1444 2078 1387 2087 1339 2074 1338 2074 1336 2074 1334 2074 1332 2074 1330 2074 1308 2089 1250 2089 1196 2071 1176 2063 1174 2063 1172 2063 1171 2063 1158 2069 1152 2071 1134 2069 1086 2060 1084 2060 1082 2060 1070 2065 1042 2082 1011 2067 1009 2067 1007 2067 1005 2067 1004 2067 976 2085 947 2085 892 2083 860 2060 859 2058 857 2058 855 2058 660 2054 660 2138 658 2157 701 2166 703 2166 704 2166 726 2159 737 2155 870 2155 901 2160 980 2173 982 2173 1033 2162 1046 2160 1055 2162 1084 2175 1086 2175 1088 2175 1090 2175 1092 2175 1108 2164 1110 2162 1117 2164 1149 2173 1150 2173 1152 2173 1207 2166 1220 2164 1224 2166 1246 2177 1248 2177 1250 2177 1251 2177 1288 2166 1305 2162 1325 2168 1371 2179 1373 2179 1374 2181 1510 2181 1510 2179 1512 2179 1538 2170 1552 2166 1606 2166 1615 2171 1628 2181 1629 2181 1631 2181 1633 2181 1635 2181 1661 2171 1674 2168 1688 2171 1714 2181 1716 2181 1718 2181 1719 2181 1740 2173 1754 2168 1776 2173 1802 2181 1804 2181 1806 2181 1864 2175 1918 2170 1932 2175 1956 2186 1958 2186 1960 2186 2083 2177 2085 2157 2083 2100 2074 2100"/></Shape>
	    <String CONTENT="Sidꝛach iſt als vil geſpꝛochen als ein ge"
                    HPOS="658"
                    VPOS="2054"
                    WIDTH="1427"
                    HEIGHT="132"
                    WC="0.9946215152740479"></String>
          </TextLine>
          <TextLine ID="eSc_line_3b59cf46"
                    TAGREFS="LT117"
                    BASELINE="664 2217 2087 2247" 
                    HPOS="662"
                    VPOS="2151"
                    WIDTH="1425"
                    HEIGHT="120">
            <Shape><Polygon POINTS="664 2217 662 2238 888 2247 890 2247 892 2247 899 2243 915 2238 980 2247 1018 2250 1020 2250 1022 2250 1035 2247 1057 2241 1160 2250 1213 2254 1215 2254 1235 2252 1283 2245 1356 2254 1384 2258 1385 2258 1406 2256 1462 2249 1543 2260 1567 2261 1569 2261 1584 2260 1629 2252 1641 2261 1642 2263 1644 2263 1646 2263 1648 2263 1666 2261 1729 2254 1784 2265 1791 2265 1793 2265 1802 2265 1886 2258 1921 2267 1925 2269 1927 2269 2083 2271 2087 2247 2085 2182 2019 2193 2004 2181 2002 2181 2002 2179 2000 2179 1998 2179 1813 2171 1811 2171 1778 2179 1732 2188 1670 2188 1652 2177 1641 2170 1639 2170 1637 2170 1635 2170 1633 2170 1631 2170 1622 2177 1607 2184 1547 2184 1532 2175 1518 2168 1516 2168 1514 2168 1512 2168 1497 2175 1483 2182 1457 2175 1431 2166 1429 2166 1428 2166 1382 2173 1380 2173 1369 2164 1369 2162 1367 2162 1365 2162 1363 2162 1194 2171 1112 2175 1101 2170 1071 2157 1070 2157 1068 2157 1066 2157 1038 2168 1018 2159 1016 2159 1015 2159 1013 2159 985 2170 976 2171 960 2168 925 2162 923 2162 882 2168 864 2170 859 2168 826 2151 824 2151 822 2151 820 2151 783 2166 778 2168 664 2166 664 2217"/></Shape>
	    <String CONTENT="zierter vnd dz werdẽ werden die volkoͤmen"
                    HPOS="662"
                    VPOS="2151"
                    WIDTH="1425"
                    HEIGHT="120"
                    WC="0.9923454778535026"></String>
          </TextLine>
          <TextLine ID="eSc_line_89f933a5"
                    TAGREFS="LT117"
                    BASELINE="658 2304 2085 2333" 
                    HPOS="658"
                    VPOS="2230"
                    WIDTH="1427"
                    HEIGHT="130">
            <Shape><Polygon POINTS="658 2304 658 2327 745 2322 767 2331 778 2335 780 2335 781 2335 809 2331 860 2326 923 2335 954 2338 956 2338 974 2335 1011 2329 1022 2337 1026 2340 1027 2340 1029 2340 1031 2340 1033 2340 1040 2337 1057 2329 1128 2329 1141 2340 1143 2342 1145 2342 1147 2342 1149 2342 1167 2340 1222 2333 1332 2344 1374 2348 1376 2348 1396 2346 1461 2337 1604 2349 1641 2353 1642 2353 1675 2351 1815 2344 1886 2344 1912 2357 1916 2359 1918 2359 1920 2359 1929 2359 1986 2348 2081 2360 2085 2333 2081 2267 1855 2272 1835 2261 1817 2252 1815 2252 1661 2250 1659 2250 1657 2250 1655 2250 1642 2260 1637 2263 1631 2260 1617 2249 1615 2249 1613 2249 1562 2249 1560 2249 1558 2249 1556 2249 1543 2258 1530 2265 1503 2258 1486 2252 1484 2252 1483 2252 1481 2252 1468 2256 1448 2263 1391 2256 1363 2252 1361 2252 1338 2254 1281 2261 1239 2261 1222 2252 1194 2239 1193 2239 1150 2239 1149 2239 1147 2239 1119 2250 1103 2258 989 2249 747 2230 745 2230 658 2243 658 2304"/></Shape>
	    <String CONTENT="geiſtlichen die von got erleücht ſeind werde"
                    HPOS="658"
                    VPOS="2230"
                    WIDTH="1427"
                    HEIGHT="130"
                    WC="0.9879492778669704"></String>
          </TextLine>
          <TextLine ID="eSc_line_e7f70a07"
                    TAGREFS="LT117"
                    BASELINE="653 2381 1097 2403 2081 2419" 
                    HPOS="651"
                    VPOS="2318"
                    WIDTH="1430"
                    HEIGHT="132">
            <Shape><Polygon POINTS="653 2381 651 2403 844 2406 849 2408 897 2419 899 2419 967 2412 971 2412 994 2423 996 2423 998 2423 1035 2415 1055 2428 1057 2428 1059 2428 1060 2428 1103 2421 1178 2432 1180 2432 1299 2421 1341 2436 1343 2436 1345 2436 1347 2436 1395 2425 1505 2439 1507 2439 1508 2439 1530 2428 1670 2443 1672 2445 1721 2445 1721 2443 1723 2443 1725 2443 1741 2432 1749 2428 1929 2434 1936 2436 1998 2450 2000 2450 2079 2439 2081 2419 2077 2362 2008 2362 2002 2360 1986 2346 1984 2346 1982 2346 1914 2344 1813 2344 1811 2344 1809 2344 1784 2355 1778 2357 1771 2355 1712 2340 1710 2340 1708 2340 1707 2340 1685 2349 1672 2338 1670 2338 1668 2338 1666 2338 1567 2351 1560 2351 1554 2351 1495 2335 1494 2335 1492 2335 1490 2335 1440 2348 1435 2349 1433 2348 1409 2333 1407 2333 1406 2333 1404 2333 1402 2333 1358 2344 1323 2333 1321 2333 1319 2333 1317 2333 1316 2333 1299 2346 1259 2329 1257 2329 1255 2329 1253 2329 1218 2344 1216 2344 1070 2342 1070 2340 1038 2327 1037 2327 1035 2327 1033 2327 1031 2327 1015 2340 1013 2340 991 2326 989 2326 987 2326 985 2326 983 2326 948 2338 947 2338 925 2326 923 2326 921 2326 853 2337 849 2337 848 2337 838 2327 838 2326 837 2326 835 2326 833 2326 785 2333 767 2318 765 2318 763 2318 761 2318 653 2331 653 2381"/></Shape>
	    <String CONTENT="erkennen die warheit ď criſtenlichen kirchen"
                    HPOS="651"
                    VPOS="2318"
                    WIDTH="1430"
                    HEIGHT="132"
                    WC="0.9776848183737861"></String>
          </TextLine>
          <TextLine ID="eSc_line_3a63423f"
                    TAGREFS="LT117"
                    BASELINE="647 2465 1071 2487 2076 2509" 
                    HPOS="646"
                    VPOS="2399"
                    WIDTH="1430"
                    HEIGHT="150">
            <Shape><Polygon POINTS="646 2494 756 2496 767 2500 895 2522 1106 2527 1108 2527 1110 2527 1160 2513 1213 2520 1215 2520 1216 2520 1235 2513 1244 2511 1284 2515 1363 2524 1365 2524 1411 2518 1439 2516 1448 2520 1484 2537 1486 2537 1488 2537 1490 2537 1492 2537 1516 2522 1521 2520 1554 2520 1567 2524 1618 2540 1620 2540 1732 2542 1734 2542 1736 2542 1765 2529 1771 2527 1778 2531 1811 2546 1813 2546 1815 2546 1817 2546 1864 2535 1936 2549 1938 2549 1998 2537 2020 2533 2072 2538 2076 2509 2076 2443 1989 2434 1987 2434 1986 2434 1975 2439 1954 2450 1804 2448 1775 2432 1765 2428 1763 2428 1762 2428 1740 2432 1674 2443 1525 2441 1461 2423 1444 2419 1442 2419 1440 2419 1420 2421 1378 2428 1360 2419 1358 2419 1356 2419 1354 2419 1352 2419 1350 2419 1330 2430 1295 2417 1286 2415 1284 2415 1283 2415 1266 2417 1194 2426 1116 2412 1097 2410 1095 2410 1044 2410 1016 2412 1015 2412 989 2425 958 2408 954 2406 952 2406 950 2406 948 2406 943 2406 890 2421 835 2406 833 2406 831 2406 765 2419 737 2401 736 2401 734 2401 649 2399 647 2465 646 2494"/></Shape>
	    <String CONTENT="die werdẽ eintweď von des papſts wegen"
                    HPOS="646"
                    VPOS="2399"
                    WIDTH="1430"
                    HEIGHT="150"
                    WC="0.9868635192513466"></String>
          </TextLine>
        </TextBlock>
      </PrintSpace>
    </Page>
  </Layout>
</alto>
