2460 3264
335 435 1448 116 erloͤßt von dẽ helliſchen feür durch den engel

337 518 1448 125 ď jn zuͦgeben iſt gleich als die drei wurden

333 602 1450 121 erloͤßt vozeitlichen feüer dann ſo die Criſten

335 683 1426 134 ſoͤlich ding werden ſehen mügend ſÿ wol ſp

337 774 1442 123 rechen. Nemptwar der. Das iſt ď ſtat ď Cri⸗

346 854 1430 121 ſtenlichen wirdikeit iſt jn ein val geſeczett.

339 941 1438 119 Doch wirt got die kirchen das iſt den rechtẽ

335 1029 1435 127 papſt nit verlaſſen wann ſant peters ſchiff

335 1118 1441 127 mag wol ſchaden nemen doch mag es nitt

344 1229 408 100 vndergan.

863 1205 864 124 Die prieſter die pfruͤn

439 1303 1003 107 den haben werdent jr beraubt.

433 1374 1361 118 Vnd ď vnrecht boͤß papſt ď mit gewalte

348 1454 1442 121 gemacht wirt mit dẽ groſſen fürſten werdẽ

341 1541 1453 120 eins woͤllen vnd werden d kirchen alle zeÿt

341 1630 1449 121 li che guͦͤter nemen das all prieſter jr pfruͤnd

341 1720 1442 106 beraubt werden. Vnd darub wirt got das ÿ

339 1807 1453 122 hengen das die ſün leui von jr boßheit wer⸗

341 1891 1445 116 den gereiniget von ď ſÿ ſich vmb ſunſt vnd

344 1969 1435 119 williklich nit woͤllen reÿnigen. Vnd zuͦ kref

342 2054 1446 131 ten diſe ding die jch geredt hab will jch hÿe

362 2143 1426 125 offenbarn zwuͦ pꝛopheceÿ Ezechielis jn den

344 2230 1441 134 diß geſchicht ď criſtenlichen kirchen geleÿch

348 2317 1431 123 eben begriffen wirt wann man lißt Ezechie⸗

351 2408 1428 128 am viij ca wie got den abgot zaigt ď an de⸗
