2456 3300
673 434 1449 110 ende der welt werden wirt jn der criſtenheÿt

667 524 1453 103 durch die ab goͤtereÿer wider ſeinen rechten

673 608 1447 99 vicari die werdent durch ere reichtumb vñ

669 696 1453 103 wirdikeit einen papſt machen der jn gefellt

671 777 1445 106 Der ſelb papſt wirt groͤſſer werden dañ nie

667 867 1379 101 keiner geweſen iſt vnd nimmer mer wirt

972 958 862 101 Von mitternacht witt

972 1039 596 94 erſteen alles übel.

684 1129 33 95 1

728 1120 1385 101 Vnd von mitternacht wirt erſteen alles

669 1204 1445 101 übel dannen dÿſer abgot kommen wirt daz

667 1285 1444 108 iſt auß teütſchen landen. Alls jn dem voꝛge⸗

665 1376 982 107 nannten capitel begriffen iſt.

979 1463 917 110 Das gepett der heÿligen

750 1631 1361 107 Darumb wirt der zoꝛen gotes alſo hoͤꝛti⸗

970 1554 873 99 wirt nicht erhoͤꝛt werden.

665 1708 1442 107 klich herab über die criſten kommen das Jn

665 1798 1446 105 der heiligen gepet mer wirt bewegen zuͦ zo⸗

663 1881 1448 113 ren dann zuͦ barmherczigkeÿt als geſchribẽ

667 1965 1434 115 ſteet an dem end des ſelben capitels ſo er ſp

660 2062 1447 101 richt. Wann ſÿ ſchreÿen werden zuͦ mir mitt

667 2139 1438 110 groſſer ſtimm ſo würd jch ſÿ nit er hoͤꝛn. All

663 2231 1438 101 ſo das all heÿligen die dann jn der welt wer

662 2317 1434 106 den ſein nit ein einigen tropffen des zoꝛn go

665 2401 1425 121 tes moͤchten entweÿchen vncz das der heill g
