2456 3300
790 447 1302 119 Sechs fürſten werden anhangen dem

753 539 1237 104 keÿſer vnd dem gemiſchten endecriſt.

656 621 1449 108 Merckent wol auf liebes volck diſe ſechß

647 709 1458 106 werdent erſchꝛockenlicher vnnd greülicher

641 793 1459 109 dann nÿe geweſen ſeind vnd hinfür nimer

643 878 1457 108 homment. Wann diſe ſechs waͤpner die die

638 966 1462 110 criſtenheit durchaͤchten werden ſechs maͤch⸗

640 1052 1452 103 tige fürſten die werden über die ganczẽ cri⸗

643 1134 1447 110 ſtenheit herꝛſchen vnd werden dem gemiſch

641 1215 1449 110 ten endecriſt ge hoꝛſam ſein. Moͤchteſtu aber

647 1299 1440 110 ſprechen. Sagt doch die pꝛoheceÿ vo ſiben.

652 1382 1431 119 ſo ſÿ ſpricht das die ſaul ſiben elenpo gẽ wz

634 1474 1453 110 bꝛaÿt. Ein ant wurt. Einer auß jn wirtt der

634 1558 1447 123 hoͤchßt ſein dem werden die andern ſechs ge

636 1644 1442 110 hoꝛſam ſein vnd der ſelb wirt nit mit jn ge⸗

632 1727 1444 104 en vnd darumb ſagt Ezechiel allein vo vj.

630 1815 1451 106 mannen die werden durch die ganczen ſcatt

629 1890 1447 113 laffen zuͦ toͤtten die nit mit dẽ thau bezeichet

629 1980 1443 122 ſeind. Die werdent zuͦ dem erſten anfahen zuͦ

625 2069 1447 116 toͤtten an dem heÿligen tempel gotes dz iſtt

623 2152 1445 119 an der prieſterſchafft. Sÿ werdendt ſÿſaber

621 2236 1447 116 nicht all toͤ tten. Sunder ſÿ werdend ettliche

640 2322 1423 118 geÿſtlichen etliche leÿplichen toͤtten. O wiß

625 2407 1434 135 ten ſÿ wie ſÿ got wirt durchaͤchtẽ laſſen vo
