2456 3300
711 381 1440 141 den raubern die da die prieſterſchaft alſo er⸗

702 476 1449 129 ſchꝛockenlich zertreten werdent als ob ſi vn

702 555 1291 132 gelaͤubiſch teüfliſch vnd wuͤtend ſeÿen

1028 656 991 117 Die vnwürßkeÿt der laÿen

995 737 630 111 wider die gelerten

720 810 1407 136 Die laÿen werdent alſo vnwürß wÿder

676 902 1459 141 die gelertẽ das ſÿ mainen ſÿ thuͦen gott eÿn

671 990 1456 122 dienſt wenn ſÿß toͤtten vnd zertreten. Dar⸗

673 1072 1449 130 nach ſag jch das diß übel den boͤſen wirt ein

671 1158 1445 121 reinigung von den ſünden vnd den guͦtẽ ein

665 1246 688 105 merung der tugent.

770 1321 1343 140 wie anch von wegen der ſünd ď laÿẽ got

1502 1261 611 115 Ein gleichßnuß

761 1404 1126 145 die ſünd der prieſterſchaft ſtraffe

665 1496 1438 139 Hie entſpringt ein frag. Ob got dÿß übel

658 1589 1440 132 verhengen werd allein von der ſünd we gẽ.

652 1659 622 123 der prieſterſchaft.

649 1750 1445 134 rich das auch got vonn wegen der ſünd des

1338 1692 765 108 Ein antwurt jch ſp⸗

654 1831 1435 138 volcks auch diſes übel verhengen werd vñ

643 1910 1446 154 das man es verſtan müg ſo gib jch ein ſoͤlli

638 2003 1441 145 che geleichnuß. Es waͤr ein ſtat wol gem au

632 2101 1444 124 ret eines küniges die het allent halben guͦtt

632 2185 1436 126 türen vmb beſchirmung vnd bewarungen

630 2264 1420 139 wegen. Vnd die ſelb ſtat wurd widſpaͤnig

638 2348 1412 158 vnd vngehoꝛſam dẽ ſelben künig. So lÿey
