2456 3300
726 414 1223 114 ſoͤllen durch jr guͦt ler vnd ebenbilde.

819 509 1349 101 Die oꝛdnung die vnſer herꝛ wirt hal

801 597 1126 103 ten So er die welt wirt ſtraffen.

719 682 1438 104 Vonn diſer maur ſpricht der pꝛophet. O

696 770 1468 102 herꝛ begirt vns mit deiner vnauſſtreÿtbern

695 858 1467 102 maur vñ beſchirm vns all weg mit dẽ waf⸗

700 940 1464 101 ſen deiner macht. Es ſeind die gelerten dÿe

693 1028 1464 106 die türen zuͦ den ſtr eÿten ſo ſÿ zuͦ einer beſch

696 1114 1464 99 irmung der ſtat wider die veind durch dÿe

696 1200 1451 96 heiligen ſacrament vnnd predig arbeÿten.

700 1277 1457 101 Von diſen türn ſpricht Dauid. Der frid der

696 1360 1461 112 werd jn deiner krafft vnd die überflüſſckeit

696 1452 1451 111 jn deinen türn das iſt jn der prieſterſchaffte.

704 1545 1451 106 So nun die welt alſo widerſpaͤnig iſt wÿd

768 1628 1385 104 ot ſo will er die ſtat angan zuͦ tuͦn die gere

695 1710 1460 101 chtigkeit durch die truͤbſal des ends ď welt

693 1793 1456 100 Er will aber zuͦm erſten die maur vnd türn

691 1873 1451 116 abſchieſſen das iſt die geiſtlichen als voꝛ ge

693 1967 1449 112 ſagt iſt jn der pꝛopheceÿ Ezechielis da dÿ⸗

693 2055 1449 112 ſen ſechs mannen gepoten wirt das ſÿ zuͦm

687 2141 1453 108 erſten an dem heÿligen tempel das iſt an der

691 2229 783 108 prieſterſchafft anfahen.

893 2311 1225 112 Das gemein volck iſt auch ein vꝛſach

766 2396 1361 128 das die gelerten mit vil übel v̈güft ſeind.
