2460 3280
309 379 1440 125 den wann ſo der ſünder ſündet ſo ſchreÿbett

326 461 1423 142 got die ſünd jn das buͦch der verweÿſunge⸗

329 543 1429 147 Als Dauid jm pſalm ſprichet. Mein vn vol⸗

326 619 1437 162 koͤmenheit haben geſehen deine augen. Vnd

322 714 1445 140 werden all geſchriben jn dein buͦch. Vñ wẽn

322 801 1447 135 er beÿch tet vnd jn der prieſter abſoluiert ſo

338 881 1436 146 ſchebt das meſſer da der abſoluierung dÿe

338 967 1435 146 ſünd ab auß dem buͦch des voꝛwiſſen gottes

338 1051 1418 142 vnd macht das falſch gerecht durch die auff

340 1142 1436 149 ſeczung der puͦß vnd beſſerung des lebẽ vñ

335 1239 1447 134 machet jn geſchickt zuͦ dẽ eingang des para

344 1364 251 91 deÿy.

694 1324 997 121 Waz der punctierer bedeüt

424 1395 1367 135 Zuͦm dritẽ iſt jm ſchreibzeüg die ſtat des

344 1479 1450 137 punctierers zuͦ ſtechen die pletter vnd einze

348 1567 1452 140 binden die ſextern jn das puͦch diſer punctie

348 1650 1456 144 rer bedeüt vns der kirchen gewalt ablaß zuͦ

369 1743 1429 139 geben vnd auß zuͦ ſpenden den ſchacz ď kÿr⸗

358 1827 1444 137 chen welliche aplas das fegſeür durchſtaͤch

360 1916 1449 126 ent wann ein offen hauß iſt nit ein gefenck⸗

364 1993 1447 135 nuß. Alſo durchſtechent die jndulgencz das

377 2070 1437 153 fegfeür die der papſt verleicht vnd die ſelẽ

375 2162 1443 141 wer den eingebunden jn die ſextern der choͤꝛe

380 2250 1429 140 ď en gel jn ein buͦch jn die glori des paradeiß

584 2343 897 147 Was die federn bedeüten
