2454 3300
660 463 1429 142 zerprochen. Do giengent die regierer jn dÿe

652 550 1442 133 kirchen vnd ſuͦchten die frauen vnd funden

651 625 1445 143 nun eine die ſtuͦnd an der erden beÿ dem eck

652 711 1448 148 des altars gancz gedemuͤtiget geleich als ei

654 801 1446 148 andere andechtige betende frau. Vnd die an

654 891 1440 135 dern zwuͦ frauen waren verſchwunden. Do

665 969 1438 153 ſpꝛachen die regierer zuͦ jr. Wo ſeind dÿe an

662 1056 1434 143 dern dein czwuͦ geſpilen. Do ſpꝛache ſÿ. Sÿ

665 1140 1438 145 ſeind hinweg von der kirchen gangen. Do

684 1226 1425 145 ſprachen die regierer nichcznit zuͦ der eini gẽ

671 1312 1441 140 frauen. Vnd als der voꝛgenannt prieſter jn

671 1393 1443 139 der meß fürſich faren wolt da begert er ein

673 1483 1443 143 andere hoſti. Do pꝛacht man jm fünf ander

684 1573 1430 135 hoſti die waren all durchſtochen alſo daz er

729 1653 1382 132 ÿ jn kein weg weÿhen wolt. Vnd da er all⸗

695 1730 1427 134 ſo trauriklichen ſtünd da kam zuͦ jm ei prie

696 1816 1418 138 ſter vnd ſpꝛach. Ich hab ein kleine hoſti ge

695 1901 1432 137 leÿch als ein pfenning die ſoͤllen jr conſecrie

691 1989 1434 130 ren oď ſegnen vnnd hebent dem volck eÿne

693 2075 1430 137 auff auß den vngeſegnoten dann ſÿ kündẽt

696 2156 1431 139 den pꝛuch nit ſehen. Do ſpꝛache der prieſter

700 2249 1427 130 der meß hielt zuͦ jm. Do ſeÿ got der herꝛ voꝛ

707 2330 1415 132 das jch das volck nichtt mach ab goͤtereÿer.

709 2423 1268 136 Vnnd allſo het das opffer ein ende etc.
