2460 3280
342 379 1421 125 Hiejnn iſt ein heÿmlicheit die jch ÿecz nit

329 462 1440 122 offenbaren will. Aber ſaͤlig ſeind die dÿe da

331 546 1432 113 mit den wenigen jn der kirchen beliben wie

333 630 1429 126 wol ſÿ nit ein offen opffer gehabt habend⸗

322 716 1443 116 den andern die durch zwitraͤchtigkeit auſſer

328 801 1437 119 halb der kirchen waren zuͦ einem ſchadẽ jrs

324 887 1436 118 heÿls  woͤlt got nit zuͦ einem ewigen vnnd

333 973 1436 116 wann jr werden ſehen das diſe ding geſche⸗

335 1058 1432 122 hen nach der pꝛopheceÿ Danielis ſo mügtt

338 1151 1438 117 jr ſprechen die voꝛgelegten woꝛt vnd denn

335 1231 1439 119 wirt nichß her voꝛ nen ſein dann das erfüllt

331 1321 1440 114 werd die pꝛopheceÿ die hernach volgt. Vñ

337 1408 1439 109 von den zweÿen pꝛopheceÿen iſt geſchriben

337 1477 1434 117 jm buͦch der weÿßheit genannt Eccleſiaſtes

337 1558 1437 120 am vierden capitel. Ich hab geſehen alle le⸗

333 1650 1443 117 bendige menſchen die da wanderten vnď der

340 1734 1431 130 ſunnen. Er ſpricht nit auf der ſunnen Durch

338 1825 1438 124 die begird des gemuͤtes jn der glori ſunď vn

338 1913 1435 111 der der ſunnen durch die begird des gemuͤts.

340 1993 1433 111 auff erden. Du ſolt auch mercken das mit dẽ

337 2077 1448 124 andern jüngling der für jn aufferſtan wÿrt

342 2159 1438 127 iſt die zal des volcks vnendtlich aller ď dÿe

353 2248 1429 122 voꝛ jm geweſen ſeind vn d die hernach kün

349 2332 1424 138 ftige ſeind werden ſich mit jn jn freüen. Oben
