2454 3300
709 430 1438 105 wirt der engel ſant Nichahel der da das feü

709 517 1435 106 er vom hpmel wirt pringen vnd wirt dẽ en

706 592 1441 117 decriſt vnd die mit jm ſeind toͤtten aber dÿe

704 680 1441 108 wurczen werden jn der erd beleibẽ  wẽn des

702 762 1447 114 en decriſt vnd ſeiner anhanger ſelen werden

702 848 1447 118 die hell vnder die erd geoꝛdnet. Die voͤgell

707 938 1438 110 vnd die thier die von dem baum weÿchen

713 1026 1432 101 werden werdent die voꝛgenanntẽ ſünď dÿe

709 1101 1440 110 nach des endecriſt tod jn der kleinen zeit dar

711 1186 1434 108 jnn die welt noch beſteen wirt werden vlaß

713 1270 1436 106 ſen die ſünd vnd laſter des endeceiſts. dz iſtt

713 1356 1436 101 wirdikeit ere vnd reÿchtumb vnd werden

707 1437 1444 114 buͦß anſich nemen ſo wirt ſÿ die barmherczi

709 1532 1442 107 keit gotes widerumb heÿlwertig machẽ do

715 1615 1434 97 ch werdẽ ſich wenig widerumb auß den cri⸗

717 1699 1432 92 ſten bekeren wann die criſten die da verlau

717 1776 1434 99 genet haben wolten vngern weÿchen So ſi

715 1859 1432 100 auf den paum moͤchten ſiczen. Darumb wer

711 1939 1436 108 den wenig auß den ſelben abtrinnig Criſten

711 2029 1431 105 züͦ rechter buͦpwertikeÿt kommen wenn die

718 2112 1422 106 gerechtikeit will dz der ď ſo tief ein mal auß

717 2198 1417 108 der genad des heiligen geiſtes gefallẽ iſt dz

715 2280 1427 108 der ſe b kaum vnnd ſchwaͤrlich aufferſteen

715 2372 1423 121 mug Es iſt auch gewÿß auß dem heÿligen
