2456 3280
758 417 1428 153 Hie heebt an ein Tractat van

842 526 1358 131 den Türcken als dÿe heÿlig Criſtenheit

846 617 1354 128 ÿecz von jn gepeiniget wirt. Geſamlett

840 696 1358 127 mit fleÿſſiger erfarung der geſchrifft vo

840 789 1360 127 etlichen pꝛuͦdern pꝛediger oꝛdens. Der ſa

846 874 1347 128 get vo dreÿen mercklichen dingen. Zuͦ

842 965 1353 121 dem erſten von der bewaͤrung der geſch⸗

844 1053 1347 113 rifſt die vo der gegenwertigen peiniguͦg

842 1131 1356 115 der criſtenheÿt reden. Zuͦ dem anderen

847 1219 1355 109 von den ſchulden vnd vꝛſachen diſer pei

846 1301 1354 114 nigung. Zuͦ dem dritten von der werü

847 1384 1350 117 ge vnnd dem ende. Das iſt wie lang dye

840 1468 1355 130 criſtenheit von jn gepeiniget ſoͤl werden.

1626 1596 560 113 ſe vier ding ſeid

1589 1694 604 99 zuͦ er zelẽ nach eÿn

1588 1765 594 108 ander beÿ der Jaͤ.

1578 1853 611 102 merlichen peÿni⸗

1586 1942 607 106 gung der criſtenli

1582 2028 607 111 chen kirchen Alls

1588 2111 596 104 ÿecz zuͦ vnſern zei

1586 2201 589 95 ten von den vnge

1577 2275 603 112 laubigẽ boͤſen tür

1575 2368 602 110 cken die muͦter der
