<?xml version="1.0" encoding="UTF-8"?>
<alto xmlns:xsi="http://www.w3.org/2001/XMLSchema-instance"
      xmlns="http://www.loc.gov/standards/alto/ns-v4#"
      xsi:schemaLocation="http://www.loc.gov/standards/alto/ns-v4# http://www.loc.gov/standards/alto/v4/alto-4-2.xsd">
  <Description>
    <MeasurementUnit>pixel</MeasurementUnit>
    <sourceImageInformation>
      <fileName>69_86d7e_default.jpg</fileName>
      <fileIdentifier>https://api.digitale-sammlungen.de/iiif/image/v2/bsb00034304_00070/full/full/0/default.jpg</fileIdentifier>
    </sourceImageInformation>
  </Description>
  <Tags>
    <OtherTag ID="BT1" LABEL="Title" DESCRIPTION="block type Title"/><OtherTag ID="BT2" LABEL="Main" DESCRIPTION="block type Main"/><OtherTag ID="BT3" LABEL="Commentary" DESCRIPTION="block type Commentary"/><OtherTag ID="BT4" LABEL="Illustration" DESCRIPTION="block type Illustration"/><OtherTag ID="BT279" LABEL="text" DESCRIPTION="block type text"/>
    <OtherTag ID="LT117" LABEL="default" DESCRIPTION="line type default"/>
  </Tags>
  <Layout>
    <Page WIDTH="2456"
          HEIGHT="3280"
          PHYSICAL_IMG_NR="69"
          ID="eSc_dummypage_">
      <PrintSpace HPOS="0"
                  VPOS="0"
                  WIDTH="2456"
                  HEIGHT="3280">
        <TextBlock HPOS="714"
                   VPOS="349"
                   WIDTH="1494"
                   HEIGHT="2105"
                   ID="eSc_textblock_87849cfb"
                   TAGREFS="BT279">
          <Shape><Polygon POINTS="758 349 2193 379 2208 1711 2164 1783 1974 1836 2005 1880 2149 1902 2193 1938 2200 2323 2171 2454 736 2439 714 1129 729 371 758 349"/></Shape>
          <TextLine ID="eSc_line_141af47d"
                    TAGREFS="LT117"
                    BASELINE="745 426 1248 437 2180 433" 
                    HPOS="745"
                    VPOS="358"
                    WIDTH="1435"
                    HEIGHT="112">
            <Shape><Polygon POINTS="2038 375 2020 375 2001 373 1985 373 1976 377 1970 379 1969 377 1963 373 1947 373 1929 373 1910 371 1892 371 1874 371 1856 371 1837 371 1819 369 1801 369 1794 369 1777 371 1770 369 1764 369 1746 369 1728 368 1721 373 1710 368 1692 368 1684 368 1673 371 1650 380 1516 380 1496 369 1487 364 1485 364 1484 364 1482 364 1480 364 1475 369 1460 379 1413 379 1398 368 1389 360 1382 360 1380 360 1371 368 1362 375 1341 368 1325 360 1323 360 1309 360 1270 360 1269 360 1267 360 1252 366 1212 379 1185 369 1183 369 1181 369 931 377 882 360 878 358 877 358 745 358 745 426 745 450 847 450 869 466 871 466 873 466 875 466 877 466 917 450 1019 450 1021 450 1072 464 1073 464 1075 464 1077 464 1115 451 1232 468 1234 468 1334 466 1336 466 1374 453 1418 453 1438 466 1440 466 1442 466 1444 466 1445 466 1482 451 1527 468 1529 468 1531 468 1637 457 1682 466 1684 466 1768 451 1772 451 1775 451 1881 468 1883 468 1885 468 1929 451 1930 451 1932 451 1970 468 1972 468 1974 470 2102 470 2102 468 2104 468 2105 468 2127 451 2131 451 2177 451 2180 433 2177 380 2069 380 2063 379 2051 375 2038 375"/></Shape>
	    <String CONTENT="klaͤrt von was ſünd wegen die criſtenheÿt"
                    HPOS="745"
                    VPOS="358"
                    WIDTH="1435"
                    HEIGHT="112"
                    WC="0.9998040596644083"></String>
          </TextLine>
          <TextLine ID="eSc_line_06d5a03a"
                    TAGREFS="LT117"
                    BASELINE="740 519 2186 524" 
                    HPOS="738"
                    VPOS="450"
                    WIDTH="1448"
                    HEIGHT="109">
            <Shape><Polygon POINTS="740 519 738 539 836 550 838 550 880 541 908 555 909 555 911 555 986 541 990 541 1028 541 1090 541 1132 555 1134 555 1135 555 1210 544 1230 557 1232 557 1234 557 1236 557 1309 544 1349 557 1351 557 1352 559 1465 559 1465 557 1467 557 1495 543 1575 557 1577 559 1688 559 1688 557 1690 557 1723 546 1754 559 1755 559 1757 559 1759 559 1795 544 1861 559 1863 559 1934 544 2184 544 2186 524 2184 462 2069 453 2067 453 2065 453 2063 453 2051 462 2038 470 1919 462 1885 461 1883 461 1881 461 1876 462 1854 470 1841 462 1828 453 1826 453 1825 453 1690 451 1688 451 1686 451 1664 462 1659 466 1651 462 1639 457 1637 457 1635 457 1633 457 1620 462 1611 468 1600 462 1591 459 1589 459 1588 459 1586 459 1584 459 1578 462 1569 470 1380 470 1367 464 1338 451 1336 451 1334 451 1332 451 1309 464 1300 470 1243 470 1234 464 1223 459 1221 459 1219 459 1152 464 1121 466 1115 464 1084 450 1083 450 1081 450 1079 450 1039 461 1008 450 1006 450 1004 450 1002 450 1000 450 982 464 979 468 933 468 929 464 908 451 906 451 904 451 818 450 816 450 815 450 813 450 791 464 791 466 740 466 740 519"/></Shape>
	    <String CONTENT="mit der bittern peinigung geſchlagen wirtt"
                    HPOS="738"
                    VPOS="450"
                    WIDTH="1448"
                    HEIGHT="109"
                    WC="0.9990747315543038"></String>
          </TextLine>
          <TextLine ID="eSc_line_3802cde2"
                    TAGREFS="LT117"
                    BASELINE="747 615 2184 606" 
                    HPOS="745"
                    VPOS="535"
                    WIDTH="1439"
                    HEIGHT="106">
            <Shape><Polygon POINTS="747 615 747 632 1031 641 1033 641 1035 641 1057 630 1059 630 1077 630 1199 639 1201 639 1203 639 1205 639 1216 630 1217 630 1232 630 1573 637 1575 637 1628 626 1635 626 1661 626 1863 635 1865 635 2144 634 2146 634 2184 623 2184 606 2180 555 2102 555 2100 553 2053 537 2051 537 2049 537 2047 537 2011 553 1996 541 1994 541 1992 541 1929 535 1927 535 1925 535 1892 552 1848 546 1847 546 1845 546 1832 552 1823 557 1726 557 1717 552 1699 539 1697 539 1695 539 1693 539 1692 539 1690 539 1675 550 1668 555 1606 550 1482 539 1480 539 1478 539 1451 548 1425 557 1376 548 1323 539 1321 539 1320 539 1300 548 1276 561 1155 561 1126 546 1112 541 1110 541 1108 541 1106 541 1104 541 1097 546 1090 552 1044 546 1030 544 1028 544 1026 544 1024 544 1024 546 1002 561 959 559 940 544 939 543 937 543 935 543 933 543 745 543 747 615"/></Shape>
	    <String CONTENT="Zuͦm driten wirt erklaͤret die groͤ ſſin der"
                    HPOS="745"
                    VPOS="535"
                    WIDTH="1439"
                    HEIGHT="106"
                    WC="0.9953021867708727"></String>
          </TextLine>
          <TextLine ID="eSc_line_7f9e6311"
                    TAGREFS="LT117"
                    BASELINE="743 692 2187 696" 
                    HPOS="742"
                    VPOS="625"
                    WIDTH="1445"
                    HEIGHT="107">
            <Shape><Polygon POINTS="743 692 742 717 802 725 804 725 855 717 889 714 928 717 1019 728 1021 728 1104 717 1110 717 1115 717 1179 728 1181 728 1239 717 1258 714 1265 717 1290 728 1292 728 1294 730 1380 730 1380 728 1382 728 1411 717 1537 730 1538 730 1540 730 1586 716 1589 716 1593 716 1651 730 1653 730 1655 730 1699 716 1702 716 1792 716 1794 716 1817 728 1819 728 1821 728 1878 716 1881 716 2022 716 2058 730 2060 730 2062 732 2062 730 2063 730 2100 716 2186 716 2187 696 2187 645 2140 626 2138 626 2107 626 2105 626 2104 626 2102 626 2080 643 2058 626 2056 626 2054 626 2053 626 1985 630 1983 630 1981 630 1961 643 1857 639 1834 626 1832 626 1830 626 1726 637 1692 626 1690 626 1577 626 1575 626 1573 626 1537 643 1535 643 1431 643 1396 643 1341 625 1340 625 1261 625 1259 625 1258 625 1256 625 1228 641 1228 643 1099 643 1099 641 1077 625 1075 625 1073 625 1011 625 1010 625 1008 625 973 641 971 641 920 632 918 632 798 641 787 641 785 641 773 630 771 630 769 630 767 630 765 630 743 639 743 692"/></Shape>
	    <String CONTENT="werung der peinigung ob ſi doch werd ein"
                    HPOS="742"
                    VPOS="625"
                    WIDTH="1445"
                    HEIGHT="107"
                    WC="0.9997702419757843"></String>
          </TextLine>
          <TextLine ID="eSc_line_1ebb3df7"
                    TAGREFS="LT117"
                    BASELINE="742 776 2184 779" 
                    HPOS="740"
                    VPOS="712"
                    WIDTH="1444"
                    HEIGHT="98">
            <Shape><Polygon POINTS="742 776 740 792 762 807 763 807 765 807 767 807 866 798 1041 805 1042 805 1123 794 1183 807 1185 807 1276 794 1341 805 1343 805 1345 805 1367 794 1427 805 1429 805 1431 805 1453 798 1469 809 1471 809 1473 809 1475 810 1741 810 1741 809 1817 796 1967 809 1969 809 1970 809 1998 796 2027 807 2029 807 2031 807 2182 794 2184 779 2184 728 2160 714 2158 714 2156 714 2089 714 2087 714 2085 714 2063 725 2040 714 2038 714 1943 714 1941 714 1841 728 1790 714 1788 714 1786 714 1785 714 1783 714 1763 728 1763 730 1704 730 1704 728 1661 714 1659 714 1657 714 1655 714 1615 728 1613 728 1608 728 1502 717 1500 717 1498 717 1496 717 1480 728 1464 714 1464 712 1462 712 1460 712 1458 712 1456 712 1422 727 1400 712 1398 712 1396 712 1394 712 1393 712 1347 727 1256 714 1254 714 1252 714 1250 714 1232 727 1232 728 1070 728 1068 727 1028 712 1026 712 1024 712 1022 712 982 723 926 712 924 712 922 712 882 727 880 727 878 727 847 712 846 712 844 712 842 712 811 727 809 727 742 727 742 776"/></Shape>
	    <String CONTENT="en de haben vnd wie lang ſÿ woͤꝛen ſoͤl. Ob"
                    HPOS="740"
                    VPOS="712"
                    WIDTH="1444"
                    HEIGHT="98"
                    WC="0.9978249249133196"></String>
          </TextLine>
          <TextLine ID="eSc_line_ab552e61"
                    TAGREFS="LT117"
                    BASELINE="738 871 2073 865" 
                    HPOS="736"
                    VPOS="799"
                    WIDTH="1337"
                    HEIGHT="108">
            <Shape><Polygon POINTS="738 871 738 891 802 891 805 891 840 903 842 903 844 903 962 891 968 891 971 891 1028 905 1030 905 1031 907 1152 907 1152 905 1154 905 1172 896 1321 903 1323 903 1325 903 1356 889 1358 889 1363 889 1455 898 1456 898 1599 889 1620 903 1622 903 1624 903 1626 903 1704 894 1746 902 1748 902 1750 902 1752 902 1768 887 1801 902 1803 902 1805 902 1806 902 1845 892 1883 902 1885 902 1887 902 1888 902 1919 887 2029 902 2031 902 2032 902 2073 885 2073 865 2067 812 2034 816 2029 812 2012 799 2011 799 2009 799 1961 799 1960 799 1958 799 1925 812 1914 818 1857 818 1845 812 1799 799 1797 799 1795 799 1794 799 1792 799 1774 814 1768 818 1675 818 1664 814 1602 801 1600 801 1599 801 1569 812 1551 805 1549 805 1547 805 1546 805 1544 805 1533 816 1527 818 1515 816 1480 809 1478 809 1400 816 1378 818 1374 816 1352 801 1351 801 1349 801 1269 801 1267 801 1265 801 1227 814 1183 801 1181 801 1179 801 1141 803 1139 803 1137 803 1121 818 1084 805 1083 805 1081 805 1079 805 1041 818 1035 820 1026 818 924 803 922 803 920 803 887 820 886 820 809 805 807 805 736 820 738 871"/></Shape>
	    <String CONTENT="es jn der geſchrifft voꝛan bezeÿchnet ſej."
                    HPOS="736"
                    VPOS="799"
                    WIDTH="1337"
                    HEIGHT="108"
                    WC="0.9847268656242726"></String>
          </TextLine>
          <TextLine ID="eSc_line_1c240afc"
                    TAGREFS="LT117"
                    BASELINE="742 967 980 960 2182 954" 
                    HPOS="740"
                    VPOS="881"
                    WIDTH="1442"
                    HEIGHT="108">
            <Shape><Polygon POINTS="742 967 742 984 955 978 968 984 984 989 986 989 988 989 1021 982 1042 978 1061 982 1081 987 1083 987 1084 987 1086 987 1106 982 1124 976 1132 982 1139 987 1141 987 1143 987 1145 989 1232 989 1232 987 1312 980 1358 976 1365 980 1376 985 1378 985 1380 985 1382 985 1398 980 1411 974 1424 980 1440 985 1442 985 1444 985 1445 985 1462 978 1473 974 1651 978 1963 984 1965 984 1967 984 1991 974 1998 973 2011 974 2054 984 2056 984 2180 973 2182 954 2178 898 2080 881 2078 881 2076 881 2018 898 2001 903 1867 903 1857 898 1837 887 1836 887 1834 887 1832 887 1799 898 1790 902 1786 898 1770 885 1768 885 1766 885 1764 885 1651 898 1637 900 1628 898 1577 889 1575 889 1573 889 1571 889 1558 900 1553 903 1527 900 1455 885 1453 885 1378 900 1345 907 1219 907 1208 900 1183 887 1181 887 1179 887 1177 887 1141 900 1126 907 1041 907 1031 900 1013 889 1011 889 1010 889 959 889 957 889 955 889 933 902 931 902 929 902 897 889 895 889 767 889 765 889 763 889 740 898 742 967"/></Shape>
	    <String CONTENT="Es iſt auch zemercken das die dreÿ teÿle"
                    HPOS="740"
                    VPOS="881"
                    WIDTH="1442"
                    HEIGHT="108"
                    WC="0.973315186443783"></String>
          </TextLine>
          <TextLine ID="eSc_line_8f8dc506"
                    TAGREFS="LT117"
                    BASELINE="736 1040 2182 1044" 
                    HPOS="734"
                    VPOS="974"
                    WIDTH="1448"
                    HEIGHT="102">
            <Shape><Polygon POINTS="736 1040 734 1056 816 1058 844 1073 846 1073 847 1073 920 1060 922 1060 924 1060 962 1073 964 1073 966 1073 1037 1062 1046 1060 1052 1062 1075 1071 1077 1071 1079 1071 1143 1062 1165 1060 1192 1064 1267 1073 1269 1073 1376 1066 1458 1060 1471 1067 1485 1075 1487 1075 1489 1075 1591 1067 1640 1066 1812 1071 1938 1075 1940 1075 1941 1075 1947 1073 1978 1062 2056 1075 2065 1075 2067 1075 2069 1075 2073 1075 2115 1062 2129 1075 2131 1075 2133 1075 2135 1076 2180 1076 2182 1044 2180 985 2120 976 2118 976 2116 976 2087 985 2056 996 1969 996 1950 985 1932 976 1930 976 1894 976 1892 976 1890 976 1856 985 1825 996 1681 996 1666 987 1648 976 1646 976 1644 976 1642 976 1640 976 1604 987 1588 976 1586 976 1584 976 1516 976 1515 976 1427 989 1394 993 1371 989 1296 974 1294 974 1254 976 1252 976 1250 976 1230 989 1223 994 1154 994 1145 989 1110 978 1108 978 1106 978 1104 978 1103 978 1086 991 1081 994 1039 994 1033 991 1008 974 1006 974 1004 974 882 974 880 974 878 974 835 991 829 993 822 991 780 982 778 982 736 991 736 1040"/></Shape>
	    <String CONTENT="od gelider des erſten teÿls der ÿecz hernach"
                    HPOS="734"
                    VPOS="974"
                    WIDTH="1448"
                    HEIGHT="102"
                    WC="0.9925927506840747"></String>
          </TextLine>
          <TextLine ID="eSc_line_5b093a55"
                    TAGREFS="LT117"
                    BASELINE="740 1122 2178 1126" 
                    HPOS="740"
                    VPOS="1051"
                    WIDTH="1438"
                    HEIGHT="107">
            <Shape><Polygon POINTS="740 1122 740 1151 1037 1144 1079 1151 1108 1155 1110 1155 1145 1149 1186 1144 1212 1149 1232 1155 1234 1155 1236 1155 1278 1149 1309 1146 1362 1149 1453 1155 1455 1155 1504 1148 1527 1146 1568 1148 1702 1157 1704 1157 1754 1148 1761 1146 1764 1148 1785 1157 1786 1157 1788 1158 1894 1158 1894 1157 1896 1157 1898 1157 1914 1146 1916 1146 1994 1146 1996 1146 2009 1157 2011 1157 2012 1157 2014 1158 2084 1158 2084 1157 2177 1144 2178 1126 2175 1071 2122 1073 2105 1069 2049 1055 2047 1055 1967 1055 1965 1055 1963 1055 1961 1055 1945 1067 1936 1075 1821 1075 1797 1066 1783 1060 1781 1060 1779 1060 1755 1064 1712 1073 1699 1064 1688 1055 1686 1055 1684 1055 1682 1055 1564 1062 1495 1066 1480 1060 1460 1053 1458 1053 1320 1053 1318 1053 1316 1053 1301 1058 1281 1066 1245 1056 1230 1055 1228 1055 1227 1055 1221 1056 1194 1073 1134 1073 1101 1055 1095 1053 1093 1053 1092 1053 1090 1053 1088 1053 1086 1055 1059 1071 959 1062 957 1062 955 1062 953 1062 942 1073 871 1073 835 1053 833 1053 831 1053 829 1053 796 1064 740 1051 740 1122"/></Shape>
	    <String CONTENT="koͤmet vaſt nüczlich ſeind für die predÿger"
                    HPOS="740"
                    VPOS="1051"
                    WIDTH="1438"
                    HEIGHT="107"
                    WC="0.9950827048583464"></String>
          </TextLine>
          <TextLine ID="eSc_line_8705a01b"
                    TAGREFS="LT117"
                    BASELINE="740 1206 2180 1211" 
                    HPOS="738"
                    VPOS="1140"
                    WIDTH="1442"
                    HEIGHT="99">
            <Shape><Polygon POINTS="740 1206 738 1220 791 1231 793 1231 1010 1224 1021 1224 1022 1224 1057 1235 1059 1235 1061 1235 1137 1224 1146 1224 1159 1224 1232 1235 1234 1235 1274 1226 1276 1226 1292 1237 1294 1237 1296 1237 1298 1237 1418 1228 1445 1226 1482 1228 1613 1237 1615 1237 1675 1230 1681 1230 1682 1230 1699 1239 1701 1239 1702 1239 1783 1231 1799 1230 1808 1231 1848 1239 1850 1239 1938 1231 1996 1228 2177 1233 2180 1211 2178 1162 2133 1162 2133 1160 2100 1146 2098 1146 2096 1146 1903 1157 1837 1160 1825 1157 1799 1146 1797 1146 1795 1146 1755 1155 1739 1158 1726 1155 1699 1144 1697 1144 1511 1144 1509 1144 1507 1144 1506 1144 1496 1151 1495 1153 1491 1151 1482 1146 1480 1146 1478 1146 1476 1146 1465 1151 1449 1160 1338 1160 1314 1148 1305 1144 1303 1144 1301 1144 1283 1148 1239 1158 1194 1146 1185 1144 1183 1144 1181 1144 1179 1144 1177 1144 1176 1146 1155 1157 917 1148 915 1148 913 1148 891 1157 740 1140 740 1206"/></Shape>
	    <String CONTENT="des woꝛt gotes dem volck fürzelegen vonn"
                    HPOS="738"
                    VPOS="1140"
                    WIDTH="1442"
                    HEIGHT="99"
                    WC="0.9999723717570305"></String>
          </TextLine>
          <TextLine ID="eSc_line_e5a12723"
                    TAGREFS="LT117"
                    BASELINE="740 1290 2187 1293" 
                    HPOS="738"
                    VPOS="1222"
                    WIDTH="1449"
                    HEIGHT="106">
            <Shape><Polygon POINTS="740 1290 738 1306 774 1317 776 1317 778 1317 780 1317 807 1310 825 1322 827 1322 829 1322 831 1322 982 1310 1033 1324 1035 1324 1037 1326 1128 1326 1128 1324 1130 1324 1132 1324 1150 1310 1174 1319 1176 1319 1177 1319 1247 1312 1265 1324 1267 1324 1269 1324 1270 1324 1462 1310 1496 1326 1498 1326 1500 1328 1571 1328 1571 1326 1573 1326 1575 1326 1593 1313 1659 1326 1661 1326 1737 1317 1810 1326 1812 1326 1814 1326 1816 1326 1836 1313 1857 1326 1859 1326 1861 1326 1905 1317 1949 1326 1950 1326 1952 1326 1998 1312 2105 1326 2107 1326 2186 1310 2187 1293 2187 1246 2016 1246 2011 1242 1987 1226 1985 1226 1983 1226 1896 1226 1894 1226 1892 1226 1854 1239 1834 1226 1832 1226 1830 1226 1828 1226 1826 1226 1825 1226 1810 1239 1808 1240 1719 1244 1699 1237 1668 1226 1666 1226 1595 1226 1593 1226 1591 1226 1589 1226 1575 1235 1558 1246 1487 1246 1467 1233 1455 1224 1453 1224 1451 1224 1449 1224 1447 1224 1431 1233 1411 1242 1356 1231 1334 1228 1332 1228 1331 1228 1321 1231 1289 1242 1243 1231 1241 1231 1239 1231 1238 1231 1199 1242 1141 1228 1123 1224 1121 1224 1119 1224 1110 1228 1073 1244 913 1244 858 1224 856 1224 740 1222 740 1290"/></Shape>
	    <String CONTENT="diſer anuechtung vnd peinigüg dz iſt wÿe"
                    HPOS="738"
                    VPOS="1222"
                    WIDTH="1449"
                    HEIGHT="106"
                    WC="0.9801372405959339"></String>
          </TextLine>
          <TextLine ID="eSc_line_9b8e9496"
                    TAGREFS="LT117"
                    BASELINE="747 1375 2182 1383" 
                    HPOS="745"
                    VPOS="1304"
                    WIDTH="1437"
                    HEIGHT="108">
            <Shape><Polygon POINTS="747 1375 745 1395 791 1406 793 1406 794 1406 796 1406 813 1395 816 1395 984 1395 999 1397 1061 1406 1062 1406 1064 1406 1066 1406 1079 1397 1083 1395 1090 1397 1137 1408 1139 1408 1341 1397 1365 1397 1376 1397 1465 1410 1467 1410 1693 1399 1701 1399 1706 1399 1823 1412 1825 1412 1918 1401 1998 1412 2000 1412 2180 1399 2182 1383 2180 1330 2085 1312 2084 1312 2082 1312 2060 1321 2023 1312 2022 1312 2020 1312 2018 1312 2016 1312 1994 1326 1989 1330 1894 1330 1881 1324 1852 1312 1850 1312 1848 1312 1797 1322 1785 1324 1777 1322 1752 1310 1750 1310 1748 1310 1693 1319 1642 1310 1640 1310 1639 1310 1611 1319 1589 1326 1568 1319 1551 1312 1549 1312 1547 1312 1506 1317 1475 1321 1464 1317 1444 1308 1442 1308 1440 1308 1403 1315 1358 1324 1303 1315 1301 1315 1201 1324 1177 1312 1174 1308 1172 1308 1170 1308 1168 1308 1141 1310 1035 1322 982 1308 977 1306 975 1306 973 1306 971 1306 970 1306 970 1308 951 1322 906 1322 882 1306 880 1306 878 1306 747 1304 747 1375"/></Shape>
	    <String CONTENT="ſÿ voꝛ bezaichnet vnd gemerckt iſt auß der"
                    HPOS="745"
                    VPOS="1304"
                    WIDTH="1437"
                    HEIGHT="108"
                    WC="0.9869995366695316"></String>
          </TextLine>
          <TextLine ID="eSc_line_5683cca2"
                    TAGREFS="LT117"
                    BASELINE="740 1457 1343 1470 2189 1470" 
                    HPOS="738"
                    VPOS="1392"
                    WIDTH="1451"
                    HEIGHT="114">
            <Shape><Polygon POINTS="740 1457 738 1481 900 1481 911 1485 944 1497 946 1497 948 1497 1013 1485 1017 1485 1021 1485 1072 1499 1073 1499 1166 1501 1168 1503 1347 1503 1347 1501 1349 1501 1394 1486 1402 1485 1413 1486 1504 1503 1506 1503 1613 1490 1679 1505 1681 1505 1876 1492 1932 1506 1934 1506 1936 1506 1938 1506 1940 1506 1965 1490 2187 1490 2189 1470 2189 1419 2136 1401 2135 1401 2082 1401 2080 1401 2078 1401 2047 1417 2045 1419 1938 1419 1930 1415 1892 1399 1890 1399 1888 1399 1743 1412 1695 1415 1686 1410 1659 1397 1657 1397 1655 1397 1547 1406 1526 1399 1524 1399 1522 1399 1520 1399 1489 1408 1467 1414 1453 1408 1427 1395 1425 1395 1424 1395 1422 1395 1391 1406 1385 1408 1382 1406 1365 1395 1363 1395 1362 1395 1301 1395 1300 1395 1298 1395 1278 1404 1263 1412 1248 1404 1230 1395 1228 1395 1227 1395 1186 1403 1152 1410 1010 1410 959 1399 911 1392 909 1392 908 1392 882 1399 851 1406 740 1397 740 1457"/></Shape>
	    <String CONTENT="bewaͤrten geſchrifft der heiligen. Zuͦm andn"
                    HPOS="738"
                    VPOS="1392"
                    WIDTH="1451"
                    HEIGHT="114"
                    WC="0.9877995821562681"></String>
          </TextLine>
          <TextLine ID="eSc_line_dd9790af"
                    TAGREFS="LT117"
                    BASELINE="743 1550 1509 1561 2186 1556" 
                    HPOS="742"
                    VPOS="1488"
                    WIDTH="1444"
                    HEIGHT="102">
            <Shape><Polygon POINTS="743 1550 742 1570 840 1581 842 1581 908 1572 909 1572 913 1572 993 1587 995 1587 1223 1578 1292 1587 1294 1587 1394 1576 1411 1588 1413 1588 1414 1588 1416 1588 1546 1576 1571 1588 1573 1588 1575 1590 1744 1590 1744 1588 1746 1588 1772 1576 1785 1587 1786 1587 1788 1587 1874 1590 1876 1590 1878 1590 1910 1578 1998 1587 2000 1587 2184 1576 2186 1556 2182 1501 1947 1492 1945 1492 1943 1492 1918 1499 1899 1505 1870 1499 1828 1492 1826 1492 1825 1492 1803 1499 1785 1505 1748 1499 1693 1490 1692 1490 1690 1490 1688 1490 1677 1499 1671 1503 1668 1499 1659 1492 1657 1492 1655 1492 1653 1492 1651 1492 1628 1499 1611 1505 1487 1505 1475 1499 1458 1492 1456 1492 1455 1492 1453 1492 1431 1497 1414 1503 1396 1497 1362 1488 1360 1488 1358 1488 1356 1488 1334 1497 1327 1503 1238 1503 1232 1497 1219 1488 1217 1488 1216 1488 1214 1488 1212 1488 1192 1497 1185 1501 1176 1497 1155 1488 1154 1488 1152 1488 1072 1490 1070 1490 1055 1497 1046 1501 1031 1497 1011 1492 1010 1492 1008 1492 1006 1492 984 1497 975 1499 971 1497 960 1488 959 1488 957 1488 955 1488 953 1488 933 1497 926 1499 743 1497 743 1550"/></Shape>
	    <String CONTENT="von was ſünden wegen mit ſo einer bitern"
                    HPOS="742"
                    VPOS="1488"
                    WIDTH="1444"
                    HEIGHT="102"
                    WC="0.9918553560972214"></String>
          </TextLine>
          <TextLine ID="eSc_line_8cd31e22"
                    TAGREFS="LT117"
                    BASELINE="747 1638 2184 1645" 
                    HPOS="747"
                    VPOS="1570"
                    WIDTH="1437"
                    HEIGHT="108">
            <Shape><Polygon POINTS="747 1638 747 1660 886 1658 900 1661 942 1672 944 1672 946 1672 1004 1661 1026 1658 1031 1661 1048 1672 1050 1672 1052 1672 1114 1674 1115 1674 1117 1674 1119 1674 1135 1661 1141 1660 1248 1660 1259 1663 1283 1670 1285 1670 1287 1670 1289 1670 1290 1670 1301 1663 1305 1660 1310 1663 1327 1674 1329 1674 1331 1674 1332 1674 1334 1674 1372 1663 1374 1663 1376 1663 1467 1676 1469 1676 1471 1676 1518 1665 1814 1676 1816 1676 1870 1665 1879 1663 1887 1665 1923 1678 1925 1678 1927 1678 1929 1678 1972 1665 1981 1663 2180 1665 2184 1645 2184 1594 2158 1581 2156 1581 2155 1581 2076 1592 1938 1576 1936 1576 1934 1576 1903 1592 1901 1594 1850 1594 1848 1592 1825 1574 1823 1574 1821 1574 1746 1574 1744 1574 1743 1574 1741 1574 1713 1590 1671 1578 1670 1578 1668 1578 1617 1585 1546 1574 1544 1574 1542 1574 1540 1574 1516 1588 1516 1590 1515 1588 1496 1574 1495 1574 1493 1574 1414 1572 1338 1572 1336 1572 1334 1572 1300 1588 1298 1590 1219 1590 1216 1587 1197 1572 1196 1572 1194 1572 1192 1572 1092 1587 1083 1588 971 1588 968 1585 937 1570 935 1570 933 1570 747 1583 747 1638"/></Shape>
	    <String CONTENT="peinigung die criſtẽlich kirch geſtraft wirt"
                    HPOS="747"
                    VPOS="1570"
                    WIDTH="1437"
                    HEIGHT="108"
                    WC="0.9876055637995402"></String>
          </TextLine>
          <TextLine ID="eSc_line_c2152c7c"
                    TAGREFS="LT117"
                    BASELINE="742 1716 2182 1727" 
                    HPOS="740"
                    VPOS="1652"
                    WIDTH="1442"
                    HEIGHT="110">
            <Shape><Polygon POINTS="742 1716 740 1740 840 1751 842 1751 844 1751 873 1742 886 1738 980 1738 991 1742 1022 1752 1024 1752 1026 1752 1028 1752 1030 1752 1046 1742 1050 1740 1061 1742 1112 1752 1114 1752 1115 1752 1117 1752 1132 1742 1134 1740 1199 1740 1205 1742 1221 1754 1223 1754 1225 1754 1227 1754 1413 1743 1444 1742 1449 1743 1482 1756 1484 1756 1485 1756 1653 1747 1675 1756 1677 1756 1679 1756 1741 1745 1941 1760 1943 1762 2062 1762 2062 1760 2063 1760 2089 1747 2156 1756 2158 1756 2160 1756 2180 1745 2182 1727 2182 1678 2149 1663 2147 1663 2058 1663 2056 1663 2000 1674 1969 1680 1850 1672 1801 1669 1799 1669 1754 1670 1593 1676 1577 1667 1568 1660 1566 1660 1564 1660 1506 1660 1504 1660 1502 1660 1500 1660 1491 1665 1473 1676 1402 1667 1400 1667 1363 1674 1331 1661 1320 1658 1318 1658 1316 1658 1314 1658 1312 1658 1309 1661 1289 1674 1086 1674 1048 1658 1044 1656 1042 1656 1041 1656 1039 1656 1035 1656 984 1672 964 1656 964 1654 962 1654 960 1654 959 1654 957 1654 953 1656 929 1665 742 1652 742 1716"/></Shape>
	    <String CONTENT="Zuͦm driten von dem ende jrer werung alls"
                    HPOS="740"
                    VPOS="1652"
                    WIDTH="1442"
                    HEIGHT="110"
                    WC="0.9997666143789524"></String>
          </TextLine>
          <TextLine ID="eSc_line_af0f924a"
                    TAGREFS="LT117"
                    BASELINE="745 1804 1786 1809" 
                    HPOS="743"
                    VPOS="1736"
                    WIDTH="1043"
                    HEIGHT="100">
            <Shape><Polygon POINTS="745 1804 743 1825 807 1833 809 1833 811 1833 813 1833 813 1831 820 1825 827 1820 886 1820 908 1825 933 1833 935 1833 937 1833 982 1825 997 1824 1008 1825 1044 1833 1046 1833 1048 1833 1062 1825 1070 1822 1079 1825 1104 1834 1106 1834 1108 1834 1110 1834 1145 1825 1155 1822 1157 1825 1168 1833 1168 1834 1170 1834 1172 1834 1174 1834 1230 1825 1248 1834 1250 1834 1252 1836 1372 1836 1372 1834 1374 1834 1409 1824 1418 1822 1440 1824 1544 1836 1546 1836 1547 1836 1577 1824 1582 1824 1693 1833 1695 1833 1785 1822 1786 1809 1785 1758 1701 1756 1682 1743 1681 1743 1679 1743 1677 1743 1675 1743 1642 1756 1639 1758 1522 1758 1515 1754 1484 1742 1482 1742 1480 1742 1478 1742 1447 1752 1438 1756 1427 1752 1382 1738 1380 1738 1378 1738 1376 1738 1347 1752 1340 1756 1252 1756 1243 1751 1223 1738 1221 1738 1219 1738 1168 1738 1166 1738 1165 1738 1163 1738 1150 1749 1145 1754 1130 1749 1093 1736 1092 1736 1031 1736 1030 1736 1028 1736 1026 1736 1011 1747 1004 1752 997 1747 982 1740 980 1740 979 1740 942 1747 924 1751 917 1747 897 1736 895 1736 840 1736 838 1736 836 1736 815 1745 800 1752 789 1745 778 1736 776 1736 774 1736 773 1736 771 1736 745 1743 745 1804"/></Shape>
	    <String CONTENT="jn der geſchrifft gefunden wirt."
                    HPOS="743"
                    VPOS="1736"
                    WIDTH="1043"
                    HEIGHT="100"
                    WC="0.9966716039925814"></String>
          </TextLine>
          <TextLine ID="eSc_line_f99b3d1a"
                    TAGREFS="LT117"
                    BASELINE="964 1895 1888 1893" 
                    HPOS="962"
                    VPOS="1822"
                    WIDTH="926"
                    HEIGHT="100">
            <Shape><Polygon POINTS="964 1895 964 1906 1150 1906 1154 1906 1174 1920 1176 1920 1177 1920 1179 1922 1232 1922 1232 1920 1234 1920 1263 1906 1267 1906 1270 1906 1318 1920 1320 1920 1321 1922 1394 1922 1394 1920 1396 1920 1398 1920 1398 1918 1411 1906 1413 1906 1422 1906 1493 1915 1495 1915 1611 1907 1640 1920 1642 1920 1644 1922 1839 1922 1839 1920 1841 1920 1888 1906 1888 1893 1885 1844 1646 1844 1639 1838 1620 1822 1619 1822 1617 1822 1555 1822 1553 1822 1551 1822 1522 1834 1506 1842 1467 1842 1455 1833 1436 1822 1434 1822 1433 1822 1431 1822 1358 1824 1356 1824 1354 1824 1345 1831 1331 1842 1276 1838 1267 1829 1258 1822 1256 1822 1254 1822 1252 1822 1216 1829 1154 1840 1088 1836 1079 1825 1075 1824 1075 1822 1073 1822 1072 1822 1070 1822 962 1822 964 1895"/></Shape>
	    <String CONTENT="Der erſt teÿl des Cracrats."
                    HPOS="962"
                    VPOS="1822"
                    WIDTH="926"
                    HEIGHT="100"
                    WC="0.9760123320988247"></String>
          </TextLine>
          <TextLine ID="eSc_line_31e31980"
                    TAGREFS="LT117"
                    BASELINE="762 1977 2175 1984" 
                    HPOS="760"
                    VPOS="1902"
                    WIDTH="1415"
                    HEIGHT="111">
            <Shape><Polygon POINTS="762 1977 760 1991 802 2008 804 2008 805 2008 807 2008 842 1995 1042 1995 1114 1995 1115 1995 1172 2009 1174 2009 1176 2009 1309 2008 1310 2008 1312 2008 1327 1997 1365 2009 1367 2009 1369 2009 1427 1998 1467 2011 1469 2011 1471 2011 1584 1998 1589 1998 1591 1998 1611 2008 1613 2008 1615 2008 1617 2008 1635 1998 1637 1998 1640 1998 1697 2011 1699 2011 1817 2004 1856 2013 1857 2013 1859 2013 2173 2002 2175 1984 2175 1931 2071 1907 2025 1907 2023 1907 2022 1907 2020 1907 2005 1920 1989 1907 1987 1907 1985 1907 1941 1907 1940 1907 1938 1907 1903 1924 1883 1924 1821 1927 1806 1922 1757 1906 1755 1906 1754 1906 1752 1906 1710 1920 1695 1927 1602 1927 1578 1918 1544 1906 1542 1906 1540 1906 1538 1906 1500 1916 1467 1926 1376 1915 1374 1915 1372 1915 1371 1915 1354 1926 1115 1926 1048 1907 1028 1902 1026 1902 1024 1902 1004 1906 960 1916 939 1906 933 1902 931 1902 762 1902 762 1977"/></Shape>
	    <String CONTENT="Zuͦ einer erjnnerung des erſten teÿls ď da"
                    HPOS="760"
                    VPOS="1902"
                    WIDTH="1415"
                    HEIGHT="111"
                    WC="0.9938775260340084"></String>
          </TextLine>
          <TextLine ID="eSc_line_c8d9f8c3"
                    TAGREFS="LT117"
                    BASELINE="747 2059 1732 2073 2171 2070" 
                    HPOS="745"
                    VPOS="1993"
                    WIDTH="1426"
                    HEIGHT="113">
            <Shape><Polygon POINTS="747 2059 745 2079 842 2093 844 2093 977 2082 997 2080 1002 2082 1033 2095 1035 2095 1037 2095 1124 2082 1134 2082 1139 2082 1186 2097 1188 2097 1190 2099 1252 2099 1252 2097 1254 2097 1278 2084 1279 2084 1281 2084 1341 2099 1343 2101 1414 2101 1414 2099 1416 2099 1418 2099 1436 2086 1455 2099 1456 2099 1458 2099 1460 2099 1516 2090 1544 2101 1546 2101 1547 2102 1595 2102 1595 2101 1597 2101 1599 2101 1613 2088 1644 2097 1646 2097 1648 2097 1779 2090 1837 2104 1839 2104 1841 2106 1949 2106 1949 2104 1950 2104 2001 2091 2093 2104 2094 2104 2169 2091 2171 2070 2167 2024 2076 2024 2074 2022 2058 2008 2056 2008 2054 2008 2053 2008 2051 2008 2049 2008 2029 2022 2027 2022 1976 2022 1976 2020 1925 2004 1923 2004 1921 2004 1739 2019 1726 2019 1723 2019 1673 2000 1671 2000 1670 2000 1668 2000 1642 2011 1569 2000 1568 2000 1566 2000 1531 2017 1527 2017 1511 2015 1340 1997 1238 1997 1236 1997 1234 1997 1194 2011 1190 2013 1135 2013 1134 2011 1108 1995 1106 1995 1104 1995 1103 1995 1101 1995 1064 2011 1061 2011 1044 2009 869 1993 867 1993 866 1993 864 1993 844 2006 807 1997 805 1997 804 1997 747 2006 747 2059"/></Shape>
	    <String CONTENT="ſagt von den goͤtlichen offenbarungen dÿ⸗"
                    HPOS="745"
                    VPOS="1993"
                    WIDTH="1426"
                    HEIGHT="113"
                    WC="0.996665053424381"></String>
          </TextLine>
          <TextLine ID="eSc_line_40aef9b4"
                    TAGREFS="LT117"
                    BASELINE="742 2148 2175 2155" 
                    HPOS="740"
                    VPOS="2079"
                    WIDTH="1435"
                    HEIGHT="109">
            <Shape><Polygon POINTS="742 2148 740 2168 816 2168 842 2179 844 2179 846 2179 889 2170 906 2181 908 2181 909 2181 911 2181 1022 2172 1037 2183 1039 2183 1041 2183 1042 2183 1161 2172 1188 2184 1190 2184 1192 2184 1365 2170 1371 2170 1374 2170 1458 2186 1460 2186 1526 2172 1584 2173 1599 2186 1600 2186 1602 2186 1604 2186 1677 2172 1706 2186 1708 2186 1710 2186 1914 2173 1932 2188 1934 2188 1936 2188 1938 2188 2023 2173 2173 2173 2175 2155 2173 2088 1863 2102 1823 2086 1821 2086 1819 2086 1817 2086 1816 2086 1799 2099 1785 2088 1783 2088 1781 2088 1646 2084 1635 2084 1633 2084 1631 2084 1582 2097 1524 2088 1522 2088 1458 2101 1354 2082 1352 2082 1351 2082 1349 2082 1347 2082 1318 2101 1115 2101 1062 2080 1061 2080 1059 2080 1057 2080 1017 2099 882 2099 867 2086 866 2086 864 2086 742 2079 742 2148"/></Shape>
	    <String CONTENT="ſer anuechtung vnd peinigung der gabẽ d"
                    HPOS="740"
                    VPOS="2079"
                    WIDTH="1435"
                    HEIGHT="109"
                    WC="0.9972735300660134"></String>
          </TextLine>
          <TextLine ID="eSc_line_d5758fd3"
                    TAGREFS="LT117"
                    BASELINE="749 2224 1022 2241 2177 2243" 
                    HPOS="749"
                    VPOS="2166"
                    WIDTH="1428"
                    HEIGHT="108">
            <Shape><Polygon POINTS="749 2224 749 2252 833 2252 873 2268 875 2268 877 2268 1059 2261 1090 2270 1092 2270 1093 2270 1307 2254 1314 2254 1316 2254 1336 2270 1338 2270 1340 2270 1341 2270 1343 2270 1394 2257 1416 2272 1418 2272 1420 2272 1422 2272 1424 2272 1478 2255 1502 2266 1504 2266 1506 2266 1719 2255 1735 2255 1737 2255 1786 2274 1788 2274 1790 2274 1947 2257 1949 2257 1956 2257 1991 2257 2011 2274 2012 2274 2014 2274 2016 2274 2076 2263 2129 2274 2131 2274 2133 2274 2175 2257 2177 2243 2177 2192 2093 2192 2091 2190 2069 2172 2067 2172 2065 2172 2027 2172 2025 2172 2023 2172 1991 2188 1987 2192 1907 2192 1901 2188 1878 2172 1876 2172 1874 2172 1872 2172 1801 2186 1786 2188 1768 2186 1668 2170 1666 2170 1589 2183 1560 2190 1444 2190 1429 2181 1400 2168 1398 2168 1396 2168 1318 2177 1258 2168 1256 2168 1254 2168 1252 2168 1236 2179 1232 2181 1217 2179 1170 2170 1168 2170 1166 2170 1143 2177 1115 2186 968 2186 951 2175 937 2166 935 2166 933 2166 858 2166 856 2166 855 2166 853 2166 842 2173 827 2183 749 2173 749 2224"/></Shape>
	    <String CONTENT="weiſſagung halb iſt zemercken czuͦm erſten."
                    HPOS="749"
                    VPOS="2166"
                    WIDTH="1428"
                    HEIGHT="108"
                    WC="0.9942429744920065"></String>
          </TextLine>
          <TextLine ID="eSc_line_39e356aa"
                    TAGREFS="LT117"
                    BASELINE="754 2317 2177 2336" 
                    HPOS="753"
                    VPOS="2244"
                    WIDTH="1424"
                    HEIGHT="117">
            <Shape><Polygon POINTS="754 2317 753 2328 824 2330 844 2345 846 2345 847 2345 849 2345 895 2337 918 2348 920 2348 922 2348 984 2341 1143 2350 1145 2350 1146 2350 1174 2341 1208 2352 1210 2352 1212 2352 1307 2343 1321 2341 1327 2343 1356 2354 1358 2354 1360 2354 1411 2345 1440 2339 1451 2345 1471 2356 1473 2356 1475 2356 1527 2347 1564 2341 1584 2348 1606 2357 1608 2357 1609 2357 1677 2350 1750 2343 2173 2361 2177 2336 2171 2263 2109 2279 2031 2279 1992 2261 1991 2261 1989 2261 1910 2275 1892 2265 1890 2265 1888 2265 1887 2265 1803 2275 1750 2257 1748 2257 1746 2257 1675 2274 1608 2255 1606 2255 1604 2255 1597 2255 1462 2257 1460 2257 1458 2257 1444 2268 1422 2257 1420 2257 1418 2257 1416 2257 1374 2270 1276 2270 1254 2252 1252 2252 1250 2252 1207 2252 1205 2252 1203 2252 1201 2252 1177 2268 1041 2268 1021 2252 1019 2252 1017 2252 1015 2252 1013 2252 988 2266 897 2266 754 2244 754 2317"/></Shape>
	    <String CONTENT="Das wir on all en zweifel genoͤt werden zuͦ"
                    HPOS="753"
                    VPOS="2244"
                    WIDTH="1424"
                    HEIGHT="117"
                    WC="0.9886970894281254"></String>
          </TextLine>
          <TextLine ID="eSc_line_1e1b89ea"
                    TAGREFS="LT117"
                    BASELINE="747 2405 2169 2423" 
                    HPOS="745"
                    VPOS="2330"
                    WIDTH="1424"
                    HEIGHT="133">
            <Shape><Polygon POINTS="747 2405 745 2443 884 2429 915 2445 918 2447 920 2447 922 2447 940 2445 1068 2432 1108 2445 1124 2450 1126 2450 1281 2452 1283 2452 1285 2452 1287 2452 1298 2445 1314 2436 1409 2436 1424 2445 1434 2454 1436 2454 1438 2454 1571 2456 1573 2456 1646 2445 1679 2439 1690 2445 1710 2454 1712 2454 1713 2454 1715 2454 1743 2445 1752 2441 1761 2445 1805 2460 1806 2460 1808 2460 1810 2460 1868 2445 1883 2441 1916 2445 2102 2463 2104 2463 2105 2463 2167 2443 2169 2423 2169 2367 2129 2348 2127 2348 2125 2348 2124 2348 2089 2367 2087 2367 2082 2367 2027 2354 2025 2354 1981 2363 1970 2365 1965 2363 1932 2347 1930 2347 1743 2343 1741 2343 1681 2356 1648 2361 1578 2352 1520 2345 1518 2345 1516 2345 1515 2345 1507 2350 1496 2357 1318 2357 1250 2345 1248 2345 1188 2356 1166 2341 1165 2339 1163 2339 1161 2339 1159 2339 1157 2339 1155 2339 1155 2341 1137 2356 1059 2356 1022 2337 1019 2336 1017 2336 1015 2336 1013 2336 1011 2336 990 2352 924 2334 922 2334 920 2334 918 2334 915 2334 842 2348 804 2332 802 2332 747 2330 747 2405"/></Shape>
	    <String CONTENT="ſprechen die gegen wertigen truͤbſalin vnnd"
                    HPOS="745"
                    VPOS="2330"
                    WIDTH="1424"
                    HEIGHT="133"
                    WC="0.9905428803244303"></String>
          </TextLine>
        </TextBlock>
      </PrintSpace>
    </Page>
  </Layout>
</alto>
