2456 3280
720 386 1442 124 vnd vꝛſach oď raciones die da wider moͤch

718 477 1437 118 ten ſein die hernach aufgeloͤßt werden So

707 570 1451 107 man die andern argument ſoluiern vnnd loͤ

718 650 1437 113 ſen wirt Als da iſt die bewaͤrt geſchrift. Dz

738 743 1406 106 geſecz vnd pꝛophete bis zuͦ Johanne Itez

703 827 1453 107 die pꝛopheten ſeind geſtoꝛben. Item jn der

698 909 1457 115 andern epiſtel ſant Peters am erſten capitel

701 993 1452 107 da die red der weÿſſa gen zuͦ geleicht wirt ai

701 1082 1446 102 ner lucern die da leüchtet jn einer vinſteren

703 1164 1443 106 ſtat. Die ding alle werdent hernach geſaget

694 1240 1450 115 mit jren loͤſungen vnd abſolucion an ſeiner

698 1321 1446 118 ſtat. Mit den vꝛſachen iſt beſch loſſen woꝛdẽ

696 1414 1444 122 von den vaͤttern das genczlich zeſpꝛaͤchẽ iſtt

691 1496 1447 125 das die truͤbſal vnd peinigung ſeÿ voꝛ be⸗

698 1583 1435 120 zaichnet vnd geſagt woꝛdẽ auß den bewaͤr

694 1665 516 104 ten geſchriften.

1507 1683 620 106 Die gegenwerti

809 1751 1313 113 ge peinigung der ttürckẽ iſt auß bewaͤr

789 1827 979 115 ten geſchriften voꝛ bezaichnet

700 1902 1413 144 Das buͦch der heÿmlichen offenbarügge

685 2000 1433 124 nannt Apocalipſis Johamnis mit der red d

691 2090 1422 120 pꝛopheceÿ ſagt von allen würckungen vñ

689 2166 1424 124 peinigung der criſtenheit. Von dem ſant Je

692 2252 1415 131 ronimus ſpricht dz es ſouil heÿmlicheit ha

680 2326 1418 152 be als vil es woꝛt hab alſo iſt zemerckẽ mit
