2460 3282
302 404 1441 112 wellichen bewaͤrten geſchriftẽ die ge gẽwer

302 483 1437 120 tige peinigung ſeÿ voꝛ gemerckt vñ bezaÿ

304 565 1439 118 chnet woꝛden. Darub iſt zemercken das dÿ⸗

313 652 1432 115 ſes die bewaͤrten geſchrift heiſſen als ma jn

308 732 1435 124 der ej diſtincion od teÿlung hat oď vnďſchi

306 824 1439 109 de genaͤnt Sacroſancta alle buͦcher oď wer⸗

308 904 1438 104 cke der criſtenlichen vaͤtter vnd lerer dÿe da

310 990 1433 113 nit geſcheÿden ſeind von der ler der muͦtter⸗

308 1073 1438 110 der criſtenheÿt was man pꝛobiert vnnd be

313 1165 1433 109 waͤrt auß den buͦͤchern der ſelben vaͤter oder

313 1250 1433 119 auß dẽ buͦch Apocalipſis das iſt der heÿmli

313 1343 1424 102 chen offenbarung von not wegen ſol maͤ ſp

311 1418 1432 111 rechen das es auß bewaͤrten geſchriften ſeÿ

315 1496 1431 114 beſchloſſen Die erſt goͤtlich offenbarüg

423 1584 1329 109 ſancti Met hodij von der gegenwertigen

415 1673 1333 113 peinigung vnd truͦbſal der criſtenheÿt.

333 1761 1415 118 Die erſt goͤtlich offenbarung von der peÿ

320 1852 1439 109 nigung vnd truͤbſal der criſtenheit wirt ge

326 1938 1426 89 noͤmen auß den woꝛtẽ methodÿ des biſcho

326 2011 1437 107 fes zuͦ patrin vñ martrer dẽ ſant Jero zelet

331 2095 1421 103 vnd den durchleüchten mannen. Darüb red

328 2178 1429 110 te ď bewaͤrt lerer der criſtenheÿt d duꝛ ch des

341 2266 1411 113 glaubẽs wegẽ wz gelegt woꝛdẽ jn kercker⸗

337 2352 1422 125 da ÿhuudt jm ď engel vo truͤb ſa in bÿß czuͦ
