2460 3282
372 401 1431 131 haben. Das hat ſant pauls voꝛ geſagt. Es

373 483 1435 122 werd dann voꝛ koͤmen die ab weÿchung vñ

373 565 1437 133 werd geoffenbart ď ſun ď verdamnuß was

379 643 1417 148 iſt die abweÿchung anders dann die ſtraff

377 734 1441 133 damit geſtraft werden all einwoner ď erden

382 824 1437 125 von den kindern ÿſmahel. Darumb nennett

388 900 1431 133 got jren vatter ÿſmahel ein waldeſel. Dÿe

372 982 1442 142 menſchen ſeind nit als menſchen ſunď ſÿ ſei

384 1072 1430 142 de haͤßlich leüt wenn ſÿ werden toͤtten ſch⸗

386 1168 1448 126 wanger frauen mit jrer gepurt. Sÿ werden

384 1248 1441 139 die frauen jn den kirchen d heiligen beſchlaf

399 1340 1435 127 fen vnd werdent ſich vnd jre weÿber beklei

392 1420 1437 122 den mit den kleiďn vnd oꝛn aten d kÿechen.

404 1495 1439 129 Sÿ werdẽ jre tier binden an die groͤber ď hei

397 1584 1441 133 ligen als an die barn oď krippen vnd wirt

397 1670 1446 135 die aller groͤßt truͤbſal über die criſten geen

403 1755 1442 132 Dann ſo werden erkennt die gelaubigẽ die

406 1845 1441 136 jn criſtu werden gelauben wenn got phengt

408 1938 1437 116 die truͤbſal nit daruͤb dz die gerechten abge⸗

412 2014 1435 124 tilgt werden. Sunder das die er kannt wer⸗

412 2096 1139 139 den die treülichen an jn gelauben.

671 2178 1106 139 Hhie beſ timmet er die reÿch jn den

618 2275 904 124 die vereinigung wirt ſein.

435 2344 1392 161 Methodius benennt die land vnnd reich
