2460 3282
368 432 1422 105 ge das diſe pꝛopheceÿ gang auf die gegen⸗

364 516 1426 103 wertigen truͤbſalin der criſtenheit. Zuͦ dẽ an

357 598 1428 107 dern wie das ſeÿ das die türcken geheÿſſen

353 680 1430 111 werdent ÿſmahelite. Zuͦ dem driten warube

351 767 1434 111 die geſchrift den ÿſmahel ein waldeſel nenn

361 849 1426 111 ſo jn doch got ein vihiſchen menſchen heÿßt.

373 940 1412 95 ſo er ſpricht. Der wirt ein vihiſcher menſche

351 1024 1432 97 Zuͦ dem vierden wie mag Methodius dÿe

355 1110 1426 111 voꝛgenannten abweÿchung von ſant Pau

355 1196 1433 109 lus. Zuͦ der ÿeczigen truͤbſalin ſchicken oder

351 1287 1434 96 oꝛdnen. Zuͦ dem fünfften. Ob jm der Dürcke

346 1367 1431 104 mit herꝛſchẽ vnd gepieten alle die reich vn

348 1444 1431 104 dertaͤnig machen werd oď aber alleÿn mitt

348 1526 1428 109 kriegen truͤbſalin vnd verprennung vnnd

348 1615 1431 104 wuͤſtung des volcks raÿczen vnd annechtẽ

344 1702 1433 103 werd das man es alſo verſtand. Er wirt ei

342 1794 1430 109 eingang haben von mitnacht vnd niďgang

351 1883 1425 102 von mittag vnd auffgang allein den einga⸗

355 1961 1415 101 ge vnd nit durch die beſiczung des reÿches

344 2045 500 97 oder regiorens.

618 2113 1035 122 Ein antwurt zuͦ der erſten frag

362 2213 1399 111 Zuͦ ď erſten frag iſt alo geant wurt. Das

346 2293 1415 111 auß ſij dingen erkannt iſt das Methodius

353 2384 1403 126 voꝛmals geredt hat vo den gegenwertigen
