2460 3282
382 350 1432 125 hat voꝛauß von den vngelaubigen als maͤ

393 435 1419 128 zuͦ diſen zeÿten ſicht. Zuͦ dem driten wirt dz

384 519 1430 128 bewaͤret auß den vmbſtenden die diſer lerer

388 599 1419 146 ſagt jn der groſſen greülicheÿt vnd hoͤꝛtig⸗

382 687 1432 133 keÿt des volcks an den heiligen ſteten. Vnd

384 774 1424 124 an dem criſtenlichen volch. Wann es iſt offe

386 862 1432 122 bar das ſÿ die ſchwangern frauen vnnd jre

392 937 1426 135 frücht jn dem leib miteinander toͤtten das ſi

392 1028 1429 135 jn den heÿligen kirchen mit den frauen pfle⸗

397 1121 1426 131 gent der vnkeüſch vnd vil andere ſchanntt

390 1210 1440 135 liche ding die wir taͤglichen ſehen geſchehen

397 1303 1432 122 Es iſt auch nichczmer her voꝛnen dann das

393 1385 1439 117 man ſeinen ein gang von den vier teÿlen der

397 1456 1435 133 welt ſicht. Darumb muͤſſen wir ſprechen vo

397 1544 1432 133 not wegen das got die criſtenheit mitſ d gr⸗

401 1637 1431 127 oſſen truͤbſalin nit on warnung vnd verw

401 1719 1428 144 eÿſung der geſchrifft gepeiniget hat. Vnd

403 1819 1435 124 darumb ob etwar woͤlt ſprechen dz die pꝛo

408 1899 1437 126 pheceÿ nit anſaͤhe diſe truͤbſalin vnnd peini

415 1981 1428 128 gung. Der ſelb muͦßt auß zweÿen eines er⸗

408 2067 1430 126 woͤlen eint weder er muͦͤßte ein andere pꝛo⸗

412 2146 1426 144 pheceÿ zaigen wider diſe oď beÿ der beleibẽ.

678 2240 1037 126 Ein antwurt zuͦ der andern frag

470 2324 1368 146 Zuͦ der andern frag ſo man fragt von de⸗
