2456 3280
676 395 1429 124 woꝛt Dſmahel iſt ein antwurt das die tür⸗

672 482 1443 124 cken ſeind die ÿſmaheliten das iſt kuntlichẽ

670 572 1445 125 auß dẽ das ſich die ſarꝛacen die da auch aga

667 659 1446 122 reni heiſſent von ſcham wegen nennent von

665 739 1450 128 der freÿen vnd nit von der diern wann ager

667 827 1446 116 die da ein diern zare des Abꝛahams frawe

672 918 1437 122 was het den ſun ÿſmahelem vonn dem dÿe

683 1018 688 89 Cürcken kommend.

847 1086 1147 113 Duͤrch diſen türcken verſteet man

773 1175 1192 106 den türcken der geſtoꝛben iſt jn dem

774 1253 826 113 Mn. Co Co.AZZZ I jare.

751 1333 1360 119 Das aber die türcken ſarꝛaceni oder das

674 1423 1439 124 beſſer iſt Agaren ſeien von der dieren agar

674 1517 1439 110 das verſteet man auß dem das der erſt anhe

674 1598 1437 113 ber diſer truͤbſalin vnd peinigung das iſt ď

680 1685 1435 104 vatter diß türcken iſt ein verſeher geweſen

678 1762 1435 105 des Soldans jn dem kleinern land aſia auß

678 1842 1440 111 wellicher herꝛſchaft er über das Adriatiſche

676 1931 1437 111 moͤꝛ ſchiffet vnd fuͦr das da die land aſiam

678 2020 1427 108 vnd. Traciam teÿlt vnd nach einander vn

676 2101 1437 114 derſich pꝛacht hat vncz zuͦ dem keÿſerlichen

685 2190 1424 115 ſtül zuͦ kriechen. Darauß wir auch ſehen daz

680 2272 1427 118 dÿe verhencknuß gotes ſchwaͤrlichen über

683 2365 1422 125 vns eingefuͤrt iſt das ſo ein kleiner an welt
