2456 3280
696 386 1420 109 Als man jn den hÿſtoꝛien lißt vnd das dÿ⸗

701 471 1423 110 ſer Haꝛolus von Methodio gemerckt wer

689 555 1440 108 de ſo er nach den woꝛten die er von diſer truͦ

692 635 1437 115 ſalin redt. So ſpricht er das die ſelb truͤbſaͤ⸗

685 727 1446 113 lin vnd peinigung geendet ſoͤl werden dur⸗

685 812 1442 115 ch einen roͤmiſchen criſtenlichen keiſer vnnd

691 907 1444 100 die voꝛgenannten arguier ſpꝛach das diſer

689 989 1442 104 keÿſer ſeÿ geweſen der groß Narol vñ dar

694 1069 1430 102 auß wolten ſy bewaͤren das die pꝛopheceÿ

698 1155 1438 98 Methodÿ nit auf die ÿeczigen truͦbſal vnd

700 1233 1436 106 peinigung der criſten ſunder auf die die czuͦ

694 1321 1441 105 des keÿſers des groſſen Narels iſt geweſen

707 1412 1431 102 ſage. Zuͦ dem argument iſt geantwurt. Daz

701 1494 1435 107 das nit müg geſein auß vil ſachem Zuͦm er

700 1583 1440 98 ſten wenn zuͦ den ſelben zeiten was das gan

703 1661 1439 99 cze kriechiſch land nit alſo verwuͤſtet vonn

705 1740 1431 104 den türcken als es ÿecz iſt. Vnd als ma auß

703 1816 1432 113 den woꝛten Methodÿ nimmet ſo wurdend

700 1900 1433 126 die ding miteinander geſchehem das iſt dÿe

705 1995 1433 113 aͤngung vnd zwingung der kriechen landt.

705 2082 1435 106 vnd die verwuͤſtung des landes Hÿſpania

709 2170 1429 98 auß dem kennt man das man die woꝛt Me⸗

711 2246 1427 117 thodj nit ziehen mag auf die vergan gẽ truͦ

712 2332 1421 133 beſal Deßgeleÿch mag man auch redẽ wid
