2429 3280
346 400 1430 117 das voꝛgemelt argument wann ſÿ heten dẽ⸗

350 482 1437 124 nocht nit den eingange auß den vier teÿlen

353 564 1432 124 der welt. Es warent auch die küngreich gal

350 645 1426 129 lia vnd germania mit ſo vil kriegen gefceß

353 728 1434 130 ſen vnd eroͤßt worden. Es iſt auch von allen

350 814 1438 131 dingen beſchloſſen woꝛden das die pꝛophe⸗

357 900 1430 124 ceÿ Methodÿ zuͦ den ſelben zeiten nit ſeÿ er⸗

357 980 1430 126 fült woꝛden. Wann Methodius ſpricht das

355 1069 1435 131 nach diſer peinigung vnd truͤbſalin eÿn ge

357 1151 1444 139 mainer frid künfftig werd durch diſen roͤmi

361 1239 1438 133 ſchen künig der da dem türcken zuͦ ſibẽ mal

364 1335 1424 115 ein ſchwaͤrer joch vnd bürde wirt auflegen

364 1406 1443 128 dann jr joch vnd burde auf erden iſt geweſẽ

373 1496 1425 116 Es iſt aber kunt das diſer frid nach den zeÿ

368 1572 1431 133 ten des groſſen karels nitt koͤmen iſt. Es iſt

368 1658 1426 138 auch kein ſoͤlliche truͤbſalin der vngelaubÿ

379 1762 1428 124 gen türcken von den criſten als man ÿecz jn

375 1834 1437 135 künfftig zeit hoffnet geweſen. Darumb iſtt

382 1929 1436 115 auß den woꝛten Methodÿ beſchloſſen von

379 2000 1439 128 der toͤttung der hÿſpaniſchen das man nitt

388 2084 1433 139 ſol verſteen das ſÿ durch die türcken werdẽ

384 2173 1437 141 ſoͤllen getoͤt ſunder durch jnwendig ſtreÿtt

392 2257 1427 133 vnd krieg. Als auch oben auß gelegt woꝛdẽ

395 2343 1417 151 iſt von den künigreichen Gallia vnnd Ser⸗
