2429 3280
346 444 1426 102 venediger redner die er vonn vnſerm aller

341 522 1336 119 heÿligoſten vatter dem papſt getan hat

461 608 1311 117 Die ander offenbarung Cirilli vonn ď

434 697 853 110 truͤͦbſaͤlin der criſtenheÿt.

341 774 1436 124 Die ander weÿſſagung von der gegẽwiꝛ

337 872 1439 102 tigen peinigung der criſtenheit wirt genom

337 949 1435 106 men auß den woꝛten Cirilli jn einer epiſtel.

342 1036 1432 102 da er ſagt von dem übel das über dÿe weltt

348 1122 1426 111 geen wirt Simbolo xej. Alſo redend.An dẽ

344 1211 1432 115 ſechßten groſſen tag der welt wirt ein bock

335 1301 1448 103 kommen ein zerſtoͤꝛer der keüſcheit von dem

339 1386 1440 95 ende czuͦ mitt emtag. Vnnd wirt eingan czuͦ

339 1463 1442 104 den enden des nidergangs. Er wirt eſſen eÿn

342 1543 1439 107 lebendiges ſchauff vnd wirt zerreiſſen mitt

348 1627 1428 118 ſeinen czaͤnen das roch flaiſch der laͤmblach⸗

348 1720 1424 105 Er wirt die wider zertretten mit den fuͤſſen.

342 1805 1443 111 Vnd das lamb des ſchaffs kint wirt zerſtraͤ

341 1896 1446 106 en mit den hoͤꝛnern. Dÿſe woꝛt legt auß der

348 1977 1431 103 erwirdige apt genannt Joachim über das

344 2051 1433 121 hüpſch buͦch genannt der traͤher an dem al⸗

348 2142 1435 112 ler letſten Capitel. Vnd ſeind die woꝛtt all

348 2224 1431 121 ſo ſprechende. Der bock iſt machomet dz laͤ⸗

351 2312 1423 118 be des ſchaufſs ſun iſt vnſer lieber herꝛ Jhe⸗

362 2398 1406 131 ſus Criſtus derſun der junckfrauen d wirt
