2429 3280
780 466 759 98 Zwuͦ widerred wÿder

702 561 616 96 dÿe pꝛopheceÿen.

388 632 1410 104 Wider diſe offenbarung ſeind zwuͦ wÿd

364 725 1434 107 red. Zuͦm erſten der zal halb was zuͦ verſteẽ

373 810 1423 108 ſey durch den groſſen ſechßten tag ď weltt.

362 889 1436 115 Zuͦ dem andern wider die außlegung Joa⸗

362 973 1434 118 chim über das woꝛt der bock dẽ er außlegt.

366 1060 1432 122 von machmet des durchaͤchtüg achthunďtt

366 1148 1433 122 jar voꝛ diſer truͤbſalin geweſen iſt. Zuͦ dẽ

364 1240 1435 121 erſten wirt geantwurt vnd beſchloſſen das

364 1321 1437 122 durch dẽ groſſen ſechßten tag der tauſentiſtt

364 1406 1419 119 tag od das tauſentiſt jar von der ſchoͤpffug

362 1485 1437 116 der welt. Vnd diſe zal hat ein einigung mit

364 1568 1432 121 der voꝛgenannten zal Methodÿ gleichſalls

362 1656 1432 124 wo Methodius tauſent zelt da zelt er dẽ gr

364 1745 1437 122 oſſen tag geleich als die ſternſeher gewone

362 1842 1436 109 ſeind zuͦ zelen die tag der ſunnen vnnd des

357 1927 1437 110 mons. Warumb aber diſer lerer die gegen⸗

364 2002 1432 115 wertigen truͤbſalin vnd peinigung rechnet

364 2091 1424 106 jn dem ſechs tauſtenten vnd Methodius jn

366 2177 1421 108 dem ſibentauſeſten iſt die ant wurt vmb dz

372 2266 1413 108 dÿe gegenwerti ge truͤbſalin wirt voꝛ geen.

370 2352 1426 102 die zuͦkunfſt des endecriſt des zuͦkunft wirt

361 2447 1418 105 werden jn dem letſten tauſentſten jar. Das
