2456 3280
661 437 1441 124 iſt jn den ſibenden darumb zuͦ verſteen dÿe

663 524 1439 122 vnderſchid vnder der truͤbſalin die geſchehẽ

661 614 1444 116 wirt durch den endecriſt vnd die gegenwer

660 692 1447 126 tigen ſo hat Cirilllus geſchriben die letſten

660 776 1449 129 jn dẽ letſtẽ tauſentiſten aber Methodius die

670 861 1441 133 gegenwertigen jn der letſten tauſeten zal on

663 953 1442 116 eine. Darumb iſt kein zwaÿung jn der jare

669 1035 1435 118 zal ſunder mer ein einigung. Deßgeleichen

670 1117 1432 116 ſchreibt ď maiſter jm buͦch das da heißt Foꝛ

674 1200 1441 112 talicium fidei das iſt ſterckung des gelaubẽ

680 1284 1435 115 jm vierden buͦch vom geſacz der türcken vñ

674 1366 1439 119 jr ewige dienſtperkeit vnď dẽ joch vñ bürd

674 1454 1433 122 der criſten ſo er methodium herfür zeüchte.

680 1541 1435 113 redt er alſo. Methodius ſpricht jn ď letſten

692 1627 1423 109 ſechs tauſenſten jar zal ď welt werden auß⸗

691 1707 1427 106 geen die ſün ÿſmahel. Do Methodius dÿe

692 1787 1426 106 ſechyten tauſ eſten jar zal nennet die letſten.

694 1873 1426 107 geleÿch als ob got jn der ſiben tauſentſtẽ jar

691 1966 1425 102 zal werd aufhoͤꝛen von der regierung ď wel

683 2050 1432 105 te geleÿch als er an dem ſibenden tag geruͦ⸗

692 2128 1421 113 wet hat von der ſchoͤpffung der welt geleÿ

691 2214 1418 111 che als jn der geſchrifft zuͦ zeÿten der ſechßt.

694 2301 1419 113 zuͦ zeÿten der ſibend tag der letſt tag wirtt

718 2387 339 125 goheyſſen.

1176 2383 940 124 Zuͦ der anderen frage des
