2429 3280
342 366 1426 105 woꝛtes halb hireus das iſt der bock den jo⸗

348 459 1431 104 achim von machmeto außlegt das es nichtt

350 541 1427 105 ſeÿ von diſem erfünder vnd gegenwertigen

351 623 1419 111 truͤbſalin iſt daz die antwurt vnd beſchließ

350 708 1422 113 ſung das zuͦ zeiten ein erfünder vnd ein na⸗

350 794 1420 106 chuolger einer jrꝛung oder ſect mit eÿnem

344 876 1424 100 namen genennet werden als die gewoͤheÿt

350 958 1426 108 der geſchrifft iſt. Vnd darumb das diſer tür

346 1047 1424 106 cke ein nachuc lger des machometes iſt. So

355 1137 1422 109 iſt es nicht vnzÿmmlichen das man jn auch

350 1233 1426 97 des machometes namen benenne Das man

346 1312 1424 102 ſprech. Der bock iſt machomet. das iſt eÿn

342 1392 1432 100 nachuolger des machomets. Als diſer Tür

344 1470 1435 106 cke iſt. Darnmb die außlegung Joachims

346 1558 1428 105 jn aller maß bewaͤret. Wann es iſt kuntlich

344 1641 1426 108 en das er hat gehabt den geÿſt der weÿſſa⸗

344 1734 1430 110 gungen voꝛauß jn der poſtillen über den lÿe

341 1822 1436 111 ben pꝛopheten Jheremiam jn der er vnder

342 1907 1428 102 andern dingen vonn den zweÿen oͤꝛden künf

342 1988 1425 98 tigen an dem ende der welt das iſt barfuͤſſer

342 2071 1428 99 oꝛden vnnd prediger oꝛden naͤmlichen hatt

346 2157 1421 108 geredt. Vund darumb als der lerer ſanctus

361 2244 1409 106 Chomas redt wiewol das iſt das er jn etli

344 2326 1410 134 chen dingẽ gejrꝛt hat Darüb aber dz er ſich
