2456 3280
681 371 1443 121 begeben hat jn die ſtraf der criſtenlichen kir

685 457 1446 120 chen vndein übertraͤſſenliche vernunft Vñ

683 539 1448 126 hÿren gehebt hat ſo werden ſeine woꝛt vñ

692 630 1087 122 ſchreÿbung billichen zuͦ gelaſſen.

984 708 1145 119 Die drit offenbarung Joachim vo

867 798 1266 122 der gegenwertigen anuechtunge der

878 898 436 104 criſtenheÿtt.

751 969 1384 113 Der erwirdig vatter Joachim alſo vonn

691 1056 1444 112 der gegenwertigen truͤbſalin vnd peinigu⸗

711 1135 1420 116 ge jn ſpeculo viſionum das iſt jm ſpiegel ď

709 1217 1424 113 geſicht jm viij buͦch vnd jm glj capi. Es ſei

696 1302 1444 110 de künftig ſchwarcz voͤgel die da haben ein

698 1388 1437 113 namen auß den zweÿen buͦchſtaben des ab⸗

696 1477 1440 108 e der lateiniſchen das iſt dem erſten vnd dez

703 1567 1433 105 ſibenden gemacht zuͦ einer ſtraffunge vnnd

711 1650 1427 101 zerbꝛaͤchung der bezaichneten mit dẽ creücz

712 1732 1426 92 Das legt auß ein doctoꝛ oder lerer vnnd ſp

709 1804 1427 107 rach. Der erſt buͦchſtab iſt A der ſibendt G.

711 1891 1431 106 dauon komment Agareni das ſeind die tür

716 1980 217 100 cken.

1048 1982 1092 104 Die vierd offenbarung Sant

809 2064 1331 111 Hilgart von diſer truͤbſal ď criſtenheÿt.

718 2148 1424 115 Die vierd pꝛopheceÿ hat man auß ſantt

722 2239 1407 106 Vildegarten offenbarungen die geweiſſag

722 2321 1416 128 te hat nach der gepurt Cuſti A t eli.j Diſe
