1024 1533
74 152 791 202 ſiccus, omniumqve æſtimatur ſaluberrimus, corpora
73 189 792 247 reddit ad obeundas functiones agilia, animosqve ad
72 230 683 280 omnia expeditos. Commentat. in dict. loc. Ariſtot.
131 268 784 315 4. Veteres novas ſtructuri urbes, pecorum, qvæ
787 270 868 314 Veterum
787 305 871 339 mos circa
74 301 784 350 ibi pascebantur, inſpiciebant jecinora, qvæ ſi eſlent vi-
787 327 885 366 extruendas
70 341 784 383 tioſa ac livida, aliò ſecedebant: qvod eadem hominũ
788 352 843 387 urbes.
69 371 784 420 futura metuerent. Vitruv. l. I. c. 4. Redicula autem eſt ſu-
788 383 882 421 Superſtitia
787 413 873 456 majorum.
69 413 784 453 perſtitio, qva majores noſtri, erroribus olim immerſi papali-
71 447 783 486 bus, erant fascinati; Si propter vicina martyrum osſa & ſe-
71 478 782 516 pulchra, vel monaſteria, loci genium judicemus ſalubriorem
69 505 784 547 felicioremqve. V. Gretſer. l. I. obſerv. ad vitam S. Richardi &
69 536 783 578 Willibaldi c.18. qvi ex hac cauſa auſpicatum aliqvod omen
69 566 782 605 Civitatis Sangallenſis, Campidoni & Werdæ fundatores, col-
70 597 310 639 legisſe arbitratur.
126 625 783 674 5. Cæterum à variis diſputatur variè, arces & aulæ in
786 634 880 673 Arces ubi
784 664 882 697 extruendӕ.
68 666 779 711 planicienè an vero in montibus ſint extruendæ? Ubi
67 702 782 743 id attendendum esſe monet Stagirita 7. Pol.c.5. ut locus ſit
68 733 781 778 [...],&, ut Plato loqvitur libr. 7.de ll. [...]
68 769 781 803 ut ne qvidad homines alendos deſit, aut facilis hoſtibus pa-
68 799 780 838 teat aditus. Qvidam planiciem præferunt, montes alii. Cum
67 829 780 867 illis non esſe faciendum arbitramur. Etſi enim in planicie
66 862 780 901 major ſit aqvationis, pabulationis &c. commoditas: hoſti-
67 890 396 929 bus tamen magis eſt obvia.
126 918 780 961 6. Neqve adverſarur nobis, Imperatoriæ ſublimitatis
779 951 876 995 Carolus V.
65 947 775 988 apex incomparabilis, Carolus V. qvi Rhenum aliqvando tra-
67 980 780 1027 jiciens, ex Principe qvodam qvæſivit, cur majores noſtri
66 1019 779 1065 arces & præſidia in excelſis montibus extruxerint?
66 1056 781 1108 & huic, munitiores illis arces in editis locis viſas fuisſe,
64 1095 781 1143 reſpondenti ſubjecit: imò rectiùs in planicie collocan-
64 1132 780 1178 tur, propter aqvationes & invehendi commeatus, &c.
63 1166 778 1219 Chytr. in Orat. Fun. Car. V.Neqve Daniel Spectlin; qvi in Ar-
494 1204 548 1248 A 3
701 1206 780 1247 chite-
417 1338 906 1380 Herzog August Bibliothek Wolfenbüttel
698 1376 790 1417 Kodak
709 1410 779 1436 Gray Scale
128 1497 885 1532 © HAB http://diglib.hab.de/drucke/li-1876-1/start.htm?image=00015
