1024 1533
281 148 615 211 PROOEMIUM.
163 200 787 246 Eminem eqvidem inveniri puto cordatorum,
790 212 862 242 Reſpon-
164 236 787 279 qvi Philoſophiæ Theoricæ interventu, qvodammo-
790 235 874 260 dente Fa-
117 266 787 309 do ad illam, qvæ pedibus eqvisve adiri neqvit, vici-
790 251 885 286 biano Kur-
74 298 787 342 nam ſideribus Majeſtatem,ascendi posſe inficietur: ad ſocic-
790 277 885 305 min, Nobi-
791 296 875 330 li Lithva-
74 327 787 371 tatem tamen tuendam civilem, plus conferre videtur emo-
791 318 887 353 no, ad diem
74 360 782 402 lumenti iſta, qvam ab operatione Practicam indigitant. Un-
790 341 866 373 XV. Sept.
790 364 846 444 1630.
74 391 785 437 de poſtqvam natio Polonorum animoſisſima ex denfisſimis
74 420 784 467 barbariei tenebris paulatim eſt eluctata, & apud eos cum Ty-
75 452 785 499 pographia, ipſæ etiam literæ excoli cæ perunt: cupide ipſi eas
74 483 784 528 inprimis ſunt amplexi, qviad uſum facerent Civilem. Mar-
74 513 785 562 tin. Cromer. in deſcript. Polon. l.I. pag.95. Nos etſi ſuavisſimam
74 543 785 591 rerum æternarum contemplationem, debitis laudibus ex-
73 573 785 622 tollimus: adeo tamen hoc Polonorum ſtudium arrodere
73 604 784 654 non audemus, ut potiùs eorum jam legere veſtigia allabore-
73 634 783 685 mus, & mnemata paucula de AULA, & AULICIS, in medium
74 666 783 715 proferamus, qvæ Commilitomum arbitrio, judicioqve; mul-
73 696 783 747 tis necesſariis aliis, vel planè omittendis, vel in tempus aliud
73 727 644 780 commodius rejiciendis, ſubjicimus expendenda.
80 774 632 820 Theſis I.
132 809 783 865 Non eſt inconveniens, eos, qvi moleſtias devorantes
73 848 784 895 qvam plurimas, pro multorum ſalute excubant, cæterisqve
71 876 784 922 longisſimè antiſtant, domicilia etiam inhabitare eminentio-
71 908 782 954 ra, & arces ſpfendidiores, qvas AULAS nuncupamus: qvæ
71 935 838 991 vox à Græca [...] deſumpta, non unum olim ſignificatum
70 967 880 1020 obtinuit. Supplicii enim primô locum, neſcio quo malo o-
69 1001 779 1051 mine, denotabat; undeadagium eſt enatum: [...]
781 1010 828 1048 ficet.
72 1033 782 1085 [...] id eſt, dicas tria de Aula. Cujus enodatio aliunde
69 1069 781 1118 repetenda. Deinde atrium ſignificabat; quomodo inſignis
69 1098 555 1147 literator J. Lipſius illud explicat Horatii:
269 1135 659 1178 — — lectus genialis in aula eſt.
69 1161 781 1217 Aula, inqviens, profectô hîc atrium. Glosſæ priſcæ [...], atriũ.
467 1203 528 1235 A 2
701 1201 781 1246 Lib.I.
424 1328 911 1372 Herzog August Bibliothek Wolfenbüttel
705 1369 798 1410 Kodak
717 1400 785 1428 Gray Scale
127 1497 885 1532 © HAB http://diglib.hab.de/drucke/li-1876-1/start.htm?image=00013
