1024 1528
590 132 629 156 2.
251 149 947 198 publicè, ſeriò meditatur. O impetum laudatisſimum!
252 187 949 233 Hunc l. C. T. erga literas amorem ardoremqve cùm
253 224 948 269 non leviter haberem perſpectum: in l. C. T. peccatu-
253 263 948 306 rum me non autumavi, ſi pauperculas haſce chartas,
255 298 948 348 & vix tribus nebulæ cyathis (ut alicubi ludit Ari-
256 342 949 389 ſtophanes) mercales, ipſi irem oblatum. Non qvaſi
255 379 949 431 demens ego arbitrarer, I. C. T. qvicqvam ex illis no-
258 416 949 468 vi posſe haurire, cui hæc proinde, atqve proprii un-
259 453 949 502 gues, ſunt nota: ſed ut mitterem Muſas ad Illum me-
258 488 950 538 as, cui ſemper fuere carisſimæ. Et qvid? ipſas ego non
259 522 950 575 mitto: ſed ipſæ ad Illuſt. C. T. ſponte properant.I. C. T.
259 561 950 609 igitur antiqvo eas affectu ſuſcipiat, oculis benevolis
260 595 953 646 reſpiciat & amore ſolito foveat. Qvod ſi obtinuero:
262 629 953 681 I. C. T. non reverentiam, non fortunas; ſed memet
263 667 954 716 ipſum debuero totum; ſi l. C. T. ſibi me aliàs non de-
265 702 955 754 vinxit obſtrinxitqve. Deum omnipotentem ſuppli-
264 740 957 788 cibus invoco gemitibus, ut I. C. T. qvam inter noſtræ
265 773 957 820 Patriæ Patronos [...] conſtituit, ultra ſe-
266 808 958 860 nis illius triſeclis ætatem ſoſpitet, & omnia ea abundè
266 843 959 896 concedat, quæ primitiva olim Eccleſia optare Princi-
268 882 959 936 pibus conſuevit: vitam prolixam, aliqvando im-
268 918 960 979 perium ſecurum, & exercitus fortes, domum tu-
269 964 959 1023 tam ſenatum fidelem, pop lum probum, orbem
270 1009 961 1067 qvietum, & quæcunqve hominis & Principis vo-
271 1050 962 1108 ta ſunt. Perſcrip. JENӔ ex meo Muſeo. ANNO mundi
272 1097 551 1152 redemti CIↃ IↃ C XXX.
568 1122 637 1157 I. C. T.
558 1145 831 1188 omni cultu ac obſeqvio deditisſ.
659 1175 963 1219 Fabianus Kurmin, Phil. &. LL. Stud-
77 1303 551 1353 Herzog August Bibliothek Wolfenbüttel
351 1343 438 1387 Kodak
360 1376 428 1405 Gray Scale
129 1490 884 1524 © HAB http://diglib.hab.de/drucke/li-1876-1/start.htm?image=00012
