1024 1528
584 118 617 156 6.
253 146 956 195 chitectonica ſua veteres pipulo differre, & irridere non vere-
254 184 954 224 tur; qvôd domicilia in jugis montium altisſimis poſita vo-
254 212 954 254 luerint. Beſold. disſert. Juridico-Polit. de jure rer. V. c. 2. Uter-
257 245 955 286 qve enim de iis loqvuntur montibus, qvi omnem fere com-
258 272 834 314 meatum excludunt.
309 302 956 345 7. Nos verò planiciei eos præferimus, qvi commeatum
253 335 956 376 non vsqve adeo difficilem admittunt. Præterquam enim,
255 366 954 415 quôd Medicorum effato, loca editiora humilibus & de-
258 403 956 444 presſis ut plurimum ſunt ſalubriora, hoſtibus etiam ſit-
257 438 955 476 ſtinendis & invadendis, admodum idonea à rei militaris per-
258 468 955 505 hibentur conſultis. Qvod probè nôrant aliqvando Bacchus,
258 499 953 540 Hannibal, Fabius Maximus & alii, qvi, ut operæ curæqve preti-
258 531 955 569 um facerent, montes ſibi, qvantum fieri potuit, delegerunt,
257 559 952 596 Clarisſ. Philolog. Heid. c.V. de bello & pace.
163 593 252 624 Aula con-
162 617 240 643 ſtituatur
320 591 956 632 8. Præterea videndum, ut aula Principis in territo-
160 632 253 695 in medio.
254 621 952 667 rii medio conſtituatur. Scitè enim & eruditè Calanus Gym-
259 660 953 701 noſophiſta, ut Alexandrum conveniret, & utili qvodam philoſo-
258 693 953 734 phemate informaret, perſuaſus; corium aridum in ſolum
260 723 951 764 projecit, & usqve extrema vicisſim calcavit. Qvod cùm ab
259 752 953 789 ipſo fieret, aliæ ſemper atqve aliæ partes attollebantur. Cùm
261 784 952 824 autem medium calcaret, extremitates circumcircà qviete
260 813 952 854 permanebant. Qvo monere Alexandrum voluit, ne in regni
258 844 951 883 extremitatibus, ſed medio ſe contineret. Michael Piccart. Prof.
259 872 951 916 olim Altorf l Clar. & ipſa anima Ariſtotelis l. I. obſerv. Hiſtorico-pol.ex
260 904 888 945 Plutarch.de vita Alex.
320 933 952 972 9. M. Antoninus Pius, verè imperatoria apud omnes pol-
258 964 952 1004 luit ſubditos autoritate, quôd medius in regno ſuo conſiſte-
258 994 952 1033 ret, & citiùs undiqve nuncios acciperet. Iulius Capitol. Imita-
258 1025 950 1064 tus hunc etiam Imperator Conſtantinus, qvod notat Ammianus
257 1054 715 1094 Marcellin. & ex ipſo prædictus Piccartus.
320 1079 951 1123 10. Qvòd ſi verò ultimum illud ac maximum Liviite-
257 1113 951 1154 lum (ita vocat necesſitatem lib. I. dec. 4.) ſuadeat aliud; le-
258 1144 951 1193 gem ei ponimus nullam, ſed cum Tacito dicimus: Si ſtatus
851 1176 950 1224 Imperii
78 1303 551 1351 Herzog August Bibliothek Wolfenbüttel
351 1344 438 1383 Kodak
360 1376 428 1406 Gray Scale
127 1490 885 1524 © HAB http://diglib.hab.de/drucke/li-1876-1/start.htm?image=00016
