2456 3280
798 366 1439 115 iſt ſo man die hÿſtoꝛien diſer peinigung an

798 459 1439 107 ſihet die da auch lange zeit gewert hat vnd

787 544 1452 110 die criſtenheÿt dardurch vil ſchadens gelitẽ

787 632 1452 102 hat. Darumb aber das nach diſen truͤbſalin

787 719 1452 110 kein ſo gemaine iſt geweſen als die gegen⸗

791 809 1448 103 wertig peinigung ſo wirt nit vntau gẽlich

793 892 1436 108 die fünft peinigung durch die fünften auß

809 980 1430 107 gieſſung des zoꝛen gotes verſtanden. Allſo

798 1066 1439 98 iſt ÿecz offenbar was durch den fünfften en

796 1146 1441 98 gel verſtanden werd. Mit dÿſem fürgange

794 1226 1454 102 der zeÿt der ſiben peinigung halb coͤcoꝛdie⸗

794 1308 1450 107 ret Methodius jn dem voꝛgenannten buͦche

802 1395 1447 110 ſo er redt von den zweÿen peinungen vnnd

791 1481 1451 109 truͤbſalin die nach diſer werdent. Alfo dz vn

789 1570 1450 104 der der anderen nach diſer wirt gepoꝛen der

791 1647 352 104 endecriſt.

1270 1658 969 105 Der tag vnd ſtund des jü

909 1738 1326 104 gſten gericht iſt vngewiß. Aber nitt dÿe

902 1814 775 99 zuͦkunft des endecriſts.

820 1891 1413 126 Darwider ward geredt von der zuͦkunft

793 1980 1436 126 des endecriſts geleÿch als ob ſein zuͦkunffte

796 2073 1426 113 jn der geſchrift vngewiß waͤr. Vnd darübe

796 2155 1432 113 waͤr wenig zehalten vonn diſem fürganck⸗

798 2243 1430 118 der zeÿt dann nach diſer rechnung vnd teÿ⸗

793 2325 1420 142 lung kaͤme das des edecriſts zukunft waͤr
