2432 3280
253 373 1429 117 gewiß vnd nicht vngewiß danu er würde

253 462 1426 113 jn dem ſibentauſeſten kommen. Do warde

255 539 1422 124 geantwurt ſubteÿliklich vnnd wol das Jr

251 626 1428 121 vil betrogen werden auß den woꝛten Cri ti

251 712 1433 124 ſo er ſpricht. Vonn dÿſem tag vnnd ſtunde

249 805 1431 104 wapßt niemand noch auch der ſun des men

251 885 1433 113 ſchen etc Vnd anderß wo. Es zÿmmet eü

247 973 1432 113 ch nicht zewiſſen die zeÿt vnnd augenplick.

251 1060 1433 115 Auß wellichen woꝛten etlich wolten arguie

247 1149 1430 115 ren das der fürgang der zeit der ſiben voꝛge

251 1239 1442 120 ſchriben peinigung vnd truͤbſalin halb ga⸗

249 1335 1437 99 cze vngewiß ſeÿ. Seÿtulals aber das dÿſe

246 1406 1444 95 materi nicht daher dienet od kert. Doch war

249 1486 1441 108 de beſchloſſen das auß den wcꝛten des ewaͤ⸗

262 1574 1428 111 geliß genommen wirt das der tag vñ ſtun

255 1661 1435 112 de des jungſten gerichts vngewiß ſeÿ aber

251 1752 1439 110 nicht die zuͦkunfſt des endecriſts. Dz auß dez

255 1845 1435 104 anſehen des fürgangs der zeit jn der geſchri

260 1927 1431 95 fte beſt ÿmmet nach dem tod des endecriſtes

255 2000 1433 104 wie wol vierczig tag jn dem buͦch apocalip

258 2080 1432 119 ſis Johamis das iſt das buͦch der heÿmlich

260 2175 1430 108 en offenbarung beſtimmet ſeind den außer⸗

255 2263 1436 102 woͤltẽ zuͦ buͦßwertikeit. Doch weißt ma nit

266 2352 1416 117 ob Criſtus on mittel kommen werde nach
