2417 3280
605 322 1440 129 uerſtan zweyerleÿ peinigung oď truͤbſalin

606 406 1430 135 der criſtenheit. Zuͦm erſten der außwendi gẽ

610 493 1427 130 vnd vngelaubigen. Zuͦm andern der heÿmi

606 581 1431 124 ſchen vnd jnwendigen von den boͤſen criſtẽ.

603 668 1431 119 Die erſten bedeüt er durch den ſtul des tiers.

596 754 1440 118 des reÿch er beſchreibt das es tunckel woꝛ⸗

592 840 1438 122 den ſeÿ durch die ſünd der vngelaͤublicheÿt

599 922 1431 125 Die andern bedeüt er durch das eſſen d men

599 1011 1431 129 ſchen an einander jr zungen wz iſt es anďſtt

590 1096 1438 124 das die menſchen an einander jr zun gẽ eſſen

586 1178 1439 119 dann das ſÿ einander ſelb verzeren vnd aͤch

585 1260 1436 123 ten nach der ler ſant Pauls ad Gallatas v.

577 1342 1435 134 capitel. Iſt ſach das jr einander beÿſſend ſo

579 1434 1440 131 werdent jr von einan der verzert Es iſt aber

575 1521 1444 129 klaͤrlichen offenbar auß den obgemeltẽ woꝛ

579 1601 1433 135 ten das ſeÿder die criſtenheit geſtanden iſtt.

575 1681 1435 135 das die reÿch der criſtenheit nie ſo vaſt mitt

579 1762 1429 140 jnwendigen kriegen verwuͤßt vnnd eroͤpte

575 1840 1424 153 ſeind woꝛden ſo ſer das kein zung auſſpre⸗

572 1926 277 116 chen ma

1250 1953 687 118 Das ſich die criſten

894 2026 731 118 nicht beſſeren woͤllen.

645 2101 1349 138 Zuͦ dem letſten ward gefraget von ď vn⸗

563 2188 1420 140 buͤßwertikeÿt der criſten menſchen. Iſt dÿe

565 2275 1418 170 antwurt das es hant iſt vnd am tag lÿget
