2402 3280
687 342 982 102 Der ander teÿl diß Traetats.

688 420 1083 110 uͦ dem andern gelid oď teÿl des er

687 506 1078 119 ſtẽ teÿls ſo gefragt wirt Ob auß

707 586 1069 121 den ſelben bewaͤrten geſchrifften

725 676 1051 111 nüg erklaͤrt vnd erkannt werdẽ

349 759 1429 130 von was ſünd wegen die criſtenlich kÿrche

349 845 1429 120 mit einer ſo herben vnd ſcharpffen peiniguͦ

360 931 1415 120 ge geſtrafft werd. Iſt geantwurt vnnd ge

364 1016 1420 122 ſpꝛochen Ja. Dann ſeÿtmals niemandt ge⸗

357 1106 1432 114 leczt vnd belaidiget wirt dann allein võ jm

359 1186 1430 126 ſelbs nach den woꝛten ſant Criſoſtimi jn dẽ

357 1277 1429 117 buͦch das geheiſſen iſt das niemant belaidig

364 1364 1429 97 te wirt dann von jm ſelber. Vnnd nach den

362 1434 1433 114 we ꝛten ſant Auguſteins jm buͦch Encheridi

364 1519 1429 115 on. Alles vnſer übel iſt oď das wir tuͦn oder

364 1605 1429 113 das wir leÿden durch das übel das wir tuͦn

364 1692 1432 124 dielſchuld zuͦ verſteen durch daz übel dz wir

364 1783 1431 124 leÿden die pein. Vnd ſeÿtmals ein gemeine

368 1875 1427 113 regel der goͤtlichen lerer iſt das zuͦ geleÿcher

373 1953 1423 107 wepß als der lon nit geben wirt dann auß

373 2028 1423 122 verdienen alſo auch die pein nun allein auß

369 2111 1431 132 der ſünd. So muͤß man beſchlieſſen das dÿe

437 2204 1354 124 egen wertig peini gung nun allein von vn

382 2292 1396 127 ſer ſchuld vnd ſünd wegen wirt angetam
