2402 3280
246 351 1417 119 der vihiſcheÿt das iſt mit dem vihe. Vnd ſo

246 430 1425 127 man die ſünd jn eÿnerleÿ geſchlaͤcht thuͦtt.

253 515 1418 122 als man mit man etcz. Vnd die drit geſtalt

255 592 1407 142 diſer ſünd wie wol ſÿ nit ſo gemem iſt. So

262 683 1416 135 ſeind doch die zwuͦ andern vaſt gemein vñ

251 768 1440 130 darumb wirt das ÿecz erfült von der criſten

253 856 1418 118 lichen kirchen das voꝛ langen zeÿt en von d

256 934 1418 135 ſinagog geweÿſſagt iſt woꝛdẽ. Die boßhei

256 1022 1427 126 te meines volck iſt groͤſſer woꝛden dann die

264 1107 1423 135 ſünd Sodoma die da jn einem augenplick

266 1197 1419 133 verſenckt iſt woꝛden. Darnach ward wider

264 1286 1410 120 das geredt daz ein ſoͤlliche ſtraffung ď ſünd

262 1361 1427 129 des criſtenlichen volcks ſoͤl geſchehen von dẽ

267 1441 1426 135 türcken vnd vngelaͤubigen ſo doch die Cri

271 1528 1427 133 ſten mer mit diſen ſünden vergüft ſeid denn

269 1609 1436 131 die criſten. Iſt das die antwurt das dz Cri⸗

271 1696 1416 138 ſtenlich volck ein erwoͤlts volck iſt von got

273 1785 1421 137 jn die überkonmung oď gewÿn des ewigẽ

273 1873 1427 129 reÿchs. Darumb werden der criſtẽ ſünd mit

273 1958 1425 124 diſer peinigung barmhercziklich heim geſuͦ

282 2040 1420 135 chet nach der red des pꝛopheten Amos am

280 2111 1422 144 driten capitel. Darumb daz jch eüch erkennt

287 2199 1411 148 hab auß allen geſchlaͤchten der welt darübe

289 2288 1400 151 hab jch über eüch heÿmgeſuͦcht eüer ſünde.
