2394 3260
322 318 1414 151 ter nit mer leÿden will das ſeinem eingepo

322 403 1425 147 ren ſun ein ſo groſſe vnere erzaigt wird jn

326 479 1424 162 ſeinem geiſtlichen opffer. Vnd nach dẽ woꝛ

318 561 1432 170 ten ſancti Gregorij. So wirt got durch kein

395 659 1350 154 eſchlaͤcht der menſchen mer belaidigt dann

329 735 1423 161 durch die boͤſen prieſter. Vn d auch von der

337 818 1417 160 ſelben vꝛſachen wegen ward vil geredt vo

344 912 1408 147 der wirdigen vnd vnwirdigen nieſſungen⸗

337 992 1422 152 des ſacraments. Vnd wellichs werd geheiß

340 1079 1434 165 ſen ein wirdige nieſſung vnd wellichs nicht

340 1173 1430 152 die da alle von jr lengin wegen ſeind vnder

349 1262 1425 143 wegen gelaſſen ſo ſÿ doch nit vil dienendt⸗

358 1340 1423 141 zuͦ diſer materi. Seÿtmals das es allein iſtt

355 1421 1430 143 offenbar das der mer ſeind dÿe das ſacram

357 1501 1431 154 ent vnwirdiklich nieſſent dann wirdiklichẽ

367 1601 1418 144 Auch jn der zal der laÿen die das nun eines

360 1682 1428 150 mals jm jar empfahent von den man die ob

376 1764 1410 157 geſch riben ding auch beſtaͤten mag. Vñ auß

371 1861 1430 131 diſen iſt erkannt dÿe ant wurtt zuͦ den er ſten

378 1948 1427 122 zweÿen widerreden vnd auch argumenten

384 2026 1422 140 dÿe da geend auß der mengin vnd vilj der

380 2111 1434 140 empfahung des zarten fꝛonleÿchnames vñ

387 2198 1423 136 roſenfarben pluͦtes vnſers lÿeben herꝛen Je

395 2283 1419 167 ſu erſti dÿſes ſacramentes vnd nit von der
