2394 3260
376 354 1409 149 Zuͦ dem vierden wie ſÿ über zewÿnden ſei

369 443 1414 147 ent vonn dem gewalt vnnd macht des Zoͤ⸗

371 561 560 123 miſchen reÿches.

761 615 911 131 Ein antwurt der erſten frag

454 691 1338 156 Zuͦ der erſten frag iſt geant wurt woꝛdẽ.

395 778 1410 147 Das durch den eingang des frides durch dẽ

407 869 1396 145 ſÿ gewÿnnen werdent dÿe künigreÿche der

393 949 1417 150 Criſten wirt verſtanden der frid der vngelaͤ

387 1041 1427 147 bigen den ſÿ vonn den criſten gewÿnnend tt

398 1119 1419 154 vnd habent ſo dÿe criſten ÿecz jn vil verga

402 1217 1421 141 gen czeÿten kein ſtreÿt durch ein gemeÿne

404 1294 1420 144 moͤꝛfart wÿder ſÿ gehebt habend. Vnd het

404 1378 1424 136 ten dÿe criſten das gethan vnd hettend den

411 1454 1419 145 vngelaubigen dÿe ſtat des frides nicht gebẽ

418 1537 1412 149 So het das riſtenlich volck nit ſouil ſchadẽs

413 1626 1422 141 empfangen. Vñ darumb das das criſtenlich

422 1724 1419 132 volck vnder jm ſelbs geteÿlt vnd vneÿnes

422 1805 1426 138 iſt vnd nicht mit den vngelaubigen geſtrit

429 1896 1414 121 ten hat von des gelaubens wegen als offtt

431 1974 1410 128 ettlich keÿſer vnd groß herꝛen gethane ha⸗

433 2048 1410 138 bend. So iſt von not wegen das hernach koͤ

436 2135 1416 143 men. Das alſo durch den eingang des frids

442 2229 1408 134 dÿe vngelaubigen den criſtgelaubigen mẽ⸗

454 2318 981 157 ſchen jree land abgewÿnuendt
