2417 3296
740 397 1442 117 jar für ein tag. Geleÿch als ſiben tag machẽ

734 490 1437 108 ein wochen. Alſo auch ſiben jar machent ein

734 582 1437 101 wochen das die wochen hie geheÿſſen wer

731 659 1440 110 de ſiben jar vnnd nicht ſiben tag. Vnnd dÿe

729 741 1444 115 weÿß oď maß wirt offt gefunden jn der hei

729 825 1444 118 ligen geſchrifft als Danielis am neüntẽ Ca

731 917 1433 110 pitel Criſtus wirt getoͤt werden nach zwej

734 997 1430 114 vnd ſechczig wochen. Do hat Daniel dur⸗

731 1080 1433 117 ch ein ÿeckliche wochen ſiben jar verſtandẽ.

734 1243 1435 115 ſiben wochen der jare. So nun Methodius

872 1166 1299 104 tem Leuitici am ger. Du wirſt dir czelẽ

745 1323 1435 125 ſpricht bis zuͦ der zal der zeÿt acht wochen ď

740 1422 1418 106 jar zerechnen acht wochen der jaͤr machend

738 1499 1424 123 ſo vil als acht wochen der tag das iſt ſechß

734 1585 1428 127 vnd fünffczig jar. Von diſer rechnung we⸗

743 1673 1415 119 gen der ſar warde vil darwider geredtt. Ob

740 1750 1422 128 dÿſes ende het abgelaſſen vnnd vergangen

738 1831 1112 117 waͤr od ob das ende nahent waͤre.

945 1917 1211 130 Diſer Tractat iſt gemacht woꝛden

901 2010 1252 119 nach Criſti gepurt m ccce lexiiij. Jar.

778 2092 1373 119 Do ward beſchloſſen vnnd erfunden das

721 2179 1432 126 das ende noch nit vergangen waͤr. Sunder

718 2268 1435 123 man hoffte es waͤr nahend darbej das war

720 2347 1425 148 de aljo erlaͤrt Wenn die ſtat Conſtantino⸗
