2417 3330
731 308 1426 123 der da auch ÿeczen beÿ dem keÿſer iſt vnnd

736 395 1429 121 fraget von jm wie vil jar ſein vatter hette

729 484 1427 117 gekrieget wider die criſten. Vnd er hette ge⸗

718 567 1445 123 ant wurt das ſein vatter wenig jar voꝛ ſein

718 658 1443 117 er gepurt die krieg het angefanngen wÿder

712 734 1445 128 dÿe criſtenheÿt. Vnd als der pꝛuͦder fragete

714 828 1438 119 wieuil er jar alt waͤr da het er jm geantw⸗

710 910 1442 122 urtet das er jn dem ſechzehenden jar waͤr vñ

714 991 1438 130 die frag was geſchehen zweÿ jar voꝛ diſem

721 1074 1431 128 jar jn der ſtat Laurienſi die man auch heÿßt

714 1159 1436 124 Zab jn dem künigreych zuͦ vngern Darwi

712 1233 1442 132 der ward gar tieff geredt vonn etlichen vaͤt

719 1322 1425 133 tern wie ob diſe zal der jar geiſtlichen waͤre

714 1406 1430 138 zuͦuerſteen vnd nicht nach den buͦchſtabẽ ze

708 1494 1429 141 rechnen. Deßgeleÿchen auch als der ſelbige

710 1576 1425 146 Methodius jn dem ſelbigen buͦche offt dÿe

712 1672 1427 133 geyſtlichen zal mer ſeczet dann die nach den

703 1750 1436 137 buͦchſtaben. Do ward geant wurt. Das nitt

699 1840 1432 132 werde geſehen der warheÿt geleÿch das Er

705 1911 1421 148 geÿſtlichen rede jn dÿſer zal der jare. Dacuͤb

694 2005 1430 137 das er nicht geÿſtlichen geredt hat jn der be

690 2090 1430 144 ſchreÿbüg keÿner truͤbſalin noch durchaͤch

690 2183 1425 136 tung. Sunder allain hat er geredt vnnd ge

692 2268 1427 155 ſagt nach der hÿſtoꝛÿen vnd auch nach den
