2381 3260
306 297 1404 155 zewiſſen. Auß wellichen woꝛten beſchloſſen

300 387 1417 143 ward wie wol das es heÿmlich vnd vpoꝛ⸗

356 472 1367 147 en waͤr von dem ſig od victori zuͦ behalten

300 556 1425 144 wider die vngelaubigen doch waͤr niemant

306 635 1420 161 zuͦ zweÿflen von dem ſtreit vnd kriegen vn

318 729 1218 136 das von diſem Capitel genuͦͤg geſagt

521 802 1209 148 Kein ſtreit iſt vnďwegen zelaſſen mit

405 891 1320 144 den criſten auß der voꝛcht der verluſt des

411 1008 587 116 ſigs oder victoꝛj⸗

414 1052 1327 157 Darwider ward geredt das diſer erklaͤr

320 1148 1417 156 ung moͤchte pringen das criſtenlich volcke.

324 1233 1415 148 jn einen groſſen ſchꝛaͤcken zuͦ der zeit des ſtr⸗

326 1323 1420 134 eÿten vnd kriegen allweg fürſich zenaͤmen

331 1399 1417 151 von der verluſt des ſigs. Do iſt geant wurtt

333 1485 1419 141 woꝛden nit auß den voꝛgemeltẽ woꝛtẽ wẽn

331 1568 1421 136 die ſelb geſchrift. Das kein volck noch reich

333 1653 1421 140 werde das ſÿ müg überwinden. Das iſt czuͦ

338 1738 1417 154 verſtan gegen der letſten außtilgung vnnd

342 1831 1410 135 ver treÿbung deſſelben volcks aber nitt ge⸗

396 1910 1352 147 en den ſtreÿten ſÿ ſeÿent beſündert oder ge

346 1994 1413 150 mein ſtreÿt die da voꝛ jrer vertilgung vnd

364 2077 1399 152 vertreÿbung geſchehen werden. Vnnd dar

353 2164 1401 145 umb iſt kein ſtreit noch kriege vnderwege

371 2243 1386 176 zelaſſen. Seÿtmals allweg ein nuczberkeif
