2418 3308
678 339 1451 114 woꝛten ſo ſeind ſÿ doch tieff jn der mainüg

684 424 1434 108 vnd außlegung. Das erſt iſt das das roͤmi⸗

680 510 1451 114 ſche reÿch ſeÿ ein hÿmliſch reÿch Zuͦ dem

672 599 1451 104 andern das daz reÿch allein ſeÿ zenennen ein

671 683 1447 96 reÿch der criſten. Zuͦ dem driten das durch dz

669 766 1346 108 reÿch die türcken überwunden werdend

680 854 1430 110 Oz erſt das daz roͤmiſch reÿch jn ď geſch⸗

665 937 1453 114 riffte all wegen wirt geheiſſen ein himliſchs

667 1023 1454 103 reÿch das iſt alſo erklaͤrt woꝛden wenn daz

665 1106 1456 114 reÿch iſt czuͦm erſten geweſen jn den perſ en

672 1190 1446 105 vnd meden. Zuͦ dem andern iſt geweſen vn⸗

667 1269 1454 122 der den kriechen zuͦ des groſſen Alexaders zei

665 1354 1444 116 ten. Zuͦ dem driten vnder den roͤmern. Vnnd

663 1438 1449 120 darumb das die zuͦkunft criſti allain vnď dẽ

663 1529 1435 113 roͤmiſchen reÿch iſt geweſen darumb wirdt

667 1613 1442 121 das allain vnd den andern das hÿmliſchrei

665 1699 1431 120 che genen net. Es wirt auch genennt dz reÿ

667 1782 1432 112 che der criſten dann allain vnder der gehoꝛ⸗

667 1856 1432 128 ſam der roͤmiſch kirchen iſt die war geiſtlÿ⸗

660 1946 1441 125 cheÿt des gelaubens vnd das heÿl der ſelem.

661 2036 1435 117 Seÿtmals das die gehoꝛſamikeÿt vnd vn

656 2113 1442 132 dertaͤnig zeſein einem roͤmiſchen biſchoff iſtt

658 2199 1436 129 ein notturft des heÿls. Als ſammt Thomas

665 2284 1416 154 ſchreÿpt jn ſeinem tractat wider die jrꝛüge
