2460 3264
375 359 1439 103 Diſes feüer vnd diſes ſchlagen wirt werdẽ

370 444 1445 101 bald jn der criſtenheit. W enn got der da hat

384 524 1426 114 geſpꝛochen wenn jch da empfahen wird die

373 609 1435 110 zeit ſo würd jch vꝛteilen die gerechtikeit der

370 696 1429 103 wirt noch jn kurczer zeit über die criſten er⸗

370 779 1431 107 kücken als ein ſchwaͤren vnd groſſen zoꝛen.

370 859 1436 105 wenn ſÿ nun dẽ zehenden teil ď truͤbſal wiß⸗

368 948 1435 96 ten vnd verſtuͤnden es wurdent jr vil vonn

373 1031 1432 107 voꝛcht vnd ſchmerczen ſterben. Vnnd allſo

370 1117 1426 114 werdent ſÿ bezwungelich jren ſchoͤpffer er⸗

371 1209 291 116 kennen

990 1207 660 111 Die eÿßnin zeÿt

678 1294 727 104 jn der wir ÿecz ſeÿen.

373 1369 1426 114 Vnd ob wir diſe ding eben mercken So

362 1457 1464 102 mügen wir ſprechen das die ſaul das iſt die

364 1541 1439 103 criſtenlich kirch kommen iſt von dem guldi

366 1626 1440 111 haubt zuͦ den eÿpen ſchinbainen das iſt die

375 1717 1426 109 zeit jn der wir ÿeczo ſeind. Darumb wÿrtt

377 1807 1422 109 zÿmlich geſpꝛochen das der ſtand des geÿſt

366 1891 1426 103 lichen lebens ſeÿ geſeczt jn ein val vom gol⸗

368 1971 1428 105 de zuͦ dem eÿſen das iſt vonn der jnpꝛünſtig

362 2054 1432 105 keit ď lieb zuͦ d verhoͤꝛtung vnd vͤſtockẽ jn

362 2139 1434 109 ſünden vnd kein buͦß zewürcken. Vñ wz iſt

364 2228 1422 109 noch überigs von der ſaule waͤrlich nichſſen

371 2315 1415 125 dann die fuͤß wellicher ein teil von eÿſen vñ
