2453 3302
623 377 1455 123 der ander von laÿm oď erden was das wirt

623 464 1464 130 die zeit des endecriſt ſo er gepoꝛn wirt. Jn d

631 554 1455 122 zeit werden die menſchen wi der anfahen vo

623 640 1464 119 eÿſen zeſein dz iſt Sj werdẽ verſtockt jn ſün

627 722 1464 129 den mer dẽn voꝛ geſagt iſt dz ſÿ ſich nit beÿ⸗

636 814 1448 125 ſern vnd werden vngeſchickt vnd ſcharpff

632 897 1457 130 ſich nit zuͦ erbarmen vnd kalt got nit lieb ze

632 988 1455 116 haben ſÿ werden hoffertig die welt lieb zuͦ⸗

636 1067 1453 123 haben vnd werden hoͤꝛt das ſÿ nit gelaubẽ

638 1152 1453 121 die ſtuck des criſten gelauben o wie hoͤꝛt dz

640 1236 1453 123 eiſen wirt des letſten teils der ſaul das iſt d

640 1324 1458 121 criſtenheit ſo ſÿ verlaugnen gotes vnd dẽ ge

643 1407 1463 124 lauben das ſÿ ď zeitlichẽ pein mügen entrin

640 1495 1460 124 nen es wirt dẽn wol ď letſt teÿl ſo ď endcriſt

651 1584 1446 120 gepoꝛn wirt wenn das end ď welt wirt ge⸗

653 1671 1451 112 rechnet mit jm dẽn wirt die criſtenheit von

658 1750 1451 115 dẽ laÿm oď erden wenn die menſchen wer⸗

658 1832 1453 119 dent flaißlich den ſo wirt das geſacz der Ce

656 1922 1457 121 nit mer gehaltẽ noch grad der ſipſchaft maͤ

664 2012 1440 114 wirt nit vaſten noch vermeÿden dz fleÿſch.

665 2093 1439 117 Sunď all menſchen werden vnkeüſch fraͤſſ⸗

671 2170 1438 126 ge on abpꝛuch leiplicher gelüßt gencz liche

678 2263 1439 116 on maͤſſikeit geitig hoffertig on demuͦͤtikei

671 2348 1437 117 te vnd on armuͦt traͤg vnd muͤͦſſig on allen
