2453 3302
572 412 1449 121 donoſoꝛ wirt werden ein groſſer fürſt. Der

572 500 1451 121 wiꝛt jn der criſtenheit auferſtan jn den letſtẽ

576 588 1449 125 zeÿten vñ wirt ſiczen jn ſeiner vnwirdikeit

570 671 1448 123 das iſt jn der erkannten angſt. Diſer Nabu⸗

570 752 1455 134 chodonoſoꝛ wirt aͤngſten die welt vñ wirt

566 845 1461 121 betruͤben die herczen von wegen des abgotz

570 930 1461 130 den er wirt machen. Vñ diſe aͤngſtung wirt

574 1021 1457 114 erkannt wenn got wirt jn vnd den abgott

574 1096 1462 125 eins boͤſen todes toͤtten vnd denn werdendt

579 1179 1453 127 jr toͤd erkannt durch die ganczen welt. Dẽn

577 1265 1454 131 wirt erklaͤrt die gancz boßheit ſeins herczen

583 1351 1449 133 vnd ſein falſche heilikeit wirt czerſtoͤꝛt. Na⸗

577 1440 1454 137 buchodonoſoꝛ iſt auch alls vil geſpꝛochen

579 1531 1455 129 als ein weiſſagender das zaichen diſer welt

590 1614 1442 126 vnd wellichs iſt das zaichen das vns zaigt

590 1698 1444 127 das ende der welt waͤrlich wir mügen nicht

598 1781 1438 135 ſprechen das die ſunn ſeÿ geweſen ein zaich

592 1865 1428 127 en des ende der welt da ſÿ czuͦ den zeiten Jo⸗

590 1951 1439 134 ſue hinderſich gieng gegen dẽ aufgang ſun⸗

588 2043 1444 130 der ſÿiſt geweſen ein anzeigen des ſigs des

588 2122 1446 134 volcks von jſrahel wiď jr veind Amalechi⸗

592 2214 1440 123 tes. Wir mügent auch nit ſprechen das dÿe

598 2291 1433 137 ſunn zuͦ den zeiten des künigs Ezechie dz ſt

599 2379 1428 147 jm hoꝛologij des tepels r lini hind ſich giẽ.
