2460 3264
435 406 1380 130 je ſej geweſen ein zeichen des endecriſt ſun⸗

393 491 1419 141 der ď geſuntheit des küngs ezechie. Auch iſt

390 574 1418 133 die ſintfluß nit geweſen ei zeichen des end d

375 661 1431 133 wenn es wurden da behalten etwo vil maͤ⸗

368 745 1433 130 vnd frauen die welt zuͦ meren auch vÿl anď

368 832 1431 123 Jaichen die jn den planeten geoͤffnet ſeÿnd.

373 903 1423 143 Seind nit geweſen zeichen des ende ď welt.

359 984 1435 149 ſunď der verkerung oď verſenckung eÿner

359 1077 1424 139 ge gẽd oď eins künigreichs od eins künigs

353 1162 1441 147 oď fürſten. Spꝛaͤcheſtu. Wz wirt aber dz zei

350 1249 1438 149 chen diſer welt waͤrlichen die ſchlang waͤn

348 1338 1433 138 Wenn der engel lucifer jn vnoꝛdenlicher vn

346 1421 1428 131 zuͦgehoͤꝛender weiß hat gelaſſen das zaÿchẽ

348 1499 1422 143 ſeiner aigen pildnuß da er gefallen iſt vnd

330 1577 1438 160 anſich genoͤmen hat die pildnuß der ſchlan⸗

331 1675 1428 143 gen welliche pildnuß iſt geweſen dem men⸗

335 1762 1417 154 ſchen ein zaichen da die meſchlich natu rgey

324 1851 1432 143 ſtlich vnd leÿplich gefallen iſt da het ÿe der

315 1933 1437 146 erſt ſtat dz iſt die vnſchuld ſein end waͤn het

313 2010 1424 149 adam nit geſündet ſo waͤr er ewig geweſen

317 2099 1417 156 vñ waͤr ď menſch nit auß dẽ paradeiß getrÿ

324 2188 1397 158 ben woꝛden. Alſo zegleÿchen die ſchlang ge

310 2282 1415 147 weſen iſt ein zaichen des endes des menſchẽ.

301 2364 1407 167 alſo iſt ď welt ende. Auch waz ſÿ ein abgott.
