2456 3302
658 425 1469 112 das ſÿ jn erwoͤlen wann er iſt voꝛ durch Jn

646 520 1450 98 erwoͤlt. Sunder ſÿ werden darumb geſam⸗

642 603 1461 105 let das ſÿ den abgot aufrichten vnd offenba

640 691 1459 103 ren der da gemacht iſt durch diſen fürſtẽ als

640 774 1456 113 künig Nabuchodonoſoꝛ getan hat ď lÿeß

640 865 1454 107 guͦm erſten die ſaul machen darnach beſam⸗

636 950 1458 106 let er die maiſter das ſÿ die aufrich tetẽ vnd

649 1038 1476 99 verkündeten vnd wenn ď abgot aufgericht

642 1122 1457 103 vnd geoffenbart wirt durch die gancz en cri

635 1205 1459 101 ſtenheÿt ſo wirt er gebieten wann maͤ hoͤꝛe

636 1287 1463 105 die jnſtrument erhellen das iſt dÿe waÿbel

627 1375 1461 103 od bitel außrieffen das man den anbete Daz

635 1465 1455 107 iſt das jn ÿeterman aufnaͤm beÿ ď pein des

627 1555 1461 97 todes denn ſo werden jn anbeten all voͤlcker

629 1634 1459 105 der criſtenheit durch gewalt oď vmb ſun te

631 1715 1459 108 außgenommen ſidꝛach miſach vnd abdena

638 1801 1454 110 go das iſt außgenoͤmen wenig außerwoͤ ltt

848 1893 1237 102 Hie ent ſpringent zwuͦ frag. Die eÿne

627 1966 1460 119 iſt das etlich leüt ſprechent das diß ſeÿ woꝛ

625 2065 1458 103 den erfült jn dem abgot der da zuͦ piſa gema

625 2148 1462 102 chet ſeÿ woꝛden wenn es haben jn alles vol

631 2232 1448 105 cke der criſtenheit anbetet außgenomẽ nach

624 2315 1452 115 den außlegungen ſidꝛach das iſt das reÿche

620 2401 1445 128 caſtel vnd das reÿch angelland wann hüp
