2456 3302
679 432 1457 107 des teüfels denn er wiet ſo erſchreck enlichẽ

677 524 1444 105 anzeſehen das jm all fürſten diſer welt ſo ſÿ

675 607 1461 112 jn ſehen oď hoͤꝛen werden ſein lob gehoꝛſaz

675 702 1463 95 vnd vndertaͤnig werdent. Wann als bald er

690 781 1441 108 geoſſenbart wirt ſo wirt er jn ď ganczẽ wel

671 873 1456 104 tete kein fürſten noch herꝛn haben der jm ge

668 963 1470 99 leÿch an dem gewalt ſeÿ wenn von des vol

677 1045 1465 103 ckes ſünd wegen wirt got verhengen dz er

680 1126 1456 103 gewalt wirt haben über all fürſten die wer

675 1210 1459 105 dent jn der welt ſein darumb wirt die figur

673 1300 1458 97 nit verſtanden von dem lautern ende criſtt.

675 1381 1463 101 waͤn als Nabuchodonoſoꝛs abgot hat ma

675 1474 1465 105 cher vnd auffrichter gehabt allſo wirtt au⸗

673 1559 1467 104 ch der letſt abgot voꝛ dem gemiſchten endcri

686 1639 1443 109 ſte macher haben das iſt den groͤßten fürſte.

675 1726 1456 102 der da tregt das zaichen der welt vnd wirt

680 1808 1451 108 auffrichter vnd verkünder haben geſamlet.

680 1894 1451 112 jn dem veld der beſchendung wann gott der

673 1979 1096 114 almaͤchtig wirt ſÿ baÿde toͤtten.

769 2072 1290 107 Sechczig prelaten vnd ſiben fürſten

772 2160 1037 103 werdent den abgot auffrichten.

725 2236 1395 117 Diſer abgot wirt ſechczig elenpo gẽ hoch

680 2322 1447 121 das iſt ſechczig prelaten werdẽ jn haltẽ für

677 2414 1448 126 einen paͤpſt mit gewalt oder vmb ſunſt. Es
