2460 3264
312 393 1438 121 ſterben od werdent fliehen jn die wuͤßt vnd

313 467 1437 131 einoͤd da werdẽ ſÿ vboꝛgen ſein mer dẽn iij.

319 556 1444 129 jar doch ſÿ werdend das vierd jar nit erlan

330 667 535 105 gen oď erfüllen

976 634 789 122 Was Miſach bedeüt

335 714 1422 150 Miſach iſt außgelegt ein lachung vonn d

330 816 1444 119 freüd das werden die werden dje auß v̈hen

326 897 1442 122 cknuß gots mit freüden bis zuͦm tod werdẽ

335 984 1435 120 fechten wider diſen abgot vmb die warhei⸗

335 1075 1444 114 te ď criſtenheit vñ werden ee er woͤlen zeſter

335 1164 1444 114 ben mit eren dann zeitlich vñ vnerberklichẽ

339 1265 245 98 leben.

856 1253 747 110 Was Abdenago ſeÿ

457 1336 1324 120 Abdenago iſt als vil geſpꝛochen als eÿn

351 1418 1434 119 ſchweigenď knecht dz werden die leüt dÿe

350 1497 1438 118 wed guͦtz noch boͤß wiſſent als die vnſchul⸗

351 1586 1446 114 digen vnd frauen vñ vil anď die nichß vmb

357 1679 1440 110 diſe jrꝛung wiſſen werden mit den wirt ď re

362 1762 1441 129 chte papſt diſpenſiern vñ ob er nit diſpẽſie

359 1851 1440 121 ret mit jn ſo entſchul di gt ſÿ jr vnwiſſenheit

370 1938 1435 107 dann ob ſÿ die jrꝛuͦg wißtẽ ſy ſturbẽ ee dẽn

380 2012 1421 124 ſÿ die auffenthielten. Diß werdẽ ſein die ſch

371 2116 664 107 weigenden knecht.

1157 2099 642 107 Die criſtẽ werdẽ

460 2188 1169 118 von recht wegen jn die wuͦſt fliehen

395 2272 1415 134 Es werden auch etlich auß dẽ cri te fliehẽ

386 2366 1426 127 jn eindd ſtet da dÿſer abgot nicht ſein wirtt
