2460 3280
333 357 1434 109 ſcat lief vnd bezaichnet alle die ttauren vñ

337 446 1428 95 wainen mit de zaichen thau. Ich ſprich das

337 533 1436 92 diſer nian wirt ď war papſt ď wirt ď gem ÿ

333 614 1440 103 ſchet endecriſt durchaͤchten ď wirt geklidett

331 696 1440 111 mit leinen cleÿďn das iſt mit weiſſen cleidn

333 787 1434 100 jn zweÿ mainungen. Eine iſt das ď recht pa

335 872 1432 95 pſte alſo alt wirt das er am har vnnd leibe

329 945 1442 113 weiß wirt denn er wirt kein lock harß habẽ

329 1033 1440 115 d nit weÿß ſeÿ. Zuͦm anďn das er wirt ſeyn

328 1124 1441 109 keüſch wenn er wirt ſein ein ewige jückfra

328 1213 1432 106 we vnd die weÿß farb wirt ď keüſcheit zuͦ

333 1306 1427 95 geaÿgnet vnd alſo wirt er von alter vnnd

326 1383 1437 105 keüſcheit wegen leÿnine weÿſſe kleider an⸗

326 1477 390 93 antragen.

852 1459 891 117 Er wirt ein ſchreÿbzeüg

641 1548 727 102 tragen zuͦ den nÿeren.

404 1629 1365 113 Er wirt ein ſchreibzeüg tragen bej dẽ nie

326 1723 1439 111 ren ď ſchreibzeüg bedeüt den gewalt ď kÿr⸗

328 1809 1441 113 chen den diſer papſt waͤrlich tragẽ wirt vñ

322 1896 1440 102 kein anď dieweÿl er lebt zuͦ den niern dz iſt

329 1978 1433 99 zuͦ ſeiner conſciencz vnd gewiſſen wenn er

324 2060 1434 102 wirt on zwepfel wol wiſſen daz er ďrechte

328 2142 1428 110 papſt iſt. Vñ dz jrs oͤſteet wie diſer ſchreÿb

335 2234 1421 103 zeüg ď kirchẽ gwalt bedeüt ſo merckt dz jm

337 2310 1423 129 ſchreibzeüg v erlej ſtet ſeind daz iſt die ſtat
