2460 3280
309 335 1440 133 gewand meß leſen vonn der groſſen voꝛcht

309 413 1443 135 wegen vnd als Ezechiel jn den voꝛbeſtimp⸗

306 495 1448 144 ten pꝛopheceÿ geſehen hab alle die bezaich

315 581 1441 142 net waren vngeleczt vnnd vnu erſert beleÿ

317 663 1445 144 ben von der durchaͤchtung der ſechß mann.

342 745 1423 155 Alſo auch geiſtlichen alle die die diſe diſpen

329 836 1449 140 ſacion vnd nachgebung werden haben von

328 912 1437 143 dem waren weiſſen hirten werden ſein auß

331 1000 1445 144 dem gewalt der fürſten die da die criſtenhei

335 1102 1443 133 te durchaͤchten vnd auſſerhald der pein vn

337 1177 1441 147 leÿden den die ſelen leÿden werdent dÿe Jn

338 1266 1444 146 den falſchen papſt gelaubent vñ jm helffent

348 1344 1435 155 jn diſer durchaͤchtung ob ſÿ das nicht wÿď

348 1428 1441 135 umb reütent vnd beÿchten. Vnd ſo jr ſehend

351 1516 1442 142 diſe ding geſchehen ſo mügent jr die fürge⸗

360 1601 1434 146 legten woꝛt zÿmmlich ſprechen. Nempt wa

355 1685 1443 149 re der das iſt der ſtat der prieſterlichen wÿr

357 1776 1441 146 dikeit iſt geſeczt jn ein val. Alſo das das er⸗

371 1873 1066 135 füllet wirt durch die pꝛopheceÿ.

548 1949 1092 122 Der alt weiß man wirt ſehen den

512 2031 951 133 tod des gemiſchten endecriſt.

457 2108 1348 147 Dÿſer weÿſer alter papſt wirt ſehen dẽ

380 2208 1420 139 tode des groſſen fürſten vnd ſeines ab gots⸗

384 2286 1427 153 das iſt des gemiſchten endecriſts. So nuͦs ie
