2460 3280
375 371 1441 108 benenn noch den abgot wider den rechtẽ pa

377 453 1439 117 pſte noch den rechten papſt. Sunder maͤ ſoll

369 541 1444 107 mercken vnd hoͤꝛen die voꝛgenanntẽ bewaͤr

369 625 1442 118 ten geſchrift vnd autoꝛitates wann jch wil

369 708 1438 119 die nit beſtÿmmen die da ſprechen das ď ge

369 798 1103 120 miſcht endecriſt ÿecz gepoꝛn ſeÿ.

568 883 1157 108 Ein geſicht eins heiligen manns.

386 967 1408 113 Ich kenn einen menſchen der nach Criſti ge⸗

369 1051 1447 122 purt tauſent vierhundert vnd jm ſechczehẽ

369 1149 1444 108 den jar am ſechczehenden tage des monates

369 1230 1442 118 September als er ſein gebet gethan het ſa⸗

366 1319 1450 107 he er zuͦ dreÿ malen nach einander die ſiben

373 1401 1443 107 fürſten mit dem boͤſen papſt eingeen jn eÿn

369 1479 1447 111 groſſe vnd boͤſe ſtat mit groſſem geſind rei

364 1563 1449 111 ten vnd ſahe wie der ſelb boͤyß papſt durchaͤ

368 1654 825 113 chtet dÿe prieſterſchafft.

840 1740 907 113 Das ander geſicht deſſelben

368 1820 1443 126 Auch jn dẽ ſelben jar geleich am ende ſahe

369 1916 1440 99 er er eins mals jm geiſt nach ſeÿm taͤglichẽ

373 1993 1431 109 gebet das ď criſtenheit truͤbſaͤlj kamẽ czwuͦ

371 2075 1436 117 gewaffnot frauen die vaſt ſchoͤn warẽ mit

364 2162 1423 121 allen geſchlaͤchten der waffen jn eÿm groß

366 2250 1438 117 ſen palaſt einer weÿten ſtat die vachtẽ alle

369 2341 1429 120 auff pferden miteinander mit lanczen da dj
