2456 3280
736 415 1442 118 das zweÿerleÿ romania jn den hÿſtoꝛiẽ ge

747 513 1430 99 funden werden. Eine ligt bej kriechen vnnd

731 594 1447 107 iſt ein teÿl des kriechiſchen lands vnd iſt ge

725 685 1457 93 aͤnget vnd gewunnen auch von dẽ türcken

725 765 1448 106 Ein andere die heißt auch Zomaniola. So

723 852 1463 108 nun Methodius Zomania jn einer gemei

727 953 1448 91 genennt hat das er nit die oď die beſündert

723 1025 1450 106 hat. Daru mb hat man es laſſen beleÿbend

731 1113 1444 98 jn einem zweÿfel. Doch was einer der argu

723 1186 1452 107 ieret der ſpꝛach er het jn einem buͦchlin Me⸗

725 1262 1453 122 thodij geleſen. Die roͤmer werdend jn vder

722 1357 1451 113 bung vnd toͤttung was er aber warheit an

725 1445 1441 113 jm hab iſt es auch alſo von den vaͤtern belÿ

718 1527 1442 122 ben jn zweÿfel. Es was auch ein ander ď ſp⸗

723 1610 1439 121 rach er het geleſen die woꝛt vnd geſchriffte

720 1694 1446 108 merlinj vnd etliche ander geſchrift eins jun

732 1776 1430 117 gers des apts Joachim die man auch geſch

732 1853 1432 125 riben vindt jn einer alten bibel des küniges

727 1940 1439 130 Arꝛogonum oď Arꝛogoniſchen die ſagendt

723 2031 1439 111 naͤmlich von einer wuͤſtung welſcher landt

727 2111 1428 119 die da geſchehen ſoͤlle durch die türcken vñ

731 2197 1424 126 dÿe pꝛopheceÿ hat man gmeinklich jn wel

727 2279 1424 129 ſchen landen jn vil ſteten dÿe laßt man hÿe

729 2368 1415 139 von kürcz vnderwegen Auch darumb das
