1493 2458
327 252 379 293 16
715 251 941 305 21. Juli 1779
321 323 1371 385 conscience. Ce fut aussi l'unique bien qui me restoit, je
321 382 1368 443 suis retablie aprésent tout à fait dans l'opinion des gens,
319 436 1372 497 on se repentit de m'avoir offensé si cruellement, mais
322 494 1372 555 je n'oublierai cependant jamais ce que j'ai souffert. Je
325 551 1371 607 Vous assure que je remercie dieu souvent de tout mon
318 604 1371 666 coeur de ne m'avoir pas fait belle, quand je suis exposé
318 663 1370 723 à tout cela aprésent, que ne seroit ce alors? — Je suis
318 718 1371 778 sincere avec vous, ma Julie, que j'aime au dela de toute
319 775 1370 832 expression, je Vous ouvre mon coeur, et Vous, ame
325 832 1368 886 genereuse, partagés mes peines, Vous cherchés à me con-
321 887 1368 943 soler, et Vous seule y pourrés réussir. On m'a deja re-
319 943 1368 998 proché que je regardois toutes les choses du coté le plus
318 998 1368 1056 noir, je cherche à m'en persuader, mais souvent il arrive
318 1055 1367 1112 que ma melancholie est encore plus forte que ma gayeté
318 1110 1367 1166 naturelle, et qu'elle triomphe de toutes les raisons que
319 1164 1367 1223 je lui allegue. J'ai trouvé ici une amie, c'est Madame
318 1222 1365 1274 Less, elle me corrige et me console en même tems. Ah
318 1280 1367 1328 si Vous connoissiés cette femme exellente! Elle a trente
315 1332 1364 1392 ans, elle perdoit son unique fille il y a quelque tems.
316 1396 1363 1447 Son époux le digne Less l'a épousée sans la connoitre,
315 1447 1364 1499 mais il a vu de ses lettres, et il est vrai que son stile
315 1503 1364 1559 surpasse tout ce qu'on se peut imaginer. Elle est de
314 1556 1363 1611 Strasbourg. II ne peut point avoir un mariage plus heu-
314 1612 1361 1668 reux que celui la, elle m'a permis de la nommer mere,
312 1670 1361 1721 ah si je pouvois me rendre digne du nom de sa fille,
312 1723 1361 1780 alors je serois tout ce que je dois être. — — Julie, excusés
314 1782 1361 1838 les épanchemens de mon coeur, mais en puis je encore
312 1839 1360 1887 douter, ne Vous connois-je pas, et n'étes Vous pas la
314 1892 960 1945 plus tendre et la meilleure amie?
360 1944 1357 2000 Mon frere est arrivé vraisemblablement à Neuyorck,
312 2001 1359 2066 on veut deja avoir vu à Long eiland la flotte de
