1024 1528
588 122 617 149 4.
253 149 956 188 Lib. I. Elect. p.4oq. Imo locum, (ut Plinii voce utar) ſubdia-
253 179 956 221 lem qvemvis, utapud Homerum. Unde Athenæus per [...]
253 210 956 252 [...] exponit: & [...] unum ſunt & idem
255 245 360 290 Philoni.
315 269 956 316 2. Porrò qvia eo potisſimum tempore, qvo, ut Calpur-
258 306 498 351 nius Eclog.2. canit:
358 332 919 374 — — Flora comas parienti gramine ſpargit,
313 363 957 404 Et matura ſimul Pomona ſub arbore ludit, in locis ejus-
256 393 956 435 modi ſub dio patentibus, pecudes ſtabulari conſveverunt:
258 425 956 471 Aula apud Græcos, etiam pro caula adhibebatur.
260 458 956 501 Qvin & pro olla accipiebatur. Ita enim Taubmannus in Prol.
259 492 956 534 Aulul. ex Feſto: Aulas antiqvi dicebant, qvas nos dici-
259 526 956 573 mus ollas, qvia nullam literam geminabant. Tandem
260 563 956 604 qvoniam, obfervante Celio Rbodigino lib. 7. cap. 5. ante magna-
260 593 957 636 tum palatia, loca plerumqve ampla conſpiciuntur, & ſubdia-
260 623 956 666 lia: ideo Aula pro ipſis, ut ait Adrianus lunius, regiis fuit uſur-
262 652 956 698 pata; & qvidem apud Græcos plerumqve cum additamen-
260 683 958 728 to, vel,ut cum Artificibus loqvamur, cum appoſito, ſive ad
260 715 810 758 nomen addito: [...] vocat Herodianus.
323 744 960 787 3. Adhanc ipſam aulam, qvæ Architectonicæ ſcripto-
260 775 960 816 res de ædificiis publicis aliàs nobis fubjiciunt, accommodari
161 799 250 844 Aula, qvò
165 833 248 868 reſpiciat.
250 808 957 849 ferè posſunt omnia: Saluberrimam qvippe cenferi, non ut
263 836 959 880 rude vulgus opinatur, qvæ reſpiciat Septentrionem, ſed Me-
166 871 245 908 Ventus.
262 866 960 906 ridiem. Ventus enim à Septentrione proruens nimis eſt, ut
264 894 960 940 Ariſt. 2. Meteor. c. 6. teſtatur, frigidus & ſiccus. Et qvamvis
264 926 960 970 acrem purget, venena pellat, ac peſtem: nimia tamen conſti-
264 956 959 1000 patione valetudini affert detrimenti plurimum. Magir. I. 4.
264 990 958 1034 phyſ. c. 9. th.I 5. Aqvilo tuſſes movet, fauces exaſperat,
264 1023 958 1071 alvum indurat, urinam ſupprimit, horrores excitat,
266 1058 958 1102 lateris eſſicit & pectoris dolores. Sunt verba Medicorum
267 1091 961 1139 Dei, Hippocratis ſect. 3. Aph. 5. qvod fuſiùs Hollerius & Libau-
171 1134 242 1165 Eurus.
266 1125 959 1171 tius d. I. explanant. Eurus verò moderatè eſt calidus &
874 1172 961 1219 ficcus
166 988 241 1030 Aqvilo.
77 1303 554 1349 Herzog August Bibliothek Wolfenbüttel
353 1344 440 1386 Kodak
362 1378 430 1404 Gray Scale
128 1490 883 1524 © HAB http://diglib.hab.de/drucke/li-1876-1/start.htm?image=00014
