2127 2583
571 337 2012 433 gleichwie es der Leſer an ſeinen Orth finden
571 420 729 507 wird.
767 578 2012 678 IV. Die Entdeckung des Fehlers von denen
574 660 2009 756 Erſten Aebbten, reitzte mich, mehr und mehrers
571 747 2009 833 unſere alte Urkunden, Documenten, und Privile-
587 825 2012 916 gien durchzuleſen, bey deren Durchleſung ich beob⸗
572 902 2009 994 achtete, daß viles noch uͤbrig waͤre, unſere Hiſto-
574 978 2012 1070 rie mehr zu beſtaͤttigen, und zu erklaͤren, welches
575 1054 2012 1152 ich in der teutſchen Hiſtorie, ſo leicht nicht thun
575 1132 2012 1228 koͤnte; maſſen ich in dem Werck Cœleſtini Abbtens
572 1212 2010 1310 nichts veraͤndern wolte. Nach langen Bedencken,
571 1292 2009 1386 und eingeholten Rath, ſammlete ich diſe alte Di-
576 1374 2012 1462 plomaten und Documenten, ordnete ſelbe nach de⸗
574 1449 2010 1541 nen Jahren, und befliſſe mich ſo vil nur moͤglich,
576 1528 2012 1615 diſe Alterthumen mit einigen Anmerckungen zu erklaͤ⸗
574 1599 2008 1689 ren, und aus denenſelben die Hiſtorie unſeres Clo⸗
583 1676 2012 1773 ſters zu beſtaͤttigen, ja auf eine neue, von der teut⸗
585 1762 2010 1852 ſchen Erzehlung, unterſchidenen Arth vorzutragen,
578 1839 2010 1931 bedenckend, daß diejenige, ſo der teutſchen Sprach
579 1920 2009 2009 unerfahren, die alte Documenten aber zu leſen begierig
582 2001 2007 2089 waͤren, durch ſolche Anmerckungen, und Beyſaͤtze die
582 2077 2006 2176 Hiſtorie unſeres Cloſters in etwas begreiffen koͤn⸗
1890 2174 2006 2248 ten,
