2111 2572
291 300 1709 426 ten, und zugleich einigen Leſern des teutſchen Werck⸗
291 385 1222 492 leins nit unangenehm ſeyn wurden.
480 492 1705 634 V. Endlichen, um diſe Urkunden mehrers
291 580 1705 711 zu beſtaͤttigen, und dem Leſer ein Gefallen zu
281 655 1709 786 thuen, wollte ich die Sigilla, ſo in diſen Docu-
270 735 1711 861 menten zu ſehen, demſelben vorzeigen. Deren Ab⸗
287 812 1707 949 zeich⸗ und Stechung aber, weilen ich erſt zu Ende
283 887 1703 1026 des verfloſſenen Jahrs ſolches zu thuen mich ent⸗
281 964 1703 1116 ſchloſſen, die Herausgab diſes Cloͤſterlichen Re⸗
283 1060 1705 1198 genſpurgs aufgehalten. Da nun dieſe Hi-
274 1144 1703 1279 ſtorie, kein neues Werck, ſondern nur ein wi⸗
272 1221 1699 1361 derholte Auflag zu nennen iſt, ſo urtheile ich, daß
276 1301 1703 1436 ſelbe, wie ſie das drittemahl zum Druck befoͤrdert
272 1378 1694 1513 worden, auch anjetzo mit der nemblichen Zuſchriffr,
274 1451 1701 1586 und Vorrede Cœleſtini Abbtens vorgelegt werden
276 1526 1694 1671 ſolle. Es iſt noch uͤbrig, daß ich den Leſer erſuche,
344 1617 1630 1740 diſes alles ohne Vorurtheil zu durchleſen, und
467 1703 1506 1810 mir die begangene Fehler zu verzeyhen.
1586 2177 1686 2260 NB.
