2127 2583
442 297 1871 403 Abbt, Anno 1680. ſchon das drittemahl zum Druck
436 373 1870 492 befoͤrderet, in dreyen neuen Theilen (als das
463 463 1867 585 Staatiſche, Cloͤſterliche, und Kirchiſche
432 559 1860 673 Regenſpurg) (deme Er RATISBONAM SAN-
443 643 1866 781 CTAM, das heilige Regenſpurg, als eine Zu⸗
441 736 1866 854 gab beyfuͤgen wollen,) vermehrter heraus zu geben.
439 811 1862 925 Derſelbe hat auch ſein Verſprechen Anno 1729.
434 884 1866 996 durch Herausgebung des Erſten Theils RATIS-
437 953 1860 1093 BONÆ POLTICÆ, des Staatiſchen Re⸗
445 1056 1864 1177 genſpurgs, (in welchem Theil haubtſaͤchlich von
437 1142 1857 1276 dem Alter, Herrlichkeit, Zierde, Staats⸗
437 1237 1864 1368 Verfaſſung, und wichtigen Begebenheiten
432 1328 1860 1442 ꝛc. diſer beruͤhmten Reichs⸗Stadt gehandlet wird,)
430 1405 1860 1515 erfuͤllet. Er wurde die andere Theil zu befoͤrdern
426 1483 1864 1588 nicht nachgelaſſen haben, wann nit das anwachſende
430 1549 1860 1659 Alter, und vile andere Verrichtungen, endlich der
426 1620 1860 1734 Todt ſelbſten diſes verhindert haͤtte. Damit aber de⸗
419 1698 1860 1812 nen Begierden viler, weſche die andere folgende
430 1771 1857 1879 Theile zu bekommen mehrmahlen verlanget, einiges
432 1846 1865 1954 Genuͤgen geſchehe: Als habe mich entſchloſſen den
430 1917 1855 2049 Erſten Theil des Cloͤſterlichen Regenſpurg,
419 2001 1853 2120 RATISBONÆ MONASTICÆ, mittels diſes
419 2075 1853 2208 Buchs dem begierigen Leſer vorzulegen. Nach wel⸗
1697 2185 1848 2281 chen,
