2127 2583
508 320 1935 426 ſohnen etwas gefaͤlliges zu erweiſen, wann ich ob⸗
503 391 1939 505 gedachtes MAUSOLOEUM oder Hiſtorie, wel⸗
501 473 1935 579 ches wegen ſeiner angenehmen Verfaſſung, groſſen
501 542 1937 637 Beyfall gefunden, widerumben an das Tag⸗Liecht
503 619 1928 744 ſtelle, und mittels deſſen den Erſten Theil des Cloͤ⸗
503 708 1933 826 ſterlichen Regenſpurgs, (maſſen die Hiſtorie
495 794 1926 901 unſeres Stiffts ein groſſen Theil des Cloͤſterlichen Re⸗
513 876 1448 967 genſpurgs ausmachet,) vorſtelle.
691 1018 1926 1125 III. Es iſt ohnnoͤthig, allhier zu melden, was
497 1093 1926 1201 in diſer neuen Auflag, von mir darzu geſammlet
495 1168 1922 1269 worden; dann der Leſer wird ſelbes, durch die in di⸗
497 1241 1926 1360 ſe Hiſtorie von mir eingetragene Appendices, oder
490 1315 1922 1435 Zuſaͤtze, nebſt denen zu Ende deren Blaͤttern ge⸗
486 1407 1920 1500 machten Anmerckungen, nach Gelegenheit ſinden. Abbt
490 1485 1914 1574 Cœleſtinus hat ſeine Hiſtorie biß auf das 1650ſte
490 1549 1920 1646 Jahr verfaſſet: dahero ich anjetzo biß auf 1752. die
486 1620 1916 1722 Erzehlung fortgeſetzet. Ich befliſſe mich, ſo vil ich
482 1698 1913 1799 koͤnte, der Schreib⸗ und Verfaſſungs⸗Arth Cœle-
482 1773 1913 1876 ſtini Abbtens nachzufolgen. Indeme die lncidentia
477 1846 1911 1954 nur als Neben⸗Sachen anzuſehen; die Hiſtoria
475 1930 1903 2029 aber des Heil. Emmerami &c. und unſeres Stiffts
477 2010 1903 2107 ꝛc. der Haubtzweck des Verfaſſers (Cœleſtini Abb⸗
473 2090 1903 2229 tens) geweſen, als habe ich die Erzehlung deren In-
1705 2175 1900 2275 ciden-
