2456 3322
552 524 1484 153 abgetilget han. Als man lißt jm leben ſan tt

557 612 1479 148 Dominici vnd ſant Franciſcj da der almaͤ⸗

559 701 1481 153 chtige got voꝛ groſſem czoꝛen von der ſünde

553 791 1489 142 wegen der welt mit dreÿen lanczen wÿder

555 871 1489 151 die welt ſtach die da dreü ding bedeüten dz

559 961 1490 144 iſt die durch aͤchtung des endecriſt die zerrit

572 1044 1468 144 tung der welt vnnd den jungſten tage. Do

572 1135 1477 140 erwarb die wirdig junckfrau Maria vonn

576 1219 1471 148 jrem ſun ein kleine verziehung über das en⸗

577 1302 1481 143 de der welt. Das iſt das er erwartet die ver

572 1389 1485 150 kündung der zweÿer oꝛden ſant Franciſcen

585 1485 1475 133 vnd ſant Dominicj als man vindet jn jrem

581 1603 240 113 leben.

1028 1565 1027 121 Von ſant Dominicus vñ

1111 1659 781 109 ſant Franciſcen oꝛden

685 1731 1377 142 Die ſelben ſoͤlten predigen durch die gan

592 1828 1254 137 czen welt das ſich das bekerte zuͦ got.

938 1908 1045 127 Vnd die zeit hat gewert cl jar

666 1987 1409 146 Vnd diſe zeÿt wert alle die weil die pꝛuͤ⸗

596 2076 1481 151 der ďſelben zweÿen oͤꝛden jr regel vñ obſer⸗

600 2164 1464 154 uancz hielten dz iſt e vnd l jar. Vnd ÿeczo

605 2253 1468 144 zuͦ den zeÿten nement die zwuͦ regeln abe der

609 2340 1468 145 obſeruanczen halb. Es ſeind auch mer denn

616 2425 1470 162 l jar vergangen das die pꝛuͤď jn den zweien
