2484 3289
383 475 1452 129 iſt war worden daz Dauld geſpꝛochen hat

382 557 1436 126 von dÿſem eÿſen. Sÿ habent gedemuͦͤtigett

380 634 1436 149 jr fuͤß jn den eÿſen oď banden. Dz eÿſen iſt jr

380 721 1440 141 ſel durchgangen wenn als die pand leÿpli

371 809 1445 130 chen hindern das der gebunden nit geen kan

400 886 1409 129 Alſo geiſtlichen hindernd die ſünd dÿe ſele

365 975 1451 126 Wenn ein ÿeckliche ſel eins ÿecklichen men⸗

378 1057 1433 141 ſchen ſol geiſtlich geen vnd behend. Als Da

365 1156 1448 128 uid ſpricht. Sÿ werdent geen von tugent ze

372 1240 1428 132 tugent vnd got aller got wirt geſehen jn ſÿ

369 1322 1447 126 on wenn die ſel eins beſcheiden menſchẽ ſol

361 1403 1455 135 haben zwẽ fuͤß mit den ſÿ behend ſol gan võ

367 1491 1451 129 tugent zuͦ tugent Der erſt gerecht fuͦß iſt die

371 1578 1447 132 himliſche lieb der ander gelinck fuͦß iſt dÿe

371 1671 1447 119 voꝛcht der helle. Vnd wenn der teüfel dẽ mẽ

376 1754 1439 137 ſchen verſuͦcht von der ſünd ſo ſol er gedẽck

365 1849 1440 124 en wie die pein jn der hell bereÿt ſeind einez

369 1929 1444 130 ÿecklichen der die ſünd tuͦt von der er wirtt

365 2015 1433 128 angeſochten vnd wenn der menſch alſo ge⸗

360 2093 1449 141 denckt ſo wiďſtat er der ſünd. Zuͦ dem anďn

372 2185 1432 131 wenn ď teüfel anſicht das ď menſch von guͦt

367 2273 1431 131 tem laßt dz er hat angefangẽ ſo ſol er gedẽ⸗

369 2366 1422 142 cken das er dÿe genade das iſt die liebe gots
