2460 3354
683 527 2128 640 dern capitel. Du guͦtes volck ſo jch nun ſa⸗
682 622 2124 724 gen will von dem ende der welt nÿmme jch
672 704 2124 816 am erſten für mich das jch die weder ſcheltẽ
670 793 2122 901 noch loben will die da predigent das d wel
680 879 2115 987 te ende bald vnd kürczlich werde. Zuͦ
670 970 2120 1075 dem andern das jch die andern die da predÿ⸗
672 1058 2118 1158 gent das daz ende der welt nicht bald werde
669 1140 2124 1244 ſunder das es noch verꝛ ſeÿ auch weder lo⸗
659 1224 2113 1330 ben noch ſchelten will. Vnd das man müge
659 1311 2111 1419 erkennen wellichen woꝛtten billicher czuͦ ge
661 1393 2115 1509 lauben ſeÿ ſo will jch offenbaren dreÿ pꝛo⸗
669 1488 2115 1598 pheceÿen die da Daniel der pꝛophet ſchreÿ⸗
656 1572 2113 1682 bet am ij iij vnd iiij capitel. Die erſte
661 1656 2111 1766 die ſagt von dem val des geiſtlichen lebens
836 1749 2104 1844 Die ander von dem val der wirdikeÿt
657 1824 2109 1936 der kirchen Die drit von dem val des Cri⸗
665 1917 2109 2021 ſtenliches gelaubens. Wenn jr nun werdent
667 2006 2102 2113 ſehen das die pꝛopheceÿen nach einander er
654 2092 2102 2198 füllt werdent oď gewiſer daz jr erkennẽ mü
652 2183 2092 2286 gent wellicher ptediger am wareſten geſag
656 2265 2096 2373 te hab wenn alle geſchicht des alten Teſta⸗
646 2345 2083 2463 ment ſeind geſchehen jn einer figur. Ich ſag
644 2439 2089 2560 aber nicht bewaͤrte geſchrifft von dem ende
