2484 3289
405 438 1762 621 Hienach heht an ein wunder⸗
325 542 1771 708 berlicher tractat des heÿligen ſant Vincen⸗
334 632 1767 794 cÿ prediger oꝛdens von dem ende der weltt.
334 710 1774 878 Darjnn werdent dreü merckliche dinge be⸗
347 803 1776 955 griffen. Zuͦ dem erſten von dem val des
349 889 1782 1043 geyſtlichen lebens. Zuͦ dem andern von
338 968 1765 1121 dem val der wirdigkeÿt der heÿligen kirch⸗
350 1048 1778 1207 en Zuͦm driten vom val des criſtenlichẽ
349 1142 1789 1300 gelaubens. In wellichem tractat werdendt
354 1233 1772 1381 erklaͤrt vil truͤbſaͤlÿ die da zuͦ manigen zeÿ
354 1308 1787 1472 ten geweſen ſeind. Vnd etlich truͤbſaͤlikeÿtt
356 1395 1813 1547 die noch zuͦkünfftig werdent zuͦ einem groß
367 1487 1793 1637 ſen ſchrecken der gelerten vnd aller Criſtge⸗
1197 1564 1804 1681 laͤubigen menſche
1211 1651 1809 1787 Vñ zuͦm letſtẽ vo
1228 1744 1807 1869 zweÿerleÿ zuͦkun
1224 1832 1818 1949 fte des anticriſten.
1219 1927 1815 2026 das iſt des vermi⸗
1230 2006 1829 2119 ſchten vnd des lau
1222 2115 1367 2201 tern
1235 2134 1824 2294 Eptware dyſer
1206 2258 1817 2398 iſt geſetzet zuͦ ein⸗
1209 2357 1823 2513 val luce ande a
